<!DOCTYPE html>
<meta charset="utf-8" />
<!-- version 1 -->
<title>PU replay: kay くコ彡 vs. RawMelon</title>
<style>
html,body {font-family:Verdana, sans-serif;font-size:10pt;margin:0;padding:0;}body{padding:12px 0;} .battle-log {font-family:Verdana, sans-serif;font-size:10pt;} .battle-log-inline {border:1px solid #AAAAAA;background:#EEF2F5;color:black;max-width:640px;margin:0 auto 80px;padding-bottom:5px;} .battle-log .inner {padding:4px 8px 0px 8px;} .battle-log .inner-preempt {padding:0 8px 4px 8px;} .battle-log .inner-after {margin-top:0.5em;} .battle-log h2 {margin:0.5em -8px;padding:4px 8px;border:1px solid #AAAAAA;background:#E0E7EA;border-left:0;border-right:0;font-family:Verdana, sans-serif;font-size:13pt;} .battle-log .chat {vertical-align:middle;padding:3px 0 3px 0;font-size:8pt;} .battle-log .chat strong {color:#40576A;} .battle-log .chat em {padding:1px 4px 1px 3px;color:#000000;font-style:normal;} .chat.mine {background:rgba(0,0,0,0.05);margin-left:-8px;margin-right:-8px;padding-left:8px;padding-right:8px;} .spoiler {color:#BBBBBB;background:#BBBBBB;padding:0px 3px;} .spoiler:hover, .spoiler:active, .spoiler-shown {color:#000000;background:#E2E2E2;padding:0px 3px;} .spoiler a {color:#BBBBBB;} .spoiler:hover a, .spoiler:active a, .spoiler-shown a {color:#2288CC;} .chat code, .chat .spoiler:hover code, .chat .spoiler:active code, .chat .spoiler-shown code {border:1px solid #C0C0C0;background:#EEEEEE;color:black;padding:0 2px;} .chat .spoiler code {border:1px solid #CCCCCC;background:#CCCCCC;color:#CCCCCC;} .battle-log .rated {padding:3px 4px;} .battle-log .rated strong {color:white;background:#89A;padding:1px 4px;border-radius:4px;} .spacer {margin-top:0.5em;} .message-announce {background:#6688AA;color:white;padding:1px 4px 2px;} .message-announce a, .broadcast-green a, .broadcast-blue a, .broadcast-red a {color:#DDEEFF;} .broadcast-green {background-color:#559955;color:white;padding:2px 4px;} .broadcast-blue {background-color:#6688AA;color:white;padding:2px 4px;} .infobox {border:1px solid #6688AA;padding:2px 4px;} .infobox-limited {max-height:200px;overflow:auto;overflow-x:hidden;} .broadcast-red {background-color:#AA5544;color:white;padding:2px 4px;} .message-learn-canlearn {font-weight:bold;color:#228822;text-decoration:underline;} .message-learn-cannotlearn {font-weight:bold;color:#CC2222;text-decoration:underline;} .message-effect-weak {font-weight:bold;color:#CC2222;} .message-effect-resist {font-weight:bold;color:#6688AA;} .message-effect-immune {font-weight:bold;color:#666666;} .message-learn-list {margin-top:0;margin-bottom:0;} .message-throttle-notice, .message-error {color:#992222;} .message-overflow, .chat small.message-overflow {font-size:0pt;} .message-overflow::before {font-size:9pt;content:'...';} .subtle {color:#3A4A66;}
</style>
<div class="wrapper replay-wrapper" style="max-width:1180px;margin:0 auto">
<input type="hidden" name="replayid" value="pu-568906174" />
<div class="battle"></div><div class="battle-log"></div><div class="replay-controls"></div><div class="replay-controls-2"></div>
<h1 style="font-weight:normal;text-align:center"><strong>PU</strong><br /><a href="http://pokemonshowdown.com/users/kay" class="subtle" target="_blank">kay くコ彡</a> vs. <a href="http://pokemonshowdown.com/users/rawmelon" class="subtle" target="_blank">RawMelon</a></h1>
<script type="text/plain" class="battle-log-data">|j|kay くコ彡
|j|RawMelon
|player|p1|kay くコ彡|#kay
|player|p2|RawMelon|12
|gametype|singles
|gen|6
|tier|PU
|seed|38046,27023,37114,22506
|rule|Sleep Clause Mod: Limit one foe put to sleep
|rule|Species Clause: Limit one of each Pokémon
|rule|OHKO Clause: OHKO moves are banned
|rule|Moody Clause: Moody is banned
|rule|Evasion Moves Clause: Evasion moves are banned
|rule|Endless Battle Clause: Forcing endless battles is banned
|rule|HP Percentage Mod: HP is shown in percentages
|clearpoke
|poke|p1|Audino, M|item
|poke|p1|Dusclops, M|item
|poke|p1|Altaria, F|item
|poke|p1|Torkoal, F|item
|poke|p1|Golem, F|item
|poke|p1|Tangela, F|item
|poke|p2|Jumpluff, F|item
|poke|p2|Tentacool, F|item
|poke|p2|Zebstrika, F|item
|poke|p2|Pawniard, M|item
|poke|p2|Golem, M|item
|poke|p2|Ursaring, M|item
|rule|Swagger Clause: Swagger is banned
|rule|Baton Pass Clause: Limit one Baton Passer, can't pass Spe and other stats simultaneously
|teampreview
|c|☆kay くコ彡|have fun
|c|☆RawMelon|HF
|c|☆RawMelon|Torkoal the counter
|c|☆kay くコ彡|I was so happy when I found it beat every mawile set
|choice|team 3, team 2, team 1, team 4, team 5, team 6|team 2, team 1, team 3, team 4, team 5, team 6
|
|start
|switch|p1a: Altaria|Altaria, F|353\/353
|switch|p2a: Tentacool|Tentacool, F|284\/284
|turn|1
|choice|move earthquake|switch 2
|
|switch|p2a: Jumpluff|Jumpluff, F|291\/291
|move|p1a: Altaria|Earthquake|p2a: Jumpluff
|-immune|p2a: Jumpluff|[msg]
|
|upkeep
|turn|2
|c|☆RawMelon|+2 knock after rocks
|c|☆RawMelon|?
|c|☆kay くコ彡|+2 252+ Atk Life Orb Mawile Knock Off (97.5 BP) vs. 248 HP \/ 252+ Def Torkoal: 129-152 (37.6 - 44.3%) -- guaranteed 3HKO after Leftovers recovery
|choice|switch 4|move leechseed
|
|switch|p1a: Torkoal|Torkoal, F|343\/343
|move|p2a: Jumpluff|Leech Seed|p1a: Torkoal
|-start|p1a: Torkoal|move: Leech Seed
|
|-damage|p1a: Torkoal|301\/343|[from] Leech Seed|[of] p2a: Jumpluff
|upkeep
|turn|3
|choice|switch 3|switch 2
|
|switch|p2a: Tentacool|Tentacool, F|284\/284
|switch|p1a: Audino|Audino, M|410\/410
|
|upkeep
|turn|4
|j|Techito_PvP
|choice|move knockoff|move toxicspikes
|
|move|p2a: Tentacool|Toxic Spikes|p1a: Audino
|-sidestart|p1: kay くコ彡|move: Toxic Spikes
|move|p1a: Audino|Knock Off|p2a: Tentacool
|-damage|p2a: Tentacool|212\/284
|-enditem|p2a: Tentacool|Eviolite|[from] move: Knock Off|[of] p1a: Audino
|
|upkeep
|turn|5
|choice|move encore|switch 5
|
|switch|p2a: Golem|Golem, M|363\/363
|move|p1a: Audino|Encore|p2a: Golem
|-fail|p2a: Golem
|
|upkeep
|turn|6
|choice|switch 2|move toxic
|
|switch|p1a: Dusclops|Dusclops, M|284\/284
|-status|p1a: Dusclops|psn
|-ability|p1a: Dusclops|Pressure
|move|p2a: Golem|Toxic|p1a: Dusclops
|-fail|p1a: Dusclops
|
|-damage|p1a: Dusclops|249\/284 psn|[from] psn
|upkeep
|turn|7
|choice|move willowisp|switch 6
|
|switch|p2a: Ursaring|Ursaring, M|384\/384
|move|p1a: Dusclops|Will-O-Wisp|p2a: Ursaring
|-status|p2a: Ursaring|brn
|
|-damage|p2a: Ursaring|336\/384 brn|[from] brn
|-damage|p1a: Dusclops|214\/284 psn|[from] psn
|upkeep
|turn|8
|choice|switch 4|move bulkup
|
|switch|p1a: Altaria|Altaria, F|353\/353
|move|p2a: Ursaring|Bulk Up|p2a: Ursaring
|-boost|p2a: Ursaring|atk|1
|-boost|p2a: Ursaring|def|1
|
|-heal|p2a: Ursaring|360\/384 brn|[from] item: Leftovers
|-damage|p2a: Ursaring|312\/384 brn|[from] brn
|upkeep
|turn|9
|choice|move haze|move frustration
|
|move|p1a: Altaria|Haze|p1a: Altaria
|-clearallboost
|move|p2a: Ursaring|Frustration|p1a: Altaria
|-damage|p1a: Altaria|158\/353
|
|-heal|p1a: Altaria|180\/353|[from] item: Leftovers
|-heal|p2a: Ursaring|336\/384 brn|[from] item: Leftovers
|-damage|p2a: Ursaring|288\/384 brn|[from] brn
|upkeep
|turn|10
|c|☆kay くコ彡|ow
|choice|move roost|move frustration
|
|move|p1a: Altaria|Roost|p1a: Altaria
|-heal|p1a: Altaria|353\/353
|move|p2a: Ursaring|Frustration|p1a: Altaria
|-damage|p1a: Altaria|158\/353
|
|-heal|p1a: Altaria|180\/353|[from] item: Leftovers
|-heal|p2a: Ursaring|312\/384 brn|[from] item: Leftovers
|-damage|p2a: Ursaring|264\/384 brn|[from] brn
|upkeep
|turn|11
|choice|move roost|move frustration
|
|move|p1a: Altaria|Roost|p1a: Altaria
|-heal|p1a: Altaria|353\/353
|move|p2a: Ursaring|Frustration|p1a: Altaria
|-damage|p1a: Altaria|173\/353
|
|-heal|p1a: Altaria|195\/353|[from] item: Leftovers
|-heal|p2a: Ursaring|288\/384 brn|[from] item: Leftovers
|-damage|p2a: Ursaring|240\/384 brn|[from] brn
|upkeep
|turn|12
|c|☆kay くコ彡|oh yeah
|c|☆kay くコ彡|guts
|c|☆kay くコ彡|derp
|choice|move roost|switch 6
|
|switch|p2a: Golem|Golem, M|363\/363
|move|p1a: Altaria|Roost|p1a: Altaria
|-heal|p1a: Altaria|353\/353
|
|upkeep
|turn|13
|choice|switch 6|move stealthrock
|
|switch|p1a: Tangela|Tangela, F|334\/334
|-status|p1a: Tangela|psn
|move|p2a: Golem|Stealth Rock|p1a: Tangela
|-sidestart|p1: kay くコ彡|move: Stealth Rock
|
|-damage|p1a: Tangela|293\/334 psn|[from] psn
|upkeep
|turn|14
|choice|move leechseed|switch 6
|
|switch|p2a: Ursaring|Ursaring, M|240\/384 brn
|move|p1a: Tangela|Leech Seed|p2a: Ursaring
|-start|p2a: Ursaring|move: Leech Seed
|
|-heal|p2a: Ursaring|264\/384 brn|[from] item: Leftovers
|-damage|p2a: Ursaring|216\/384 brn|[from] Leech Seed|[of] p1a: Tangela
|-heal|p1a: Tangela|334\/334 psn|[silent]
|-damage|p1a: Tangela|293\/334 psn|[from] psn
|-damage|p2a: Ursaring|168\/384 brn|[from] brn
|upkeep
|turn|15
|choice|move gigadrain|move rest
|
|move|p1a: Tangela|Giga Drain|p2a: Ursaring
|-damage|p2a: Ursaring|90\/384 brn
|-heal|p1a: Tangela|332\/334 psn|[from] drain|[of] p2a: Ursaring
|move|p2a: Ursaring|Rest|p2a: Ursaring
|-status|p2a: Ursaring|slp
|-heal|p2a: Ursaring|384\/384 slp|[silent]
|-status|p2a: Ursaring|slp|[from] move: Rest
|
|-damage|p2a: Ursaring|336\/384 slp|[from] Leech Seed|[of] p1a: Tangela
|-heal|p1a: Tangela|334\/334 psn|[silent]
|-damage|p1a: Tangela|293\/334 psn|[from] psn
|upkeep
|turn|16
|choice|switch 3|switch 4
|
|switch|p1a: Torkoal|Torkoal, F|301\/343
|-damage|p1a: Torkoal|216\/343|[from] Stealth Rock
|-status|p1a: Torkoal|psn
|switch|p2a: Pawniard|Pawniard, M|231\/231
|
|-heal|p1a: Torkoal|237\/343 psn|[from] item: Leftovers
|-damage|p1a: Torkoal|195\/343 psn|[from] psn
|upkeep
|turn|17
|choice|move rapidspin|move knockoff
|
|move|p2a: Pawniard|Knock Off|p1a: Torkoal
|-damage|p1a: Torkoal|88\/343 psn
|-enditem|p1a: Torkoal|Leftovers|[from] move: Knock Off|[of] p2a: Pawniard
|-damage|p2a: Pawniard|208\/231|[from] item: Life Orb
|move|p1a: Torkoal|Rapid Spin|p2a: Pawniard
|-resisted|p2a: Pawniard
|-damage|p2a: Pawniard|201\/231
|-sideend|p1: kay くコ彡|Toxic Spikes|[from] move: Rapid Spin|[of] p1a: Torkoal
|-sideend|p1: kay くコ彡|Stealth Rock|[from] move: Rapid Spin|[of] p1a: Torkoal
|
|-damage|p1a: Torkoal|46\/343 psn|[from] psn
|upkeep
|turn|18
|c|☆kay くコ彡|rood
|choice|move lavaplume|move knockoff
|
|move|p2a: Pawniard|Knock Off|p1a: Torkoal
|-damage|p1a: Torkoal|0 fnt
|-damage|p2a: Pawniard|178\/231|[from] item: Life Orb
|faint|p1a: Torkoal
|
|upkeep
|choice|switch 6|
|
|switch|p1a: Altaria|Altaria, F|353\/353
|turn|19
|choice|move earthquake|switch 2
|
|switch|p2a: Jumpluff|Jumpluff, F|291\/291
|move|p1a: Altaria|Earthquake|p2a: Jumpluff
|-immune|p2a: Jumpluff|[msg]
|
|upkeep
|turn|20
|choice|switch 2|move substitute
|
|switch|p1a: Audino|Audino, M|410\/410
|move|p2a: Jumpluff|Substitute|p2a: Jumpluff
|-start|p2a: Jumpluff|Substitute
|-damage|p2a: Jumpluff|219\/291
|
|-heal|p2a: Jumpluff|237\/291|[from] item: Leftovers
|upkeep
|turn|21
|choice|move encore|move leechseed
|
|move|p2a: Jumpluff|Leech Seed|p1a: Audino
|-start|p1a: Audino|move: Leech Seed
|move|p1a: Audino|Encore|p2a: Jumpluff
|-start|p2a: Jumpluff|Encore
|
|-heal|p2a: Jumpluff|255\/291|[from] item: Leftovers
|-damage|p1a: Audino|359\/410|[from] Leech Seed|[of] p2a: Jumpluff
|-heal|p2a: Jumpluff|291\/291|[silent]
|upkeep
|turn|22
|choice|switch 3|switch 5
|
|switch|p2a: Tentacool|Tentacool, F|212\/284
|switch|p1a: Tangela|Tangela, F|334\/334 psn
|
|-damage|p1a: Tangela|293\/334 psn|[from] psn
|upkeep
|turn|23
|choice|move gigadrain|move toxicspikes
|
|move|p2a: Tentacool|Toxic Spikes|p1a: Tangela
|-sidestart|p1: kay くコ彡|move: Toxic Spikes
|move|p1a: Tangela|Giga Drain|p2a: Tentacool
|-damage|p2a: Tentacool|145\/284
|-heal|p1a: Tangela|327\/334 psn|[from] drain|[of] p2a: Tentacool
|
|-damage|p1a: Tangela|286\/334 psn|[from] psn
|upkeep
|turn|24
|c|☆kay くコ彡|why not liquid ooze?
|choice|move sleeppowder|switch 4
|
|switch|p2a: Ursaring|Ursaring, M|336\/384 slp
|move|p1a: Tangela|Sleep Powder|p2a: Ursaring
|-fail|p2a: Ursaring|slp
|
|-heal|p2a: Ursaring|360\/384 slp|[from] item: Leftovers
|-damage|p1a: Tangela|245\/334 psn|[from] psn
|upkeep
|turn|25
|choice|move leechseed|move sleeptalk
|
|move|p1a: Tangela|Leech Seed|p2a: Ursaring
|-start|p2a: Ursaring|move: Leech Seed
|cant|p2a: Ursaring|slp
|move|p2a: Ursaring|Sleep Talk|p2a: Ursaring
|move|p2a: Ursaring|Rest|p2a: Ursaring|[from]Sleep Talk
|-fail|p2a: Ursaring
|
|-heal|p2a: Ursaring|384\/384 slp|[from] item: Leftovers
|-damage|p2a: Ursaring|336\/384 slp|[from] Leech Seed|[of] p1a: Tangela
|-heal|p1a: Tangela|293\/334 psn|[silent]
|-damage|p1a: Tangela|252\/334 psn|[from] psn
|upkeep
|turn|26
|choice|move gigadrain|move sleeptalk
|
|move|p1a: Tangela|Giga Drain|p2a: Ursaring
|-damage|p2a: Ursaring|255\/384 slp
|-heal|p1a: Tangela|293\/334 psn|[from] drain|[of] p2a: Ursaring
|cant|p2a: Ursaring|slp
|move|p2a: Ursaring|Sleep Talk|p2a: Ursaring
|move|p2a: Ursaring|Bulk Up|p2a: Ursaring|[from]Sleep Talk
|-boost|p2a: Ursaring|atk|1
|-boost|p2a: Ursaring|def|1
|
|-heal|p2a: Ursaring|279\/384 slp|[from] item: Leftovers
|-damage|p2a: Ursaring|231\/384 slp|[from] Leech Seed|[of] p1a: Tangela
|-heal|p1a: Tangela|334\/334 psn|[silent]
|-damage|p1a: Tangela|293\/334 psn|[from] psn
|upkeep
|turn|27
|choice|move sleeppowder|move frustration
|
|move|p1a: Tangela|Sleep Powder|p2a: Ursaring
|-fail|p2a: Ursaring|slp
|-curestatus|p2a: Ursaring|slp|[msg]
|move|p2a: Ursaring|Frustration|p1a: Tangela
|-damage|p1a: Tangela|197\/334 psn
|
|-heal|p2a: Ursaring|255\/384|[from] item: Leftovers
|-damage|p2a: Ursaring|207\/384|[from] Leech Seed|[of] p1a: Tangela
|-heal|p1a: Tangela|245\/334 psn|[silent]
|-damage|p1a: Tangela|204\/334 psn|[from] psn
|upkeep
|turn|28
|j|ShuckleDeath
|c|☆kay くコ彡|oops
|l|Techito_PvP
|choice|switch 2|switch 3
|
|switch|p1a: Altaria|Altaria, F|353\/353
|switch|p2a: Zebstrika|Zebstrika, F|291\/291
|
|upkeep
|turn|29
|c| ShuckleDeath|rawmelon fite me ~~irl~~ in adv
|choice|switch 5|move voltswitch
|
|switch|p1a: Golem|Golem, F|364\/364
|-status|p1a: Golem|psn
|move|p2a: Zebstrika|Volt Switch|p1a: Golem
|-immune|p1a: Golem|[msg]
|
|-damage|p1a: Golem|319\/364 psn|[from] psn
|upkeep
|turn|30
|choice|move stealthrock|switch 5
|
|switch|p2a: Jumpluff|Jumpluff, F|291\/291
|move|p1a: Golem|Stealth Rock|p2a: Jumpluff
|-sidestart|p2: RawMelon|move: Stealth Rock
|
|-heal|p1a: Golem|341\/364 psn|[from] item: Leftovers
|-damage|p1a: Golem|296\/364 psn|[from] psn
|upkeep
|turn|31
|choice|move stoneedge|move substitute
|
|move|p2a: Jumpluff|Substitute|p2a: Jumpluff
|-start|p2a: Jumpluff|Substitute
|-damage|p2a: Jumpluff|219\/291
|move|p1a: Golem|Stone Edge|p2a: Jumpluff|[miss]
|-miss|p1a: Golem|p2a: Jumpluff
|
|-heal|p2a: Jumpluff|237\/291|[from] item: Leftovers
|-heal|p1a: Golem|318\/364 psn|[from] item: Leftovers
|-damage|p1a: Golem|273\/364 psn|[from] psn
|upkeep
|turn|32
|c|☆kay くコ彡|f
|choice|switch 4|move leechseed
|
|switch|p1a: Dusclops|Dusclops, M|214\/284 psn
|-ability|p1a: Dusclops|Pressure
|move|p2a: Jumpluff|Leech Seed|p1a: Dusclops
|-start|p1a: Dusclops|move: Leech Seed
|
|-heal|p2a: Jumpluff|255\/291|[from] item: Leftovers
|-damage|p1a: Dusclops|179\/284 psn|[from] Leech Seed|[of] p2a: Jumpluff
|-heal|p2a: Jumpluff|290\/291|[silent]
|-damage|p1a: Dusclops|144\/284 psn|[from] psn
|upkeep
|turn|33
|c|☆kay くコ彡|I wonder
|l|ShuckleDeath
|choice|move rest|move swordsdance
|
|move|p2a: Jumpluff|Swords Dance|p2a: Jumpluff
|-boost|p2a: Jumpluff|atk|2
|move|p1a: Dusclops|Rest|p1a: Dusclops
|-status|p1a: Dusclops|slp
|-heal|p1a: Dusclops|284\/284 slp|[silent]
|-status|p1a: Dusclops|slp|[from] move: Rest
|
|-heal|p2a: Jumpluff|291\/291|[from] item: Leftovers
|-damage|p1a: Dusclops|249\/284 slp|[from] Leech Seed|[of] p2a: Jumpluff
|upkeep
|turn|34
|choice|move sleeptalk|move swordsdance
|
|move|p2a: Jumpluff|Swords Dance|p2a: Jumpluff
|-boost|p2a: Jumpluff|atk|2
|cant|p1a: Dusclops|slp
|move|p1a: Dusclops|Sleep Talk|p1a: Dusclops
|move|p1a: Dusclops|Will-O-Wisp|p2a: Jumpluff|[from]Sleep Talk
|-fail|p2a: Jumpluff
|
|-damage|p1a: Dusclops|214\/284 slp|[from] Leech Seed|[of] p2a: Jumpluff
|upkeep
|turn|35
|choice|move sleeptalk|move swordsdance
|
|move|p2a: Jumpluff|Swords Dance|p2a: Jumpluff
|-boost|p2a: Jumpluff|atk|2
|cant|p1a: Dusclops|slp
|move|p1a: Dusclops|Sleep Talk|p1a: Dusclops
|move|p1a: Dusclops|Rest|p1a: Dusclops|[from]Sleep Talk
|-fail|p1a: Dusclops
|
|-damage|p1a: Dusclops|179\/284 slp|[from] Leech Seed|[of] p2a: Jumpluff
|upkeep
|turn|36
|c|☆kay くコ彡|,
|choice|move sleeptalk|move acrobatics
|
|move|p2a: Jumpluff|Acrobatics|p1a: Dusclops
|-damage|p1a: Dusclops|79\/284 slp
|-curestatus|p1a: Dusclops|slp|[msg]
|move|p1a: Dusclops|Sleep Talk|p1a: Dusclops
|-fail|p1a: Dusclops
|
|-damage|p1a: Dusclops|44\/284|[from] Leech Seed|[of] p2a: Jumpluff
|upkeep
|turn|37
|c|☆kay くコ彡|OH
|c|☆kay くコ彡|I MISSCLICKED
|c|☆kay くコ彡|NO LOL
|c|☆RawMelon|Lol
|choice|move rest|move acrobatics
|
|move|p2a: Jumpluff|Acrobatics|p1a: Dusclops
|-damage|p1a: Dusclops|0 fnt
|faint|p1a: Dusclops
|
|upkeep
|choice|switch 5|
|
|switch|p1a: Altaria|Altaria, F|353\/353
|turn|38
|c|☆kay くコ彡|okay so
|c|☆kay くコ彡|I don't chew that
|c|☆kay くコ彡|good to know
|choice|move haze|move acrobatics
|
|move|p2a: Jumpluff|Acrobatics|p1a: Altaria
|-damage|p1a: Altaria|145\/353
|move|p1a: Altaria|Haze|p1a: Altaria
|-clearallboost
|
|-heal|p1a: Altaria|167\/353|[from] item: Leftovers
|upkeep
|turn|39
|choice|move roost|move leechseed
|
|move|p2a: Jumpluff|Leech Seed|p1a: Altaria
|-start|p1a: Altaria|move: Leech Seed
|move|p1a: Altaria|Roost|p1a: Altaria
|-heal|p1a: Altaria|344\/353
|
|-heal|p1a: Altaria|353\/353|[from] item: Leftovers
|-damage|p1a: Altaria|309\/353|[from] Leech Seed|[of] p2a: Jumpluff
|upkeep
|turn|40
|c|☆kay くコ彡|ugh
|c|☆kay くコ彡|I love heal bell + haze
|c|☆kay くコ彡|but like
|c|☆kay くコ彡|no flamethrower sucks
|choice|switch 3|move swordsdance
|
|switch|p1a: Audino|Audino, M|410\/410
|-status|p1a: Audino|psn
|move|p2a: Jumpluff|Swords Dance|p2a: Jumpluff
|-boost|p2a: Jumpluff|atk|2
|
|-damage|p1a: Audino|359\/410 psn|[from] psn
|upkeep
|turn|41
|choice|move encore|move acrobatics
|
|move|p2a: Jumpluff|Acrobatics|p1a: Audino
|-damage|p1a: Audino|214\/410 psn
|move|p1a: Audino|Encore|p2a: Jumpluff
|-start|p2a: Jumpluff|Encore
|
|-heal|p1a: Audino|239\/410 psn|[from] item: Leftovers
|-damage|p1a: Audino|188\/410 psn|[from] psn
|upkeep
|turn|42
|choice|switch 4|move acrobatics
|
|switch|p1a: Golem|Golem, F|273\/364 psn
|move|p2a: Jumpluff|Acrobatics|p1a: Golem
|-resisted|p1a: Golem
|-damage|p1a: Golem|225\/364 psn
|
|-heal|p1a: Golem|247\/364 psn|[from] item: Leftovers
|-damage|p1a: Golem|202\/364 psn|[from] psn
|upkeep
|turn|43
|choice|move stoneedge|move acrobatics
|
|move|p2a: Jumpluff|Acrobatics|p1a: Golem
|-resisted|p1a: Golem
|-damage|p1a: Golem|154\/364 psn
|move|p1a: Golem|Stone Edge|p2a: Jumpluff
|-supereffective|p2a: Jumpluff
|-end|p2a: Jumpluff|Substitute
|
|-heal|p1a: Golem|176\/364 psn|[from] item: Leftovers
|-damage|p1a: Golem|131\/364 psn|[from] psn
|upkeep
|turn|44
|j|cyan★ize!
|choice|switch 4|switch 2
|
|switch|p2a: Pawniard|Pawniard, M|178\/231
|-damage|p2a: Pawniard|164\/231|[from] Stealth Rock
|switch|p1a: Audino|Audino, M|324\/410 psn
|
|-heal|p1a: Audino|349\/410 psn|[from] item: Leftovers
|-damage|p1a: Audino|298\/410 psn|[from] psn
|upkeep
|turn|45
|choice|move encore|move knockoff
|
|move|p2a: Pawniard|Knock Off|p1a: Audino
|-damage|p1a: Audino|87\/410 psn
|-enditem|p1a: Audino|Leftovers|[from] move: Knock Off|[of] p2a: Pawniard
|-damage|p2a: Pawniard|141\/231|[from] item: Life Orb
|move|p1a: Audino|Encore|p2a: Pawniard
|-start|p2a: Pawniard|Encore
|
|-damage|p1a: Audino|36\/410 psn|[from] psn
|upkeep
|turn|46
|c|☆kay くコ彡|gg
|c|☆kay くコ彡|xd
|-message|kay くコ彡 forfeited.
|
|win|RawMelon
|l|kay くコ彡
|c|☆RawMelon|GG</script>
</div>
<div class="battle-log battle-log-inline"><div class="inner"><div class="battle-options"></div><div class="inner"><div class="chat"><small>kay くコ彡 joined.</small></div><div class="chat"><small>RawMelon joined.</small></div><div class=""><small>Format:</small> <br><strong>PU</strong></div><div class=""><small><em>Sleep Clause Mod:</em> Limit one foe put to sleep</small></div><div class=""><small><em>Species Clause:</em> Limit one of each Pokémon</small></div><div class=""><small><em>OHKO Clause:</em> OHKO moves are banned</small></div><div class=""><small><em>Moody Clause:</em> Moody is banned</small></div><div class=""><small><em>Evasion Moves Clause:</em> Evasion moves are banned</small></div><div class=""><small><em>Endless Battle Clause:</em> Forcing endless battles is banned</small></div><div class=""><small><em>HP Percentage Mod:</em> HP is shown in percentages</small></div><div class=""><small><em>Swagger Clause:</em> Swagger is banned</small></div><div class=""><small><em>Baton Pass Clause:</em> Limit one Baton Passer, can't pass Spe and other stats simultaneously</small></div><div class="chat battle-history"><strong>kay くコ彡's team:</strong> <em style="color:#445566;display:block;">Audino / Dusclops / Altaria / Torkoal / Golem / Tangela</em></div><div class="chat battle-history"><strong>RawMelon's team:</strong> <em style="color:#445566;display:block;">Jumpluff / Tentacool / Zebstrika / Pawniard / Golem / Ursaring</em></div><div class="chat chatmessage-kay"><strong style="color:hsl(255,66%,56.8105735479296%)"><small>☆</small><span class="username" data-name="kay くコ彡">kay くコ彡</span>:</strong> <em>have fun</em></div><div class="chat chatmessage-rawmelon"><strong style="color:hsl(223,45%,54.735457078935404%)"><small>☆</small><span class="username" data-name="RawMelon">RawMelon</span>:</strong> <em>HF</em></div><div class="chat chatmessage-rawmelon"><strong style="color:hsl(223,45%,54.735457078935404%)"><small>☆</small><span class="username" data-name="RawMelon">RawMelon</span>:</strong> <em>Torkoal the counter</em></div><div class="chat chatmessage-kay"><strong style="color:hsl(255,66%,56.8105735479296%)"><small>☆</small><span class="username" data-name="kay くコ彡">kay くコ彡</span>:</strong> <em>I was so happy when I found it beat every mawile set</em></div><div class="spacer battle-history"><br></div><div class="battle-history">Battle started between kay くコ彡 and RawMelon!<br></div><div class="spacer battle-history"><br></div><div class="battle-history">Go! <strong>Altaria</strong>!<br></div><div class="spacer battle-history"><br></div><div class="battle-history">RawMelon sent out <strong>Tentacool</strong>!<br></div><div class="spacer battle-history"><br></div><h2 class="battle-history">Turn 1</h2><div class="spacer battle-history"><br></div><div class="battle-history">RawMelon withdrew Tentacool!<br></div><div class="battle-history">RawMelon sent out <strong>Jumpluff</strong>!<br></div><div class="spacer battle-history"><br></div><div class="battle-history">Altaria used <strong>Earthquake</strong>!<br></div><div class="battle-history"><small>It doesn't affect the opposing Jumpluff...</small><br></div><div class="spacer battle-history"><br></div><h2 class="battle-history">Turn 2</h2><div class="chat chatmessage-rawmelon"><strong style="color:hsl(223,45%,54.735457078935404%)"><small>☆</small><span class="username" data-name="RawMelon">RawMelon</span>:</strong> <em>+2 knock after rocks</em></div><div class="chat chatmessage-rawmelon"><strong style="color:hsl(223,45%,54.735457078935404%)"><small>☆</small><span class="username" data-name="RawMelon">RawMelon</span>:</strong> <em>?</em></div><div class="chat chatmessage-kay"><strong style="color:hsl(255,66%,56.8105735479296%)"><small>☆</small><span class="username" data-name="kay くコ彡">kay くコ彡</span>:</strong> <em>+2 252+ Atk Life Orb Mawile Knock Off (97.5 BP) vs. 248 HP / 252+ Def Torkoal: 129-152 (37.6 - 44.3%) -- guaranteed 3HKO after Leftovers recovery</em></div><div class="spacer battle-history"><br></div><div class="battle-history">Altaria, come back!<br></div><div class="battle-history">Go! <strong>Torkoal</strong>!<br></div><div class="spacer battle-history"><br></div><div class="battle-history">The opposing Jumpluff used <strong>Leech Seed</strong>!<br></div><div class="battle-history"><small>Torkoal was seeded!</small><br></div><div class="spacer battle-history"><br></div><div class="battle-history"><small>Torkoal's health is sapped by Leech Seed!</small><br></div><div class="spacer battle-history"><br></div><h2 class="battle-history">Turn 3</h2><div class="spacer battle-history"><br></div><div class="battle-history">RawMelon withdrew Jumpluff!<br></div><div class="battle-history">RawMelon sent out <strong>Tentacool</strong>!<br></div><div class="spacer battle-history"><br></div><div class="battle-history">Torkoal, come back!<br></div><div class="battle-history">Go! <strong>Audino</strong>!<br></div><div class="spacer battle-history"><br></div><h2 class="battle-history">Turn 4</h2><div class="chat"><small>Techito_PvP joined.</small></div><div class="spacer battle-history"><br></div><div class="battle-history">The opposing Tentacool used <strong>Toxic Spikes</strong>!<br></div><div class="battle-history"><small>Poison spikes were scattered on the ground all around your team!</small><br></div><div class="spacer battle-history"><br></div><div class="battle-history">Audino used <strong>Knock Off</strong>!<br></div><div class="battle-history"><small>(The opposing Tentacool lost <abbr title="−72/284">25.4%</abbr> of its health!)</small><br></div><div class="battle-history"><small>Audino knocked off the opposing Tentacool's Eviolite!</small><br></div><div class="spacer battle-history"><br></div><h2 class="battle-history">Turn 5</h2><div class="spacer battle-history"><br></div><div class="battle-history">RawMelon withdrew Tentacool!<br></div><div class="battle-history">RawMelon sent out <strong>Golem</strong>!<br></div><div class="spacer battle-history"><br></div><div class="battle-history">Audino used <strong>Encore</strong>!<br></div><div class="battle-history"><small>But it failed!</small><br></div><div class="spacer battle-history"><br></div><h2 class="battle-history">Turn 6</h2><div class="spacer battle-history"><br></div><div class="battle-history">Audino, come back!<br></div><div class="battle-history">Go! <strong>Dusclops</strong>!<br></div><div class="battle-history"><small>Dusclops was poisoned!</small><br></div><div class="battle-history"><small>[Dusclops's Pressure]</small><br><small>Dusclops is exerting its pressure!</small><br></div><div class="spacer battle-history"><br></div><div class="battle-history">The opposing Golem used <strong>Toxic</strong>!<br></div><div class="battle-history"><small>But it failed!</small><br></div><div class="spacer battle-history"><br></div><div class="battle-history"><small>Dusclops was hurt by poison!</small><br></div><div class="spacer battle-history"><br></div><h2 class="battle-history">Turn 7</h2><div class="spacer battle-history"><br></div><div class="battle-history">RawMelon withdrew Golem!<br></div><div class="battle-history">RawMelon sent out <strong>Ursaring</strong>!<br></div><div class="spacer battle-history"><br></div><div class="battle-history">Dusclops used <strong>Will-O-Wisp</strong>!<br></div><div class="battle-history"><small>The opposing Ursaring was burned!</small><br></div><div class="spacer battle-history"><br></div><div class="battle-history"><small>The opposing Ursaring was hurt by its burn!</small><br></div><div class="battle-history"><small>Dusclops was hurt by poison!</small><br></div><div class="spacer battle-history"><br></div><h2 class="battle-history">Turn 8</h2><div class="spacer battle-history"><br></div><div class="battle-history">Dusclops, come back!<br></div><div class="battle-history">Go! <strong>Altaria</strong>!<br></div><div class="spacer battle-history"><br></div><div class="battle-history">The opposing Ursaring used <strong>Bulk Up</strong>!<br></div><div class="battle-history"><small>The opposing Ursaring's Attack rose!</small><br></div><div class="battle-history"><small>The opposing Ursaring's Defense rose!</small><br></div><div class="spacer battle-history"><br></div><div class="battle-history"><small>The opposing Ursaring restored a little HP using its Leftovers!</small><br></div><div class="battle-history"><small>The opposing Ursaring was hurt by its burn!</small><br></div><div class="spacer battle-history"><br></div><h2 class="battle-history">Turn 9</h2><div class="spacer battle-history"><br></div><div class="battle-history">Altaria used <strong>Haze</strong>!<br></div><div class="battle-history"><small>All stat changes were eliminated!</small><br></div><div class="spacer battle-history"><br></div><div class="battle-history">The opposing Ursaring used <strong>Frustration</strong>!<br></div><div class="battle-history"><small>(Altaria lost <abbr title="−195/353">55.2%</abbr> of its health!)</small><br></div><div class="spacer battle-history"><br></div><div class="battle-history"><small>Altaria restored a little HP using its Leftovers!</small><br></div><div class="battle-history"><small>The opposing Ursaring restored a little HP using its Leftovers!</small><br></div><div class="battle-history"><small>The opposing Ursaring was hurt by its burn!</small><br></div><div class="spacer battle-history"><br></div><h2 class="battle-history">Turn 10</h2><div class="chat chatmessage-kay"><strong style="color:hsl(255,66%,56.8105735479296%)"><small>☆</small><span class="username" data-name="kay くコ彡">kay くコ彡</span>:</strong> <em>ow</em></div><div class="spacer battle-history"><br></div><div class="battle-history">Altaria used <strong>Roost</strong>!<br></div><div class="battle-history"><small>Altaria restored its HP.</small><br></div><div class="spacer battle-history"><br></div><div class="battle-history">The opposing Ursaring used <strong>Frustration</strong>!<br></div><div class="battle-history"><small>(Altaria lost <abbr title="−195/353">55.2%</abbr> of its health!)</small><br></div><div class="spacer battle-history"><br></div><div class="battle-history"><small>Altaria restored a little HP using its Leftovers!</small><br></div><div class="battle-history"><small>The opposing Ursaring restored a little HP using its Leftovers!</small><br></div><div class="battle-history"><small>The opposing Ursaring was hurt by its burn!</small><br></div><div class="spacer battle-history"><br></div><h2 class="battle-history">Turn 11</h2><div class="spacer battle-history"><br></div><div class="battle-history">Altaria used <strong>Roost</strong>!<br></div><div class="battle-history"><small>Altaria restored its HP.</small><br></div><div class="spacer battle-history"><br></div><div class="battle-history">The opposing Ursaring used <strong>Frustration</strong>!<br></div><div class="battle-history"><small>(Altaria lost <abbr title="−180/353">51.0%</abbr> of its health!)</small><br></div><div class="spacer battle-history"><br></div><div class="battle-history"><small>Altaria restored a little HP using its Leftovers!</small><br></div><div class="battle-history"><small>The opposing Ursaring restored a little HP using its Leftovers!</small><br></div><div class="battle-history"><small>The opposing Ursaring was hurt by its burn!</small><br></div><div class="spacer battle-history"><br></div><h2 class="battle-history">Turn 12</h2><div class="chat chatmessage-kay"><strong style="color:hsl(255,66%,56.8105735479296%)"><small>☆</small><span class="username" data-name="kay くコ彡">kay くコ彡</span>:</strong> <em>oh yeah</em></div><div class="chat chatmessage-kay"><strong style="color:hsl(255,66%,56.8105735479296%)"><small>☆</small><span class="username" data-name="kay くコ彡">kay くコ彡</span>:</strong> <em>guts</em></div><div class="chat chatmessage-kay"><strong style="color:hsl(255,66%,56.8105735479296%)"><small>☆</small><span class="username" data-name="kay くコ彡">kay くコ彡</span>:</strong> <em>derp</em></div><div class="spacer battle-history"><br></div><div class="battle-history">RawMelon withdrew Ursaring!<br></div><div class="battle-history">RawMelon sent out <strong>Golem</strong>!<br></div><div class="spacer battle-history"><br></div><div class="battle-history">Altaria used <strong>Roost</strong>!<br></div><div class="battle-history"><small>Altaria restored its HP.</small><br></div><div class="spacer battle-history"><br></div><h2 class="battle-history">Turn 13</h2><div class="spacer battle-history"><br></div><div class="battle-history">Altaria, come back!<br></div><div class="battle-history">Go! <strong>Tangela</strong>!<br></div><div class="battle-history"><small>Tangela was poisoned!</small><br></div><div class="spacer battle-history"><br></div><div class="battle-history">The opposing Golem used <strong>Stealth Rock</strong>!<br></div><div class="battle-history"><small>Pointed stones float in the air around your team!</small><br></div><div class="spacer battle-history"><br></div><div class="battle-history"><small>Tangela was hurt by poison!</small><br></div><div class="spacer battle-history"><br></div><h2 class="battle-history">Turn 14</h2><div class="spacer battle-history"><br></div><div class="battle-history">RawMelon withdrew Golem!<br></div><div class="battle-history">RawMelon sent out <strong>Ursaring</strong>!<br></div><div class="spacer battle-history"><br></div><div class="battle-history">Tangela used <strong>Leech Seed</strong>!<br></div><div class="battle-history"><small>The opposing Ursaring was seeded!</small><br></div><div class="spacer battle-history"><br></div><div class="battle-history"><small>The opposing Ursaring restored a little HP using its Leftovers!</small><br></div><div class="battle-history"><small>The opposing Ursaring's health is sapped by Leech Seed!</small><br></div><div class="battle-history"><small>Tangela was hurt by poison!</small><br></div><div class="battle-history"><small>The opposing Ursaring was hurt by its burn!</small><br></div><div class="spacer battle-history"><br></div><h2 class="battle-history">Turn 15</h2><div class="spacer battle-history"><br></div><div class="battle-history">Tangela used <strong>Giga Drain</strong>!<br></div><div class="battle-history"><small>(The opposing Ursaring lost <abbr title="−78/384">20.3%</abbr> of its health!)</small><br></div><div class="battle-history"><small>The opposing Ursaring had its energy drained!</small><br></div><div class="spacer battle-history"><br></div><div class="battle-history">The opposing Ursaring used <strong>Rest</strong>!<br></div><div class="battle-history"><small>The opposing Ursaring fell asleep!</small><br></div><div class="battle-history"><small>The opposing Ursaring slept and became healthy!</small><br></div><div class="spacer battle-history"><br></div><div class="battle-history"><small>The opposing Ursaring's health is sapped by Leech Seed!</small><br></div><div class="battle-history"><small>Tangela was hurt by poison!</small><br></div><div class="spacer battle-history"><br></div><h2 class="battle-history">Turn 16</h2><div class="spacer battle-history"><br></div><div class="battle-history">Tangela, come back!<br></div><div class="battle-history">Go! <strong>Torkoal</strong>!<br></div><div class="battle-history"><small>Pointed stones dug into Torkoal!</small><br></div><div class="battle-history"><small>Torkoal was poisoned!</small><br></div><div class="spacer battle-history"><br></div><div class="battle-history">RawMelon withdrew Ursaring!<br></div><div class="battle-history">RawMelon sent out <strong>Pawniard</strong>!<br></div><div class="spacer battle-history"><br></div><div class="battle-history"><small>Torkoal restored a little HP using its Leftovers!</small><br></div><div class="battle-history"><small>Torkoal was hurt by poison!</small><br></div><div class="spacer battle-history"><br></div><h2 class="battle-history">Turn 17</h2><div class="spacer battle-history"><br></div><div class="battle-history">The opposing Pawniard used <strong>Knock Off</strong>!<br></div><div class="battle-history"><small>(Torkoal lost <abbr title="−107/343">31.2%</abbr> of its health!)</small><br></div><div class="battle-history"><small>The opposing Pawniard knocked off Torkoal's Leftovers!</small><br></div><div class="battle-history"><small>The opposing Pawniard lost some of its HP!</small><br></div><div class="spacer battle-history"><br></div><div class="battle-history">Torkoal used <strong>Rapid Spin</strong>!<br></div><div class="battle-history"><small>It's not very effective...</small><br></div><div class="battle-history"><small>(The opposing Pawniard lost <abbr title="−7/231">3.0%</abbr> of its health!)</small><br></div><div class="battle-history"><small>The poison spikes disappeared from the ground around your team!</small><br></div><div class="battle-history"><small>The pointed stones disappeared from around your team!</small><br></div><div class="spacer battle-history"><br></div><div class="battle-history"><small>Torkoal was hurt by poison!</small><br></div><div class="spacer battle-history"><br></div><h2 class="battle-history">Turn 18</h2><div class="chat chatmessage-kay"><strong style="color:hsl(255,66%,56.8105735479296%)"><small>☆</small><span class="username" data-name="kay くコ彡">kay くコ彡</span>:</strong> <em>rood</em></div><div class="spacer battle-history"><br></div><div class="battle-history">The opposing Pawniard used <strong>Knock Off</strong>!<br></div><div class="battle-history"><small>(Torkoal lost <abbr title="−46/343">13.4%</abbr> of its health!)</small><br></div><div class="battle-history"><small>The opposing Pawniard lost some of its HP!</small><br></div><div class="spacer battle-history"><br></div><div class="battle-history">Torkoal fainted!<br></div><div class="spacer battle-history"><br></div><div class="battle-history">Go! <strong>Altaria</strong>!<br></div><div class="spacer battle-history"><br></div><h2 class="battle-history">Turn 19</h2><div class="spacer battle-history"><br></div><div class="battle-history">RawMelon withdrew Pawniard!<br></div><div class="battle-history">RawMelon sent out <strong>Jumpluff</strong>!<br></div><div class="spacer battle-history"><br></div><div class="battle-history">Altaria used <strong>Earthquake</strong>!<br></div><div class="battle-history"><small>It doesn't affect the opposing Jumpluff...</small><br></div><div class="spacer battle-history"><br></div><h2 class="battle-history">Turn 20</h2><div class="spacer battle-history"><br></div><div class="battle-history">Altaria, come back!<br></div><div class="battle-history">Go! <strong>Audino</strong>!<br></div><div class="spacer battle-history"><br></div><div class="battle-history">The opposing Jumpluff used <strong>Substitute</strong>!<br></div><div class="battle-history"><small>The opposing Jumpluff put in a substitute!</small><br></div><div class="battle-history"><small>(The opposing Jumpluff lost <abbr title="−72/291">24.7%</abbr> of its health!)</small><br></div><div class="spacer battle-history"><br></div><div class="battle-history"><small>The opposing Jumpluff restored a little HP using its Leftovers!</small><br></div><div class="spacer battle-history"><br></div><h2 class="battle-history">Turn 21</h2><div class="spacer battle-history"><br></div><div class="battle-history">The opposing Jumpluff used <strong>Leech Seed</strong>!<br></div><div class="battle-history"><small>Audino was seeded!</small><br></div><div class="spacer battle-history"><br></div><div class="battle-history">Audino used <strong>Encore</strong>!<br></div><div class="battle-history"><small>The opposing Jumpluff received an encore!</small><br></div><div class="spacer battle-history"><br></div><div class="battle-history"><small>The opposing Jumpluff restored a little HP using its Leftovers!</small><br></div><div class="battle-history"><small>Audino's health is sapped by Leech Seed!</small><br></div><div class="spacer battle-history"><br></div><h2 class="battle-history">Turn 22</h2><div class="spacer battle-history"><br></div><div class="battle-history">RawMelon withdrew Jumpluff!<br></div><div class="battle-history">RawMelon sent out <strong>Tentacool</strong>!<br></div><div class="spacer battle-history"><br></div><div class="battle-history">Audino, come back!<br></div><div class="battle-history">Go! <strong>Tangela</strong>!<br></div><div class="spacer battle-history"><br></div><div class="battle-history"><small>Tangela was hurt by poison!</small><br></div><div class="spacer battle-history"><br></div><h2 class="battle-history">Turn 23</h2><div class="spacer battle-history"><br></div><div class="battle-history">The opposing Tentacool used <strong>Toxic Spikes</strong>!<br></div><div class="battle-history"><small>Poison spikes were scattered on the ground all around your team!</small><br></div><div class="spacer battle-history"><br></div><div class="battle-history">Tangela used <strong>Giga Drain</strong>!<br></div><div class="battle-history"><small>(The opposing Tentacool lost <abbr title="−67/284">23.6%</abbr> of its health!)</small><br></div><div class="battle-history"><small>The opposing Tentacool had its energy drained!</small><br></div><div class="spacer battle-history"><br></div><div class="battle-history"><small>Tangela was hurt by poison!</small><br></div><div class="spacer battle-history"><br></div><h2 class="battle-history">Turn 24</h2><div class="chat chatmessage-kay"><strong style="color:hsl(255,66%,56.8105735479296%)"><small>☆</small><span class="username" data-name="kay くコ彡">kay くコ彡</span>:</strong> <em>why not liquid ooze?</em></div><div class="spacer battle-history"><br></div><div class="battle-history">RawMelon withdrew Tentacool!<br></div><div class="battle-history">RawMelon sent out <strong>Ursaring</strong>!<br></div><div class="spacer battle-history"><br></div><div class="battle-history">Tangela used <strong>Sleep Powder</strong>!<br></div><div class="battle-history"><small>The opposing Ursaring is already asleep!</small><br></div><div class="spacer battle-history"><br></div><div class="battle-history"><small>The opposing Ursaring restored a little HP using its Leftovers!</small><br></div><div class="battle-history"><small>Tangela was hurt by poison!</small><br></div><div class="spacer battle-history"><br></div><h2 class="battle-history">Turn 25</h2><div class="spacer battle-history"><br></div><div class="battle-history">Tangela used <strong>Leech Seed</strong>!<br></div><div class="battle-history"><small>The opposing Ursaring was seeded!</small><br></div><div class="spacer battle-history"><br></div><div class="battle-history">The opposing Ursaring is fast asleep.<br></div><div class="spacer battle-history"><br></div><div class="battle-history">The opposing Ursaring used <strong>Sleep Talk</strong>!<br></div><div class="spacer battle-history"><br></div><div class="battle-history">The opposing Ursaring used <strong>Rest</strong>!<br></div><div class="battle-history"><small>But it failed!</small><br></div><div class="spacer battle-history"><br></div><div class="battle-history"><small>The opposing Ursaring restored a little HP using its Leftovers!</small><br></div><div class="battle-history"><small>The opposing Ursaring's health is sapped by Leech Seed!</small><br></div><div class="battle-history"><small>Tangela was hurt by poison!</small><br></div><div class="spacer battle-history"><br></div><h2 class="battle-history">Turn 26</h2><div class="spacer battle-history"><br></div><div class="battle-history">Tangela used <strong>Giga Drain</strong>!<br></div><div class="battle-history"><small>(The opposing Ursaring lost <abbr title="−81/384">21.1%</abbr> of its health!)</small><br></div><div class="battle-history"><small>The opposing Ursaring had its energy drained!</small><br></div><div class="spacer battle-history"><br></div><div class="battle-history">The opposing Ursaring is fast asleep.<br></div><div class="spacer battle-history"><br></div><div class="battle-history">The opposing Ursaring used <strong>Sleep Talk</strong>!<br></div><div class="spacer battle-history"><br></div><div class="battle-history">The opposing Ursaring used <strong>Bulk Up</strong>!<br></div><div class="battle-history"><small>The opposing Ursaring's Attack rose!</small><br></div><div class="battle-history"><small>The opposing Ursaring's Defense rose!</small><br></div><div class="spacer battle-history"><br></div><div class="battle-history"><small>The opposing Ursaring restored a little HP using its Leftovers!</small><br></div><div class="battle-history"><small>The opposing Ursaring's health is sapped by Leech Seed!</small><br></div><div class="battle-history"><small>Tangela was hurt by poison!</small><br></div><div class="spacer battle-history"><br></div><h2 class="battle-history">Turn 27</h2><div class="spacer battle-history"><br></div><div class="battle-history">Tangela used <strong>Sleep Powder</strong>!<br></div><div class="battle-history"><small>The opposing Ursaring is already asleep!</small><br></div><div class="battle-history"><small>The opposing Ursaring woke up!</small><br></div><div class="spacer battle-history"><br></div><div class="battle-history">The opposing Ursaring used <strong>Frustration</strong>!<br></div><div class="battle-history"><small>(Tangela lost <abbr title="−96/334">28.7%</abbr> of its health!)</small><br></div><div class="spacer battle-history"><br></div><div class="battle-history"><small>The opposing Ursaring restored a little HP using its Leftovers!</small><br></div><div class="battle-history"><small>The opposing Ursaring's health is sapped by Leech Seed!</small><br></div><div class="battle-history"><small>Tangela was hurt by poison!</small><br></div><div class="spacer battle-history"><br></div><h2 class="battle-history">Turn 28</h2><div class="chat"><small>ShuckleDeath joined.</small></div><div class="chat chatmessage-kay"><strong style="color:hsl(255,66%,56.8105735479296%)"><small>☆</small><span class="username" data-name="kay くコ彡">kay くコ彡</span>:</strong> <em>oops</em></div><div class="chat"><small>Techito_PvP left.</small></div><div class="spacer battle-history"><br></div><div class="battle-history">Tangela, come back!<br></div><div class="battle-history">Go! <strong>Altaria</strong>!<br></div><div class="spacer battle-history"><br></div><div class="battle-history">RawMelon withdrew Ursaring!<br></div><div class="battle-history">RawMelon sent out <strong>Zebstrika</strong>!<br></div><div class="spacer battle-history"><br></div><h2 class="battle-history">Turn 29</h2><div class="chat chatmessage-shuckledeath"><strong style="color:hsl(351,56%,48.145736073283295%)"><small> </small><span class="username" data-name="ShuckleDeath">ShuckleDeath</span>:</strong> <em>rawmelon fite me <s>irl</s> in adv</em></div><div class="spacer battle-history"><br></div><div class="battle-history">Altaria, come back!<br></div><div class="battle-history">Go! <strong>Golem</strong>!<br></div><div class="battle-history"><small>Golem was poisoned!</small><br></div><div class="spacer battle-history"><br></div><div class="battle-history">The opposing Zebstrika used <strong>Volt Switch</strong>!<br></div><div class="battle-history"><small>It doesn't affect Golem...</small><br></div><div class="spacer battle-history"><br></div><div class="battle-history"><small>Golem was hurt by poison!</small><br></div><div class="spacer battle-history"><br></div><h2 class="battle-history">Turn 30</h2><div class="spacer battle-history"><br></div><div class="battle-history">The opposing Zebstrika went back to RawMelon!<br></div><div class="battle-history">RawMelon sent out <strong>Jumpluff</strong>!<br></div><div class="spacer battle-history"><br></div><div class="battle-history">Golem used <strong>Stealth Rock</strong>!<br></div><div class="battle-history"><small>Pointed stones float in the air around the opposing team!</small><br></div><div class="spacer battle-history"><br></div><div class="battle-history"><small>Golem restored a little HP using its Leftovers!</small><br></div><div class="battle-history"><small>Golem was hurt by poison!</small><br></div><div class="spacer battle-history"><br></div><h2 class="battle-history">Turn 31</h2><div class="spacer battle-history"><br></div><div class="battle-history">The opposing Jumpluff used <strong>Substitute</strong>!<br></div><div class="battle-history"><small>The opposing Jumpluff put in a substitute!</small><br></div><div class="battle-history"><small>(The opposing Jumpluff lost <abbr title="−72/291">24.7%</abbr> of its health!)</small><br></div><div class="spacer battle-history"><br></div><div class="battle-history">Golem used <strong>Stone Edge</strong>!<br></div><div class="battle-history"><small>The opposing Jumpluff avoided the attack!</small><br></div><div class="spacer battle-history"><br></div><div class="battle-history"><small>The opposing Jumpluff restored a little HP using its Leftovers!</small><br></div><div class="battle-history"><small>Golem restored a little HP using its Leftovers!</small><br></div><div class="battle-history"><small>Golem was hurt by poison!</small><br></div><div class="spacer battle-history"><br></div><h2 class="battle-history">Turn 32</h2><div class="chat chatmessage-kay"><strong style="color:hsl(255,66%,56.8105735479296%)"><small>☆</small><span class="username" data-name="kay くコ彡">kay くコ彡</span>:</strong> <em>f</em></div><div class="spacer battle-history"><br></div><div class="battle-history">Golem, come back!<br></div><div class="battle-history">Go! <strong>Dusclops</strong>!<br></div><div class="battle-history"><small>[Dusclops's Pressure]</small><br><small>Dusclops is exerting its pressure!</small><br></div><div class="spacer battle-history"><br></div><div class="battle-history">The opposing Jumpluff used <strong>Leech Seed</strong>!<br></div><div class="battle-history"><small>Dusclops was seeded!</small><br></div><div class="spacer battle-history"><br></div><div class="battle-history"><small>The opposing Jumpluff restored a little HP using its Leftovers!</small><br></div><div class="battle-history"><small>Dusclops's health is sapped by Leech Seed!</small><br></div><div class="battle-history"><small>Dusclops was hurt by poison!</small><br></div><div class="spacer battle-history"><br></div><h2 class="battle-history">Turn 33</h2><div class="chat chatmessage-kay"><strong style="color:hsl(255,66%,56.8105735479296%)"><small>☆</small><span class="username" data-name="kay くコ彡">kay くコ彡</span>:</strong> <em>I wonder</em></div><div class="chat"><small>ShuckleDeath left.</small></div><div class="spacer battle-history"><br></div><div class="battle-history">The opposing Jumpluff used <strong>Swords Dance</strong>!<br></div><div class="battle-history"><small>The opposing Jumpluff's Attack rose sharply!</small><br></div><div class="spacer battle-history"><br></div><div class="battle-history">Dusclops used <strong>Rest</strong>!<br></div><div class="battle-history"><small>Dusclops fell asleep!</small><br></div><div class="battle-history"><small>Dusclops slept and became healthy!</small><br></div><div class="spacer battle-history"><br></div><div class="battle-history"><small>The opposing Jumpluff restored a little HP using its Leftovers!</small><br></div><div class="battle-history"><small>Dusclops's health is sapped by Leech Seed!</small><br></div><div class="spacer battle-history"><br></div><h2 class="battle-history">Turn 34</h2><div class="spacer battle-history"><br></div><div class="battle-history">The opposing Jumpluff used <strong>Swords Dance</strong>!<br></div><div class="battle-history"><small>The opposing Jumpluff's Attack rose sharply!</small><br></div><div class="spacer battle-history"><br></div><div class="battle-history">Dusclops is fast asleep.<br></div><div class="spacer battle-history"><br></div><div class="battle-history">Dusclops used <strong>Sleep Talk</strong>!<br></div><div class="spacer battle-history"><br></div><div class="battle-history">Dusclops used <strong>Will-O-Wisp</strong>!<br></div><div class="battle-history"><small>But it failed!</small><br></div><div class="spacer battle-history"><br></div><div class="battle-history"><small>Dusclops's health is sapped by Leech Seed!</small><br></div><div class="spacer battle-history"><br></div><h2 class="battle-history">Turn 35</h2><div class="spacer battle-history"><br></div><div class="battle-history">The opposing Jumpluff used <strong>Swords Dance</strong>!<br></div><div class="battle-history"><small>The opposing Jumpluff's Attack rose sharply!</small><br></div><div class="spacer battle-history"><br></div><div class="battle-history">Dusclops is fast asleep.<br></div><div class="spacer battle-history"><br></div><div class="battle-history">Dusclops used <strong>Sleep Talk</strong>!<br></div><div class="spacer battle-history"><br></div><div class="battle-history">Dusclops used <strong>Rest</strong>!<br></div><div class="battle-history"><small>But it failed!</small><br></div><div class="spacer battle-history"><br></div><div class="battle-history"><small>Dusclops's health is sapped by Leech Seed!</small><br></div><div class="spacer battle-history"><br></div><h2 class="battle-history">Turn 36</h2><div class="chat chatmessage-kay"><strong style="color:hsl(255,66%,56.8105735479296%)"><small>☆</small><span class="username" data-name="kay くコ彡">kay くコ彡</span>:</strong> <em>,</em></div><div class="spacer battle-history"><br></div><div class="battle-history">The opposing Jumpluff used <strong>Acrobatics</strong>!<br></div><div class="battle-history"><small>(Dusclops lost <abbr title="−100/284">35.2%</abbr> of its health!)</small><br></div><div class="battle-history"><small>Dusclops woke up!</small><br></div><div class="spacer battle-history"><br></div><div class="battle-history">Dusclops used <strong>Sleep Talk</strong>!<br></div><div class="battle-history"><small>But it failed!</small><br></div><div class="spacer battle-history"><br></div><div class="battle-history"><small>Dusclops's health is sapped by Leech Seed!</small><br></div><div class="spacer battle-history"><br></div><h2 class="battle-history">Turn 37</h2><div class="chat chatmessage-kay"><strong style="color:hsl(255,66%,56.8105735479296%)"><small>☆</small><span class="username" data-name="kay くコ彡">kay くコ彡</span>:</strong> <em>OH</em></div><div class="chat chatmessage-kay"><strong style="color:hsl(255,66%,56.8105735479296%)"><small>☆</small><span class="username" data-name="kay くコ彡">kay くコ彡</span>:</strong> <em>I MISSCLICKED</em></div><div class="chat chatmessage-kay"><strong style="color:hsl(255,66%,56.8105735479296%)"><small>☆</small><span class="username" data-name="kay くコ彡">kay くコ彡</span>:</strong> <em>NO LOL</em></div><div class="chat chatmessage-rawmelon"><strong style="color:hsl(223,45%,54.735457078935404%)"><small>☆</small><span class="username" data-name="RawMelon">RawMelon</span>:</strong> <em>Lol</em></div><div class="spacer battle-history"><br></div><div class="battle-history">The opposing Jumpluff used <strong>Acrobatics</strong>!<br></div><div class="battle-history"><small>(Dusclops lost <abbr title="−44/284">15.5%</abbr> of its health!)</small><br></div><div class="spacer battle-history"><br></div><div class="battle-history">Dusclops fainted!<br></div><div class="spacer battle-history"><br></div><div class="battle-history">Go! <strong>Altaria</strong>!<br></div><div class="spacer battle-history"><br></div><h2 class="battle-history">Turn 38</h2><div class="chat chatmessage-kay"><strong style="color:hsl(255,66%,56.8105735479296%)"><small>☆</small><span class="username" data-name="kay くコ彡">kay くコ彡</span>:</strong> <em>okay so</em></div><div class="chat chatmessage-kay"><strong style="color:hsl(255,66%,56.8105735479296%)"><small>☆</small><span class="username" data-name="kay くコ彡">kay くコ彡</span>:</strong> <em>I don't chew that</em></div><div class="chat chatmessage-kay"><strong style="color:hsl(255,66%,56.8105735479296%)"><small>☆</small><span class="username" data-name="kay くコ彡">kay くコ彡</span>:</strong> <em>good to know</em></div><div class="spacer battle-history"><br></div><div class="battle-history">The opposing Jumpluff used <strong>Acrobatics</strong>!<br></div><div class="battle-history"><small>(Altaria lost <abbr title="−208/353">58.9%</abbr> of its health!)</small><br></div><div class="spacer battle-history"><br></div><div class="battle-history">Altaria used <strong>Haze</strong>!<br></div><div class="battle-history"><small>All stat changes were eliminated!</small><br></div><div class="spacer battle-history"><br></div><div class="battle-history"><small>Altaria restored a little HP using its Leftovers!</small><br></div><div class="spacer battle-history"><br></div><h2 class="battle-history">Turn 39</h2><div class="spacer battle-history"><br></div><div class="battle-history">The opposing Jumpluff used <strong>Leech Seed</strong>!<br></div><div class="battle-history"><small>Altaria was seeded!</small><br></div><div class="spacer battle-history"><br></div><div class="battle-history">Altaria used <strong>Roost</strong>!<br></div><div class="battle-history"><small>Altaria restored its HP.</small><br></div><div class="spacer battle-history"><br></div><div class="battle-history"><small>Altaria restored a little HP using its Leftovers!</small><br></div><div class="battle-history"><small>Altaria's health is sapped by Leech Seed!</small><br></div><div class="spacer battle-history"><br></div><h2 class="battle-history">Turn 40</h2><div class="chat chatmessage-kay"><strong style="color:hsl(255,66%,56.8105735479296%)"><small>☆</small><span class="username" data-name="kay くコ彡">kay くコ彡</span>:</strong> <em>ugh</em></div><div class="chat chatmessage-kay"><strong style="color:hsl(255,66%,56.8105735479296%)"><small>☆</small><span class="username" data-name="kay くコ彡">kay くコ彡</span>:</strong> <em>I love heal bell + haze</em></div><div class="chat chatmessage-kay"><strong style="color:hsl(255,66%,56.8105735479296%)"><small>☆</small><span class="username" data-name="kay くコ彡">kay くコ彡</span>:</strong> <em>but like</em></div><div class="chat chatmessage-kay"><strong style="color:hsl(255,66%,56.8105735479296%)"><small>☆</small><span class="username" data-name="kay くコ彡">kay くコ彡</span>:</strong> <em>no flamethrower sucks</em></div><div class="spacer battle-history"><br></div><div class="battle-history">Altaria, come back!<br></div><div class="battle-history">Go! <strong>Audino</strong>!<br></div><div class="battle-history"><small>Audino was poisoned!</small><br></div><div class="spacer battle-history"><br></div><div class="battle-history">The opposing Jumpluff used <strong>Swords Dance</strong>!<br></div><div class="battle-history"><small>The opposing Jumpluff's Attack rose sharply!</small><br></div><div class="spacer battle-history"><br></div><div class="battle-history"><small>Audino was hurt by poison!</small><br></div><div class="spacer battle-history"><br></div><h2 class="battle-history">Turn 41</h2><div class="spacer battle-history"><br></div><div class="battle-history">The opposing Jumpluff used <strong>Acrobatics</strong>!<br></div><div class="battle-history"><small>(Audino lost <abbr title="−145/410">35.4%</abbr> of its health!)</small><br></div><div class="spacer battle-history"><br></div><div class="battle-history">Audino used <strong>Encore</strong>!<br></div><div class="battle-history"><small>The opposing Jumpluff received an encore!</small><br></div><div class="spacer battle-history"><br></div><div class="battle-history"><small>Audino restored a little HP using its Leftovers!</small><br></div><div class="battle-history"><small>Audino was hurt by poison!</small><br></div><div class="spacer battle-history"><br></div><h2 class="battle-history">Turn 42</h2><div class="spacer battle-history"><br></div><div class="battle-history">Audino, come back!<br></div><div class="battle-history">Go! <strong>Golem</strong>!<br></div><div class="spacer battle-history"><br></div><div class="battle-history">The opposing Jumpluff used <strong>Acrobatics</strong>!<br></div><div class="battle-history"><small>It's not very effective...</small><br></div><div class="battle-history"><small>(Golem lost <abbr title="−48/364">13.2%</abbr> of its health!)</small><br></div><div class="spacer battle-history"><br></div><div class="battle-history"><small>Golem restored a little HP using its Leftovers!</small><br></div><div class="battle-history"><small>Golem was hurt by poison!</small><br></div><div class="spacer battle-history"><br></div><h2 class="battle-history">Turn 43</h2><div class="spacer battle-history"><br></div><div class="battle-history">The opposing Jumpluff used <strong>Acrobatics</strong>!<br></div><div class="battle-history"><small>It's not very effective...</small><br></div><div class="battle-history"><small>(Golem lost <abbr title="−48/364">13.2%</abbr> of its health!)</small><br></div><div class="spacer battle-history"><br></div><div class="battle-history">Golem used <strong>Stone Edge</strong>!<br></div><div class="battle-history"><small>It's super effective!</small><br></div><div class="battle-history"><small>The opposing Jumpluff's substitute faded!</small><br></div><div class="spacer battle-history"><br></div><div class="battle-history"><small>Golem restored a little HP using its Leftovers!</small><br></div><div class="battle-history"><small>Golem was hurt by poison!</small><br></div><div class="spacer battle-history"><br></div><h2 class="battle-history">Turn 44</h2><div class="chat"><small>cyan★ize! joined.</small></div><div class="spacer battle-history"><br></div><div class="battle-history">RawMelon withdrew Jumpluff!<br></div><div class="battle-history">RawMelon sent out <strong>Pawniard</strong>!<br></div><div class="battle-history"><small>Pointed stones dug into the opposing Pawniard!</small><br></div><div class="spacer battle-history"><br></div><div class="battle-history">Golem, come back!<br></div><div class="battle-history">Go! <strong>Audino</strong>!<br></div><div class="spacer battle-history"><br></div><div class="battle-history"><small>Audino restored a little HP using its Leftovers!</small><br></div><div class="battle-history"><small>Audino was hurt by poison!</small><br></div><div class="spacer battle-history"><br></div><h2 class="battle-history">Turn 45</h2><div class="spacer battle-history"><br></div><div class="battle-history">The opposing Pawniard used <strong>Knock Off</strong>!<br></div><div class="battle-history"><small>(Audino lost <abbr title="−211/410">51.5%</abbr> of its health!)</small><br></div><div class="battle-history"><small>The opposing Pawniard knocked off Audino's Leftovers!</small><br></div><div class="battle-history"><small>The opposing Pawniard lost some of its HP!</small><br></div><div class="spacer battle-history"><br></div><div class="battle-history">Audino used <strong>Encore</strong>!<br></div><div class="battle-history"><small>The opposing Pawniard received an encore!</small><br></div><div class="spacer battle-history"><br></div><div class="battle-history"><small>Audino was hurt by poison!</small><br></div><div class="spacer battle-history"><br></div><h2 class="battle-history">Turn 46</h2><div class="chat chatmessage-kay"><strong style="color:hsl(255,66%,56.8105735479296%)"><small>☆</small><span class="username" data-name="kay くコ彡">kay くコ彡</span>:</strong> <em>gg</em></div><div class="chat chatmessage-kay"><strong style="color:hsl(255,66%,56.8105735479296%)"><small>☆</small><span class="username" data-name="kay くコ彡">kay くコ彡</span>:</strong> <em>xd</em></div><div class="spacer battle-history"><br></div><div class="battle-history"><small>kay くコ彡 forfeited.</small><br></div><div class="spacer battle-history"><br></div><div class="battle-history"><strong>RawMelon</strong> won the battle!<br></div><div class="chat"><small>kay くコ彡 left.</small></div><div class="chat chatmessage-rawmelon"><strong style="color:hsl(223,45%,54.735457078935404%)"><small>☆</small><span class="username" data-name="RawMelon">RawMelon</span>:</strong> <em>GG</em></div></div><div class="inner-preempt"></div></div></div>
</div>
<script>
let daily = Math.floor(Date.now()/1000/60/60/24);document.write('<script src="https://play.pokemonshowdown.com/js/replay-embed.js?version'+daily+'"></'+'script>');
</script>
