<!DOCTYPE html>
<meta charset="utf-8" />
<!-- version 1 -->
<title>PU replay: 2xTheTap vs. Slowbroth</title>
<style>
html,body {font-family:Verdana, sans-serif;font-size:10pt;margin:0;padding:0;}body{padding:12px 0;} .battle-log {font-family:Verdana, sans-serif;font-size:10pt;} .battle-log-inline {border:1px solid #AAAAAA;background:#EEF2F5;color:black;max-width:640px;margin:0 auto 80px;padding-bottom:5px;} .battle-log .inner {padding:4px 8px 0px 8px;} .battle-log .inner-preempt {padding:0 8px 4px 8px;} .battle-log .inner-after {margin-top:0.5em;} .battle-log h2 {margin:0.5em -8px;padding:4px 8px;border:1px solid #AAAAAA;background:#E0E7EA;border-left:0;border-right:0;font-family:Verdana, sans-serif;font-size:13pt;} .battle-log .chat {vertical-align:middle;padding:3px 0 3px 0;font-size:8pt;} .battle-log .chat strong {color:#40576A;} .battle-log .chat em {padding:1px 4px 1px 3px;color:#000000;font-style:normal;} .chat.mine {background:rgba(0,0,0,0.05);margin-left:-8px;margin-right:-8px;padding-left:8px;padding-right:8px;} .spoiler {color:#BBBBBB;background:#BBBBBB;padding:0px 3px;} .spoiler:hover, .spoiler:active, .spoiler-shown {color:#000000;background:#E2E2E2;padding:0px 3px;} .spoiler a {color:#BBBBBB;} .spoiler:hover a, .spoiler:active a, .spoiler-shown a {color:#2288CC;} .chat code, .chat .spoiler:hover code, .chat .spoiler:active code, .chat .spoiler-shown code {border:1px solid #C0C0C0;background:#EEEEEE;color:black;padding:0 2px;} .chat .spoiler code {border:1px solid #CCCCCC;background:#CCCCCC;color:#CCCCCC;} .battle-log .rated {padding:3px 4px;} .battle-log .rated strong {color:white;background:#89A;padding:1px 4px;border-radius:4px;} .spacer {margin-top:0.5em;} .message-announce {background:#6688AA;color:white;padding:1px 4px 2px;} .message-announce a, .broadcast-green a, .broadcast-blue a, .broadcast-red a {color:#DDEEFF;} .broadcast-green {background-color:#559955;color:white;padding:2px 4px;} .broadcast-blue {background-color:#6688AA;color:white;padding:2px 4px;} .infobox {border:1px solid #6688AA;padding:2px 4px;} .infobox-limited {max-height:200px;overflow:auto;overflow-x:hidden;} .broadcast-red {background-color:#AA5544;color:white;padding:2px 4px;} .message-learn-canlearn {font-weight:bold;color:#228822;text-decoration:underline;} .message-learn-cannotlearn {font-weight:bold;color:#CC2222;text-decoration:underline;} .message-effect-weak {font-weight:bold;color:#CC2222;} .message-effect-resist {font-weight:bold;color:#6688AA;} .message-effect-immune {font-weight:bold;color:#666666;} .message-learn-list {margin-top:0;margin-bottom:0;} .message-throttle-notice, .message-error {color:#992222;} .message-overflow, .chat small.message-overflow {font-size:0pt;} .message-overflow::before {font-size:9pt;content:'...';} .subtle {color:#3A4A66;}
</style>
<div class="wrapper replay-wrapper" style="max-width:1180px;margin:0 auto">
<input type="hidden" name="replayid" value="pu-546034473" />
<div class="battle"></div><div class="battle-log"></div><div class="replay-controls"></div><div class="replay-controls-2"></div>
<h1 style="font-weight:normal;text-align:center"><strong>PU</strong><br /><a href="http://pokemonshowdown.com/users/2xthetap" class="subtle" target="_blank">2xTheTap</a> vs. <a href="http://pokemonshowdown.com/users/slowbroth" class="subtle" target="_blank">Slowbroth</a></h1>
<script type="text/plain" class="battle-log-data">|j|2xTheTap
|j|Slowbroth
|player|p1|2xTheTap|#2xthetap
|player|p2|Slowbroth|277
|gametype|singles
|gen|6
|tier|PU
|seed|57151,55122,29734,23497
|rule|Sleep Clause Mod: Limit one foe put to sleep
|rule|Species Clause: Limit one of each Pokémon
|rule|OHKO Clause: OHKO moves are banned
|rule|Moody Clause: Moody is banned
|rule|Evasion Moves Clause: Evasion moves are banned
|rule|Endless Battle Clause: Forcing endless battles is banned
|rule|HP Percentage Mod: HP is shown in percentages
|clearpoke
|poke|p1|Rapidash, M|item
|poke|p1|Cacturne, F|item
|poke|p1|Misdreavus, F|item
|poke|p1|Purugly, M|item
|poke|p1|Zebstrika, F|item
|poke|p1|Golem, M|item
|poke|p2|Muk, F|item
|poke|p2|Prinplup, M|item
|poke|p2|Butterfree, M, shiny|item
|poke|p2|Zebstrika, F|item
|poke|p2|Pawniard, F, shiny|item
|poke|p2|Mr. Mime, M, shiny|item
|rule|Swagger Clause: Swagger is banned
|rule|Baton Pass Clause: Limit one Baton Passer, can't pass Spe and other stats simultaneously
|teampreview
|j|TIBot
|j|Based Loser
|j|Chrisloud
|c|☆2xTheTap|ah
|j|Al shady
|c|☆2xTheTap|be free
|c|☆2xTheTap|gl hf
|c|☆Slowbroth|hf
|j|Zachness1
|j|PokemonMasterTJ
|j|UBERSkitty
|choice|team 1, team 2, team 3, team 4, team 5, team 6|team 1, team 2, team 3, team 4, team 5, team 6
|
|start
|switch|p1a: Rapidash|Rapidash, M|271\/271
|switch|p2a: Muk|Muk, F|351\/351
|turn|1
|c| UBERSkitty|glhf
|choice|move willowisp|move gunkshot
|
|move|p1a: Rapidash|Will-O-Wisp|p2a: Muk
|-status|p2a: Muk|brn
|move|p2a: Muk|Gunk Shot|p1a: Rapidash
|-damage|p1a: Rapidash|111\/271
|-damage|p2a: Muk|316\/351 brn|[from] item: Life Orb
|
|-damage|p2a: Muk|273\/351 brn|[from] brn
|upkeep
|turn|2
|choice|move morningsun|switch 2
|
|switch|p2a: Prinplup|Prinplup, M|331\/331
|move|p1a: Rapidash|Morning Sun|p1a: Rapidash
|-heal|p1a: Rapidash|246\/271
|
|upkeep
|turn|3
|choice|switch 2|move stealthrock
|
|switch|p1a: Cacturne|Cacturne, F|279\/279
|move|p2a: Prinplup|Stealth Rock|p1a: Cacturne
|-sidestart|p1: 2xTheTap|move: Stealth Rock
|
|upkeep
|turn|4
|choice|move spikes|switch 2
|
|switch|p2a: Muk|Muk, F|273\/351 brn
|move|p1a: Cacturne|Spikes|p2a: Muk
|-sidestart|p2: Slowbroth|Spikes
|
|-damage|p2a: Muk|230\/351 brn|[from] brn
|upkeep
|turn|5
|choice|switch 6|move icepunch
|
|switch|p1a: Golem|Golem, M|363\/363
|-damage|p1a: Golem|341\/363|[from] Stealth Rock
|move|p2a: Muk|Ice Punch|p1a: Golem
|-supereffective|p1a: Golem
|-damage|p1a: Golem|260\/363
|-damage|p2a: Muk|195\/351 brn|[from] item: Life Orb
|
|-heal|p1a: Golem|282\/363|[from] item: Leftovers
|-damage|p2a: Muk|152\/351 brn|[from] brn
|upkeep
|turn|6
|choice|move roar|switch 2
|
|switch|p2a: Prinplup|Prinplup, M|331\/331
|-damage|p2a: Prinplup|290\/331|[from] Spikes
|move|p1a: Golem|Roar|p2a: Prinplup
|drag|p2a: Pawniard|Pawniard, F, shiny|231\/231
|-damage|p2a: Pawniard|203\/231|[from] Spikes
|
|-heal|p1a: Golem|304\/363|[from] item: Leftovers
|upkeep
|turn|7
|choice|move earthquake|switch 3
|
|switch|p2a: Butterfree|Butterfree, M, shiny|261\/261
|move|p1a: Golem|Earthquake|p2a: Butterfree
|-immune|p2a: Butterfree|[msg]
|
|-heal|p1a: Golem|326\/363|[from] item: Leftovers
|upkeep
|turn|8
|choice|move stoneedge|move sleeppowder
|
|move|p2a: Butterfree|Sleep Powder|p1a: Golem
|-status|p1a: Golem|slp
|cant|p1a: Golem|slp
|
|-heal|p1a: Golem|348\/363 slp|[from] item: Leftovers
|upkeep
|turn|9
|choice|switch 5|move quiverdance
|
|switch|p1a: Zebstrika|Zebstrika, F|291\/291
|-damage|p1a: Zebstrika|255\/291|[from] Stealth Rock
|move|p2a: Butterfree|Quiver Dance|p2a: Butterfree
|-boost|p2a: Butterfree|spa|1
|-boost|p2a: Butterfree|spd|1
|-boost|p2a: Butterfree|spe|1
|
|-heal|p1a: Zebstrika|273\/291|[from] item: Leftovers
|upkeep
|turn|10
|choice|move thunderbolt|move bugbuzz
|
|move|p2a: Butterfree|Bug Buzz|p1a: Zebstrika
|-damage|p1a: Zebstrika|0 fnt
|-damage|p2a: Butterfree|235\/261|[from] item: Life Orb
|faint|p1a: Zebstrika
|
|upkeep
|choice|switch 6|
|
|switch|p1a: Cacturne|Cacturne, F|279\/279
|-damage|p1a: Cacturne|245\/279|[from] Stealth Rock
|turn|11
|choice|move spikes|switch 2
|
|switch|p2a: Muk|Muk, F|152\/351 brn
|-damage|p2a: Muk|109\/351 brn|[from] Spikes
|move|p1a: Cacturne|Spikes|p2a: Muk
|-sidestart|p2: Slowbroth|Spikes
|
|-damage|p2a: Muk|66\/351 brn|[from] brn
|upkeep
|turn|12
|c|+PokemonMasterTJ|sub here
|choice|switch 5|move memento
|
|switch|p1a: Golem|Golem, M|348\/363 slp
|-damage|p1a: Golem|326\/363 slp|[from] Stealth Rock
|move|p2a: Muk|Memento|p1a: Golem
|-unboost|p1a: Golem|atk|2
|-unboost|p1a: Golem|spa|2
|faint|p2a: Muk
|
|-heal|p1a: Golem|348\/363 slp|[from] item: Leftovers
|upkeep
|choice||switch 2
|
|switch|p2a: Butterfree|Butterfree, M, shiny|235\/261
|turn|13
|choice|move stoneedge|move quiverdance
|
|move|p2a: Butterfree|Quiver Dance|p2a: Butterfree
|-boost|p2a: Butterfree|spa|1
|-boost|p2a: Butterfree|spd|1
|-boost|p2a: Butterfree|spe|1
|cant|p1a: Golem|slp
|
|-heal|p1a: Golem|363\/363 slp|[from] item: Leftovers
|upkeep
|turn|14
|choice|move stoneedge|move bugbuzz
|
|move|p2a: Butterfree|Bug Buzz|p1a: Golem
|-ability|p1a: Golem|Sturdy
|-damage|p1a: Golem|1\/363 slp
|-damage|p2a: Butterfree|209\/261|[from] item: Life Orb
|cant|p1a: Golem|slp
|
|-heal|p1a: Golem|23\/363 slp|[from] item: Leftovers
|upkeep
|turn|15
|c|☆2xTheTap|lol
|choice|move stoneedge|move bugbuzz
|
|move|p2a: Butterfree|Bug Buzz|p1a: Golem
|-damage|p1a: Golem|0 fnt
|-damage|p2a: Butterfree|183\/261|[from] item: Life Orb
|faint|p1a: Golem
|
|upkeep
|c|☆Slowbroth|go rapidash
|choice|switch 4|
|
|switch|p1a: Purugly|Purugly, M|283\/283
|-damage|p1a: Purugly|248\/283|[from] Stealth Rock
|turn|16
|c|☆Slowbroth|darn
|choice|move fakeout|switch 5
|
|switch|p2a: Prinplup|Prinplup, M|290\/331
|-damage|p2a: Prinplup|235\/331|[from] Spikes
|move|p1a: Purugly|Fake Out|p2a: Prinplup
|-damage|p2a: Prinplup|196\/331
|
|upkeep
|turn|17
|choice|move knockoff|move toxic
|
|move|p1a: Purugly|Knock Off|p2a: Prinplup
|-damage|p2a: Prinplup|140\/331
|-enditem|p2a: Prinplup|Eviolite|[from] move: Knock Off|[of] p1a: Purugly
|move|p2a: Prinplup|Toxic|p1a: Purugly
|-status|p1a: Purugly|tox
|
|-damage|p1a: Purugly|231\/283 tox|[from] psn
|upkeep
|turn|18
|choice|move frustration|move scald
|
|move|p1a: Purugly|Frustration|p2a: Prinplup
|-damage|p2a: Prinplup|0 fnt
|faint|p2a: Prinplup
|
|-damage|p1a: Purugly|197\/283 tox|[from] psn
|upkeep
|choice||switch 3
|
|switch|p2a: Pawniard|Pawniard, F, shiny|203\/231
|-damage|p2a: Pawniard|165\/231|[from] Spikes
|turn|19
|choice|move uturn|move knockoff
|
|move|p1a: Purugly|U-turn|p2a: Pawniard
|-damage|p2a: Pawniard|107\/231
|choice|switch 2|
|
|switch|p1a: Rapidash|Rapidash, M|246\/271
|-damage|p1a: Rapidash|179\/271|[from] Stealth Rock
|move|p2a: Pawniard|Knock Off|p1a: Rapidash
|-damage|p1a: Rapidash|0 fnt
|-enditem|p1a: Rapidash|Charcoal|[from] move: Knock Off|[of] p2a: Pawniard
|faint|p1a: Rapidash
|
|upkeep
|c| UBERSkitty|i lov shiny pawniard <3
|choice|switch 5|
|
|switch|p1a: Cacturne|Cacturne, F|245\/279
|-damage|p1a: Cacturne|211\/279|[from] Stealth Rock
|turn|20
|choice|move superpower|move suckerpunch
|
|move|p2a: Pawniard|Sucker Punch|p1a: Cacturne
|-resisted|p1a: Cacturne
|-damage|p1a: Cacturne|126\/279
|move|p1a: Cacturne|Superpower|p2a: Pawniard
|-supereffective|p2a: Pawniard
|-damage|p2a: Pawniard|0 fnt
|-unboost|p1a: Cacturne|atk|1
|-unboost|p1a: Cacturne|def|1
|-damage|p1a: Cacturne|99\/279|[from] item: Life Orb
|faint|p2a: Pawniard
|
|upkeep
|choice||switch 4
|
|switch|p2a: Zebstrika|Zebstrika, F|291\/291
|-damage|p2a: Zebstrika|243\/291|[from] Spikes
|turn|21
|choice|move suckerpunch|move thunderbolt
|
|move|p1a: Cacturne|Sucker Punch|p2a: Zebstrika
|-damage|p2a: Zebstrika|68\/291
|-damage|p1a: Cacturne|72\/279|[from] item: Life Orb
|move|p2a: Zebstrika|Thunderbolt|p1a: Cacturne
|-resisted|p1a: Cacturne
|-damage|p1a: Cacturne|0 fnt
|-damage|p2a: Zebstrika|39\/291|[from] item: Life Orb
|faint|p1a: Cacturne
|
|upkeep
|choice|switch 2|
|
|switch|p1a: Purugly|Purugly, M|197\/283 tox
|-damage|p1a: Purugly|162\/283 tox|[from] Stealth Rock
|turn|22
|choice|move fakeout|move thunderbolt
|
|move|p1a: Purugly|Fake Out|p2a: Zebstrika
|-damage|p2a: Zebstrika|0 fnt
|faint|p2a: Zebstrika
|
|-damage|p1a: Purugly|145\/283 tox|[from] psn
|upkeep
|choice||switch 6
|
|switch|p2a: Mr. Mime|Mr. Mime, M, shiny|221\/221
|-damage|p2a: Mr. Mime|185\/221|[from] Spikes
|turn|23
|choice|move frustration|switch 5
|
|switch|p2a: Butterfree|Butterfree, M, shiny|183\/261
|move|p1a: Purugly|Frustration|p2a: Butterfree
|-damage|p2a: Butterfree|0 fnt
|faint|p2a: Butterfree
|
|-damage|p1a: Purugly|111\/283 tox|[from] psn
|upkeep
|c|☆Slowbroth|o
|choice||switch 5
|
|switch|p2a: Mr. Mime|Mr. Mime, M, shiny|185\/221
|-damage|p2a: Mr. Mime|149\/221|[from] Spikes
|turn|24
|choice|move frustration|move psychic
|
|move|p2a: Mr. Mime|Psychic|p1a: Purugly
|-damage|p1a: Purugly|0 fnt
|faint|p1a: Purugly
|
|upkeep
|choice|switch 3|
|
|switch|p1a: Misdreavus|Misdreavus, F|261\/261
|-damage|p1a: Misdreavus|229\/261|[from] Stealth Rock
|turn|25
|choice|move shadowball|move psychic
|
|move|p2a: Mr. Mime|Psychic|p1a: Misdreavus
|-damage|p1a: Misdreavus|132\/261
|move|p1a: Misdreavus|Shadow Ball|p2a: Mr. Mime
|-supereffective|p2a: Mr. Mime
|-damage|p2a: Mr. Mime|0 fnt
|faint|p2a: Mr. Mime
|
|win|2xTheTap
|player|p1
|player|p2
|l|TIBot
|c| UBERSkitty|gg
|c|☆Slowbroth|gg
|l|Slowbroth
|c|☆2xTheTap|gg</script>
</div>
<div class="battle-log battle-log-inline"><div class="inner"><div class="battle-options"></div><div class="inner"><div class="chat"><small>2xTheTap joined.</small></div><div class="chat"><small>Slowbroth joined.</small></div><div class=""><small>Format:</small> <br><strong>PU</strong></div><div class=""><small><em>Sleep Clause Mod:</em> Limit one foe put to sleep</small></div><div class=""><small><em>Species Clause:</em> Limit one of each Pokémon</small></div><div class=""><small><em>OHKO Clause:</em> OHKO moves are banned</small></div><div class=""><small><em>Moody Clause:</em> Moody is banned</small></div><div class=""><small><em>Evasion Moves Clause:</em> Evasion moves are banned</small></div><div class=""><small><em>Endless Battle Clause:</em> Forcing endless battles is banned</small></div><div class=""><small><em>HP Percentage Mod:</em> HP is shown in percentages</small></div><div class=""><small><em>Swagger Clause:</em> Swagger is banned</small></div><div class=""><small><em>Baton Pass Clause:</em> Limit one Baton Passer, can't pass Spe and other stats simultaneously</small></div><div class="chat battle-history"><strong>2xTheTap's team:</strong> <em style="color:#445566;display:block;">Rapidash / Cacturne / Misdreavus / Purugly / Zebstrika / Golem</em></div><div class="chat battle-history"><strong>Slowbroth's team:</strong> <em style="color:#445566;display:block;">Muk / Prinplup / Butterfree / Zebstrika / Pawniard / Mr. Mime</em></div><div class="chat"><small>TIBot joined.</small></div><div class="chat"><small>Based Loser joined.</small></div><div class="chat"><small>Chrisloud joined.</small></div><div class="chat chatmessage-2xthetap"><strong style="color:hsl(356,51%,50.948703188140954%)"><small>☆</small><span class="username" data-name="2xTheTap">2xTheTap</span>:</strong> <em>ah</em></div><div class="chat"><small>Al shady joined.</small></div><div class="chat chatmessage-2xthetap"><strong style="color:hsl(356,51%,50.948703188140954%)"><small>☆</small><span class="username" data-name="2xTheTap">2xTheTap</span>:</strong> <em>be free</em></div><div class="chat chatmessage-2xthetap"><strong style="color:hsl(356,51%,50.948703188140954%)"><small>☆</small><span class="username" data-name="2xTheTap">2xTheTap</span>:</strong> <em>gl hf</em></div><div class="chat chatmessage-slowbroth"><strong style="color:hsl(317,62%,48.816815154816716%)"><small>☆</small><span class="username" data-name="Slowbroth">Slowbroth</span>:</strong> <em>hf</em></div><div class="chat"><small>Zachness1 joined.</small></div><div class="chat"><small>PokemonMasterTJ joined.</small></div><div class="chat"><small>UBERSkitty joined.</small></div><div class="spacer battle-history"><br></div><div class="battle-history">Battle started between 2xTheTap and Slowbroth!<br></div><div class="spacer battle-history"><br></div><div class="battle-history">Go! <strong>Rapidash</strong>!<br></div><div class="spacer battle-history"><br></div><div class="battle-history">Slowbroth sent out <strong>Muk</strong>!<br></div><div class="spacer battle-history"><br></div><h2 class="battle-history">Turn 1</h2><div class="chat chatmessage-uberskitty"><strong style="color:hsl(74,64%,33%)"><small> </small><span class="username" data-name="UBERSkitty">UBERSkitty</span>:</strong> <em>glhf</em></div><div class="spacer battle-history"><br></div><div class="battle-history">Rapidash used <strong>Will-O-Wisp</strong>!<br></div><div class="battle-history"><small>The opposing Muk was burned!</small><br></div><div class="spacer battle-history"><br></div><div class="battle-history">The opposing Muk used <strong>Gunk Shot</strong>!<br></div><div class="battle-history"><small>(Rapidash lost <abbr title="−160/271">59.0%</abbr> of its health!)</small><br></div><div class="battle-history"><small>The opposing Muk lost some of its HP!</small><br></div><div class="spacer battle-history"><br></div><div class="battle-history"><small>The opposing Muk was hurt by its burn!</small><br></div><div class="spacer battle-history"><br></div><h2 class="battle-history">Turn 2</h2><div class="spacer battle-history"><br></div><div class="battle-history">Slowbroth withdrew Muk!<br></div><div class="battle-history">Slowbroth sent out <strong>Prinplup</strong>!<br></div><div class="spacer battle-history"><br></div><div class="battle-history">Rapidash used <strong>Morning Sun</strong>!<br></div><div class="battle-history"><small>Rapidash restored its HP.</small><br></div><div class="spacer battle-history"><br></div><h2 class="battle-history">Turn 3</h2><div class="spacer battle-history"><br></div><div class="battle-history">Rapidash, come back!<br></div><div class="battle-history">Go! <strong>Cacturne</strong>!<br></div><div class="spacer battle-history"><br></div><div class="battle-history">The opposing Prinplup used <strong>Stealth Rock</strong>!<br></div><div class="battle-history"><small>Pointed stones float in the air around your team!</small><br></div><div class="spacer battle-history"><br></div><h2 class="battle-history">Turn 4</h2><div class="spacer battle-history"><br></div><div class="battle-history">Slowbroth withdrew Prinplup!<br></div><div class="battle-history">Slowbroth sent out <strong>Muk</strong>!<br></div><div class="spacer battle-history"><br></div><div class="battle-history">Cacturne used <strong>Spikes</strong>!<br></div><div class="battle-history"><small>Spikes were scattered on the ground all around the opposing team!</small><br></div><div class="spacer battle-history"><br></div><div class="battle-history"><small>The opposing Muk was hurt by its burn!</small><br></div><div class="spacer battle-history"><br></div><h2 class="battle-history">Turn 5</h2><div class="spacer battle-history"><br></div><div class="battle-history">Cacturne, come back!<br></div><div class="battle-history">Go! <strong>Golem</strong>!<br></div><div class="battle-history"><small>Pointed stones dug into Golem!</small><br></div><div class="spacer battle-history"><br></div><div class="battle-history">The opposing Muk used <strong>Ice Punch</strong>!<br></div><div class="battle-history"><small>It's super effective!</small><br></div><div class="battle-history"><small>(Golem lost <abbr title="−81/363">22.3%</abbr> of its health!)</small><br></div><div class="battle-history"><small>The opposing Muk lost some of its HP!</small><br></div><div class="spacer battle-history"><br></div><div class="battle-history"><small>Golem restored a little HP using its Leftovers!</small><br></div><div class="battle-history"><small>The opposing Muk was hurt by its burn!</small><br></div><div class="spacer battle-history"><br></div><h2 class="battle-history">Turn 6</h2><div class="spacer battle-history"><br></div><div class="battle-history">Slowbroth withdrew Muk!<br></div><div class="battle-history">Slowbroth sent out <strong>Prinplup</strong>!<br></div><div class="battle-history"><small>The opposing Prinplup is hurt by the spikes!</small><br></div><div class="spacer battle-history"><br></div><div class="battle-history">Golem used <strong>Roar</strong>!<br></div><div class="spacer battle-history"><br></div><div class="battle-history"><strong>Pawniard</strong> was dragged out!<br></div><div class="battle-history"><small>The opposing Pawniard is hurt by the spikes!</small><br></div><div class="spacer battle-history"><br></div><div class="battle-history"><small>Golem restored a little HP using its Leftovers!</small><br></div><div class="spacer battle-history"><br></div><h2 class="battle-history">Turn 7</h2><div class="spacer battle-history"><br></div><div class="battle-history">Slowbroth withdrew Pawniard!<br></div><div class="battle-history">Slowbroth sent out <strong>Butterfree</strong>!<br></div><div class="spacer battle-history"><br></div><div class="battle-history">Golem used <strong>Earthquake</strong>!<br></div><div class="battle-history"><small>It doesn't affect the opposing Butterfree...</small><br></div><div class="spacer battle-history"><br></div><div class="battle-history"><small>Golem restored a little HP using its Leftovers!</small><br></div><div class="spacer battle-history"><br></div><h2 class="battle-history">Turn 8</h2><div class="spacer battle-history"><br></div><div class="battle-history">The opposing Butterfree used <strong>Sleep Powder</strong>!<br></div><div class="battle-history"><small>Golem fell asleep!</small><br></div><div class="spacer battle-history"><br></div><div class="battle-history">Golem is fast asleep.<br></div><div class="spacer battle-history"><br></div><div class="battle-history"><small>Golem restored a little HP using its Leftovers!</small><br></div><div class="spacer battle-history"><br></div><h2 class="battle-history">Turn 9</h2><div class="spacer battle-history"><br></div><div class="battle-history">Golem, come back!<br></div><div class="battle-history">Go! <strong>Zebstrika</strong>!<br></div><div class="battle-history"><small>Pointed stones dug into Zebstrika!</small><br></div><div class="spacer battle-history"><br></div><div class="battle-history">The opposing Butterfree used <strong>Quiver Dance</strong>!<br></div><div class="battle-history"><small>The opposing Butterfree's Special Attack rose!</small><br></div><div class="battle-history"><small>The opposing Butterfree's Special Defense rose!</small><br></div><div class="battle-history"><small>The opposing Butterfree's Speed rose!</small><br></div><div class="spacer battle-history"><br></div><div class="battle-history"><small>Zebstrika restored a little HP using its Leftovers!</small><br></div><div class="spacer battle-history"><br></div><h2 class="battle-history">Turn 10</h2><div class="spacer battle-history"><br></div><div class="battle-history">The opposing Butterfree used <strong>Bug Buzz</strong>!<br></div><div class="battle-history"><small>(Zebstrika lost <abbr title="−273/291">93.8%</abbr> of its health!)</small><br></div><div class="battle-history"><small>The opposing Butterfree lost some of its HP!</small><br></div><div class="spacer battle-history"><br></div><div class="battle-history">Zebstrika fainted!<br></div><div class="spacer battle-history"><br></div><div class="battle-history">Go! <strong>Cacturne</strong>!<br></div><div class="battle-history"><small>Pointed stones dug into Cacturne!</small><br></div><div class="spacer battle-history"><br></div><h2 class="battle-history">Turn 11</h2><div class="spacer battle-history"><br></div><div class="battle-history">Slowbroth withdrew Butterfree!<br></div><div class="battle-history">Slowbroth sent out <strong>Muk</strong>!<br></div><div class="battle-history"><small>The opposing Muk is hurt by the spikes!</small><br></div><div class="spacer battle-history"><br></div><div class="battle-history">Cacturne used <strong>Spikes</strong>!<br></div><div class="battle-history"><small>Spikes were scattered on the ground all around the opposing team!</small><br></div><div class="spacer battle-history"><br></div><div class="battle-history"><small>The opposing Muk was hurt by its burn!</small><br></div><div class="spacer battle-history"><br></div><h2 class="battle-history">Turn 12</h2><div class="chat chatmessage-pokemonmastertj"><strong style="color:hsl(26,75%,48%)"><small>+</small><span class="username" data-name="PokemonMasterTJ">PokemonMasterTJ</span>:</strong> <em>sub here</em></div><div class="spacer battle-history"><br></div><div class="battle-history">Cacturne, come back!<br></div><div class="battle-history">Go! <strong>Golem</strong>!<br></div><div class="battle-history"><small>Pointed stones dug into Golem!</small><br></div><div class="spacer battle-history"><br></div><div class="battle-history">The opposing Muk used <strong>Memento</strong>!<br></div><div class="battle-history"><small>Golem's Attack fell harshly!</small><br></div><div class="battle-history"><small>Golem's Special Attack fell harshly!</small><br></div><div class="spacer battle-history"><br></div><div class="battle-history">The opposing Muk fainted!<br></div><div class="spacer battle-history"><br></div><div class="battle-history"><small>Golem restored a little HP using its Leftovers!</small><br></div><div class="spacer battle-history"><br></div><div class="battle-history">Slowbroth sent out <strong>Butterfree</strong>!<br></div><div class="spacer battle-history"><br></div><h2 class="battle-history">Turn 13</h2><div class="spacer battle-history"><br></div><div class="battle-history">The opposing Butterfree used <strong>Quiver Dance</strong>!<br></div><div class="battle-history"><small>The opposing Butterfree's Special Attack rose!</small><br></div><div class="battle-history"><small>The opposing Butterfree's Special Defense rose!</small><br></div><div class="battle-history"><small>The opposing Butterfree's Speed rose!</small><br></div><div class="spacer battle-history"><br></div><div class="battle-history">Golem is fast asleep.<br></div><div class="spacer battle-history"><br></div><div class="battle-history"><small>Golem restored a little HP using its Leftovers!</small><br></div><div class="spacer battle-history"><br></div><h2 class="battle-history">Turn 14</h2><div class="spacer battle-history"><br></div><div class="battle-history">The opposing Butterfree used <strong>Bug Buzz</strong>!<br></div><div class="battle-history"><small>[Golem's Sturdy]</small><br><small>Golem endured the hit!</small><br></div><div class="battle-history"><small>(Golem lost <abbr title="−362/363">99.7%</abbr> of its health!)</small><br></div><div class="battle-history"><small>The opposing Butterfree lost some of its HP!</small><br></div><div class="spacer battle-history"><br></div><div class="battle-history">Golem is fast asleep.<br></div><div class="spacer battle-history"><br></div><div class="battle-history"><small>Golem restored a little HP using its Leftovers!</small><br></div><div class="spacer battle-history"><br></div><h2 class="battle-history">Turn 15</h2><div class="chat chatmessage-2xthetap"><strong style="color:hsl(356,51%,50.948703188140954%)"><small>☆</small><span class="username" data-name="2xTheTap">2xTheTap</span>:</strong> <em>lol</em></div><div class="spacer battle-history"><br></div><div class="battle-history">The opposing Butterfree used <strong>Bug Buzz</strong>!<br></div><div class="battle-history"><small>(Golem lost <abbr title="−23/363">6.3%</abbr> of its health!)</small><br></div><div class="battle-history"><small>The opposing Butterfree lost some of its HP!</small><br></div><div class="spacer battle-history"><br></div><div class="battle-history">Golem fainted!<br></div><div class="chat chatmessage-slowbroth"><strong style="color:hsl(317,62%,48.816815154816716%)"><small>☆</small><span class="username" data-name="Slowbroth">Slowbroth</span>:</strong> <em>go rapidash</em></div><div class="spacer battle-history"><br></div><div class="battle-history">Go! <strong>Purugly</strong>!<br></div><div class="battle-history"><small>Pointed stones dug into Purugly!</small><br></div><div class="spacer battle-history"><br></div><h2 class="battle-history">Turn 16</h2><div class="chat chatmessage-slowbroth"><strong style="color:hsl(317,62%,48.816815154816716%)"><small>☆</small><span class="username" data-name="Slowbroth">Slowbroth</span>:</strong> <em>darn</em></div><div class="spacer battle-history"><br></div><div class="battle-history">Slowbroth withdrew Butterfree!<br></div><div class="battle-history">Slowbroth sent out <strong>Prinplup</strong>!<br></div><div class="battle-history"><small>The opposing Prinplup is hurt by the spikes!</small><br></div><div class="spacer battle-history"><br></div><div class="battle-history">Purugly used <strong>Fake Out</strong>!<br></div><div class="battle-history"><small>(The opposing Prinplup lost <abbr title="−39/331">11.8%</abbr> of its health!)</small><br></div><div class="spacer battle-history"><br></div><h2 class="battle-history">Turn 17</h2><div class="spacer battle-history"><br></div><div class="battle-history">Purugly used <strong>Knock Off</strong>!<br></div><div class="battle-history"><small>(The opposing Prinplup lost <abbr title="−56/331">16.9%</abbr> of its health!)</small><br></div><div class="battle-history"><small>Purugly knocked off the opposing Prinplup's Eviolite!</small><br></div><div class="spacer battle-history"><br></div><div class="battle-history">The opposing Prinplup used <strong>Toxic</strong>!<br></div><div class="battle-history"><small>Purugly was badly poisoned!</small><br></div><div class="spacer battle-history"><br></div><div class="battle-history"><small>Purugly was hurt by poison!</small><br></div><div class="spacer battle-history"><br></div><h2 class="battle-history">Turn 18</h2><div class="spacer battle-history"><br></div><div class="battle-history">Purugly used <strong>Frustration</strong>!<br></div><div class="battle-history"><small>(The opposing Prinplup lost <abbr title="−140/331">42.3%</abbr> of its health!)</small><br></div><div class="spacer battle-history"><br></div><div class="battle-history">The opposing Prinplup fainted!<br></div><div class="spacer battle-history"><br></div><div class="battle-history"><small>Purugly was hurt by poison!</small><br></div><div class="spacer battle-history"><br></div><div class="battle-history">Slowbroth sent out <strong>Pawniard</strong>!<br></div><div class="battle-history"><small>The opposing Pawniard is hurt by the spikes!</small><br></div><div class="spacer battle-history"><br></div><h2 class="battle-history">Turn 19</h2><div class="spacer battle-history"><br></div><div class="battle-history">Purugly used <strong>U-turn</strong>!<br></div><div class="battle-history"><small>(The opposing Pawniard lost <abbr title="−58/231">25.1%</abbr> of its health!)</small><br></div><div class="spacer battle-history"><br></div><div class="battle-history">Purugly went back to 2xTheTap!<br></div><div class="battle-history">Go! <strong>Rapidash</strong>!<br></div><div class="battle-history"><small>Pointed stones dug into Rapidash!</small><br></div><div class="spacer battle-history"><br></div><div class="battle-history">The opposing Pawniard used <strong>Knock Off</strong>!<br></div><div class="battle-history"><small>(Rapidash lost <abbr title="−179/271">66.1%</abbr> of its health!)</small><br></div><div class="battle-history"><small>The opposing Pawniard knocked off Rapidash's Charcoal!</small><br></div><div class="spacer battle-history"><br></div><div class="battle-history">Rapidash fainted!<br></div><div class="chat chatmessage-uberskitty"><strong style="color:hsl(74,64%,33%)"><small> </small><span class="username" data-name="UBERSkitty">UBERSkitty</span>:</strong> <em>i lov shiny pawniard &lt;3</em></div><div class="spacer battle-history"><br></div><div class="battle-history">Go! <strong>Cacturne</strong>!<br></div><div class="battle-history"><small>Pointed stones dug into Cacturne!</small><br></div><div class="spacer battle-history"><br></div><h2 class="battle-history">Turn 20</h2><div class="spacer battle-history"><br></div><div class="battle-history">The opposing Pawniard used <strong>Sucker Punch</strong>!<br></div><div class="battle-history"><small>It's not very effective...</small><br></div><div class="battle-history"><small>(Cacturne lost <abbr title="−85/279">30.5%</abbr> of its health!)</small><br></div><div class="spacer battle-history"><br></div><div class="battle-history">Cacturne used <strong>Superpower</strong>!<br></div><div class="battle-history"><small>It's super effective!</small><br></div><div class="battle-history"><small>(The opposing Pawniard lost <abbr title="−107/231">46.3%</abbr> of its health!)</small><br></div><div class="battle-history"><small>Cacturne's Attack fell!</small><br></div><div class="battle-history"><small>Cacturne's Defense fell!</small><br></div><div class="battle-history"><small>Cacturne lost some of its HP!</small><br></div><div class="spacer battle-history"><br></div><div class="battle-history">The opposing Pawniard fainted!<br></div><div class="spacer battle-history"><br></div><div class="battle-history">Slowbroth sent out <strong>Zebstrika</strong>!<br></div><div class="battle-history"><small>The opposing Zebstrika is hurt by the spikes!</small><br></div><div class="spacer battle-history"><br></div><h2 class="battle-history">Turn 21</h2><div class="spacer battle-history"><br></div><div class="battle-history">Cacturne used <strong>Sucker Punch</strong>!<br></div><div class="battle-history"><small>(The opposing Zebstrika lost <abbr title="−175/291">60.1%</abbr> of its health!)</small><br></div><div class="battle-history"><small>Cacturne lost some of its HP!</small><br></div><div class="spacer battle-history"><br></div><div class="battle-history">The opposing Zebstrika used <strong>Thunderbolt</strong>!<br></div><div class="battle-history"><small>It's not very effective...</small><br></div><div class="battle-history"><small>(Cacturne lost <abbr title="−72/279">25.8%</abbr> of its health!)</small><br></div><div class="battle-history"><small>The opposing Zebstrika lost some of its HP!</small><br></div><div class="spacer battle-history"><br></div><div class="battle-history">Cacturne fainted!<br></div><div class="spacer battle-history"><br></div><div class="battle-history">Go! <strong>Purugly</strong>!<br></div><div class="battle-history"><small>Pointed stones dug into Purugly!</small><br></div><div class="spacer battle-history"><br></div><h2 class="battle-history">Turn 22</h2><div class="spacer battle-history"><br></div><div class="battle-history">Purugly used <strong>Fake Out</strong>!<br></div><div class="battle-history"><small>(The opposing Zebstrika lost <abbr title="−39/291">13.4%</abbr> of its health!)</small><br></div><div class="spacer battle-history"><br></div><div class="battle-history">The opposing Zebstrika fainted!<br></div><div class="spacer battle-history"><br></div><div class="battle-history"><small>Purugly was hurt by poison!</small><br></div><div class="spacer battle-history"><br></div><div class="battle-history">Slowbroth sent out <strong>Mr. Mime</strong>!<br></div><div class="battle-history"><small>The opposing Mr. Mime is hurt by the spikes!</small><br></div><div class="spacer battle-history"><br></div><h2 class="battle-history">Turn 23</h2><div class="spacer battle-history"><br></div><div class="battle-history">Slowbroth withdrew Mr. Mime!<br></div><div class="battle-history">Slowbroth sent out <strong>Butterfree</strong>!<br></div><div class="spacer battle-history"><br></div><div class="battle-history">Purugly used <strong>Frustration</strong>!<br></div><div class="battle-history"><small>(The opposing Butterfree lost <abbr title="−183/261">70.1%</abbr> of its health!)</small><br></div><div class="spacer battle-history"><br></div><div class="battle-history">The opposing Butterfree fainted!<br></div><div class="spacer battle-history"><br></div><div class="battle-history"><small>Purugly was hurt by poison!</small><br></div><div class="chat chatmessage-slowbroth"><strong style="color:hsl(317,62%,48.816815154816716%)"><small>☆</small><span class="username" data-name="Slowbroth">Slowbroth</span>:</strong> <em>o</em></div><div class="spacer battle-history"><br></div><div class="battle-history">Slowbroth sent out <strong>Mr. Mime</strong>!<br></div><div class="battle-history"><small>The opposing Mr. Mime is hurt by the spikes!</small><br></div><div class="spacer battle-history"><br></div><h2 class="battle-history">Turn 24</h2><div class="spacer battle-history"><br></div><div class="battle-history">The opposing Mr. Mime used <strong>Psychic</strong>!<br></div><div class="battle-history"><small>(Purugly lost <abbr title="−111/283">39.2%</abbr> of its health!)</small><br></div><div class="spacer battle-history"><br></div><div class="battle-history">Purugly fainted!<br></div><div class="spacer battle-history"><br></div><div class="battle-history">Go! <strong>Misdreavus</strong>!<br></div><div class="battle-history"><small>Pointed stones dug into Misdreavus!</small><br></div><div class="spacer battle-history"><br></div><h2 class="battle-history">Turn 25</h2><div class="spacer battle-history"><br></div><div class="battle-history">The opposing Mr. Mime used <strong>Psychic</strong>!<br></div><div class="battle-history"><small>(Misdreavus lost <abbr title="−97/261">37.2%</abbr> of its health!)</small><br></div><div class="spacer battle-history"><br></div><div class="battle-history">Misdreavus used <strong>Shadow Ball</strong>!<br></div><div class="battle-history"><small>It's super effective!</small><br></div><div class="battle-history"><small>(The opposing Mr. Mime lost <abbr title="−149/221">67.4%</abbr> of its health!)</small><br></div><div class="spacer battle-history"><br></div><div class="battle-history">The opposing Mr. Mime fainted!<br></div><div class="spacer battle-history"><br></div><div class="battle-history"><strong>2xTheTap</strong> won the battle!<br></div><div class="chat"><small>TIBot left.</small></div><div class="chat chatmessage-uberskitty"><strong style="color:hsl(74,64%,33%)"><small> </small><span class="username" data-name="UBERSkitty">UBERSkitty</span>:</strong> <em>gg</em></div><div class="chat chatmessage-slowbroth"><strong style="color:hsl(317,62%,48.816815154816716%)"><small>☆</small><span class="username" data-name="Slowbroth">Slowbroth</span>:</strong> <em>gg</em></div><div class="chat"><small>Slowbroth left.</small></div><div class="chat chatmessage-2xthetap"><strong style="color:hsl(356,51%,50.948703188140954%)"><small>☆</small><span class="username" data-name="2xTheTap">2xTheTap</span>:</strong> <em>gg</em></div></div><div class="inner-preempt"></div></div></div>
</div>
<script>
let daily = Math.floor(Date.now()/1000/60/60/24);document.write('<script src="https://play.pokemonshowdown.com/js/replay-embed.js?version'+daily+'"></'+'script>');
</script>
