<!DOCTYPE html>
<meta charset="utf-8" />
<!-- version 1 -->
<title>PU replay: taytrellz vs. Pigfoot</title>
<style>
html,body {font-family:Verdana, sans-serif;font-size:10pt;margin:0;padding:0;}body{padding:12px 0;} .battle-log {font-family:Verdana, sans-serif;font-size:10pt;} .battle-log-inline {border:1px solid #AAAAAA;background:#EEF2F5;color:black;max-width:640px;margin:0 auto 80px;padding-bottom:5px;} .battle-log .inner {padding:4px 8px 0px 8px;} .battle-log .inner-preempt {padding:0 8px 4px 8px;} .battle-log .inner-after {margin-top:0.5em;} .battle-log h2 {margin:0.5em -8px;padding:4px 8px;border:1px solid #AAAAAA;background:#E0E7EA;border-left:0;border-right:0;font-family:Verdana, sans-serif;font-size:13pt;} .battle-log .chat {vertical-align:middle;padding:3px 0 3px 0;font-size:8pt;} .battle-log .chat strong {color:#40576A;} .battle-log .chat em {padding:1px 4px 1px 3px;color:#000000;font-style:normal;} .chat.mine {background:rgba(0,0,0,0.05);margin-left:-8px;margin-right:-8px;padding-left:8px;padding-right:8px;} .spoiler {color:#BBBBBB;background:#BBBBBB;padding:0px 3px;} .spoiler:hover, .spoiler:active, .spoiler-shown {color:#000000;background:#E2E2E2;padding:0px 3px;} .spoiler a {color:#BBBBBB;} .spoiler:hover a, .spoiler:active a, .spoiler-shown a {color:#2288CC;} .chat code, .chat .spoiler:hover code, .chat .spoiler:active code, .chat .spoiler-shown code {border:1px solid #C0C0C0;background:#EEEEEE;color:black;padding:0 2px;} .chat .spoiler code {border:1px solid #CCCCCC;background:#CCCCCC;color:#CCCCCC;} .battle-log .rated {padding:3px 4px;} .battle-log .rated strong {color:white;background:#89A;padding:1px 4px;border-radius:4px;} .spacer {margin-top:0.5em;} .message-announce {background:#6688AA;color:white;padding:1px 4px 2px;} .message-announce a, .broadcast-green a, .broadcast-blue a, .broadcast-red a {color:#DDEEFF;} .broadcast-green {background-color:#559955;color:white;padding:2px 4px;} .broadcast-blue {background-color:#6688AA;color:white;padding:2px 4px;} .infobox {border:1px solid #6688AA;padding:2px 4px;} .infobox-limited {max-height:200px;overflow:auto;overflow-x:hidden;} .broadcast-red {background-color:#AA5544;color:white;padding:2px 4px;} .message-learn-canlearn {font-weight:bold;color:#228822;text-decoration:underline;} .message-learn-cannotlearn {font-weight:bold;color:#CC2222;text-decoration:underline;} .message-effect-weak {font-weight:bold;color:#CC2222;} .message-effect-resist {font-weight:bold;color:#6688AA;} .message-effect-immune {font-weight:bold;color:#666666;} .message-learn-list {margin-top:0;margin-bottom:0;} .message-throttle-notice, .message-error {color:#992222;} .message-overflow, .chat small.message-overflow {font-size:0pt;} .message-overflow::before {font-size:9pt;content:'...';} .subtle {color:#3A4A66;}
</style>
<div class="wrapper replay-wrapper" style="max-width:1180px;margin:0 auto">
<input type="hidden" name="replayid" value="pu-544774392" />
<div class="battle"></div><div class="battle-log"></div><div class="replay-controls"></div><div class="replay-controls-2"></div>
<h1 style="font-weight:normal;text-align:center"><strong>PU</strong><br /><a href="http://pokemonshowdown.com/users/taytrellz" class="subtle" target="_blank">taytrellz</a> vs. <a href="http://pokemonshowdown.com/users/pigfoot" class="subtle" target="_blank">Pigfoot</a></h1>
<script type="text/plain" class="battle-log-data">|j|taytrellz
|j|Pigfoot
|player|p1|taytrellz|265
|player|p2|Pigfoot|117
|gametype|singles
|gen|6
|tier|PU
|seed|44407,49652,20211,20051
|rule|Sleep Clause Mod: Limit one foe put to sleep
|rule|Species Clause: Limit one of each Pokémon
|rule|OHKO Clause: OHKO moves are banned
|rule|Moody Clause: Moody is banned
|rule|Evasion Moves Clause: Evasion moves are banned
|rule|Endless Battle Clause: Forcing endless battles is banned
|rule|HP Percentage Mod: HP is shown in percentages
|clearpoke
|poke|p1|Volbeat, M|item
|poke|p1|Electabuzz, F|item
|poke|p1|Tangela, F|item
|poke|p1|Dodrio, M|item
|poke|p1|Dusclops, F|item
|poke|p1|Clefairy, F|item
|poke|p2|Golem, M|item
|poke|p2|Marowak, F|item
|poke|p2|Dodrio, M|item
|poke|p2|Swadloon, M|item
|poke|p2|Cryogonal|item
|poke|p2|Ninetales, F|item
|rule|Swagger Clause: Swagger is banned
|rule|Baton Pass Clause: Limit one Baton Passer, can't pass Spe and other stats simultaneously
|teampreview
|choice|team 3, team 2, team 1, team 4, team 5, team 6|team 4, team 2, team 3, team 1, team 5, team 6
|
|start
|switch|p1a: Tangela|Tangela, F|334\/334
|switch|p2a: Swadloon|Swadloon, M|314\/314
|turn|1
|choice|move ancientpower|move stickyweb
|
|move|p1a: Tangela|Ancient Power|p2a: Swadloon
|-supereffective|p2a: Swadloon
|-damage|p2a: Swadloon|248\/314
|move|p2a: Swadloon|Sticky Web|p1a: Tangela
|-sidestart|p1: taytrellz|move: Sticky Web
|
|upkeep
|turn|2
|choice|switch 4|move toxic
|
|switch|p1a: Dodrio|Dodrio, M|262\/262
|move|p2a: Swadloon|Toxic|p1a: Dodrio
|-status|p1a: Dodrio|tox
|
|-damage|p1a: Dodrio|246\/262 tox|[from] psn
|upkeep
|turn|3
|choice|move knockoff|move protect
|
|move|p2a: Swadloon|Protect|p2a: Swadloon
|-singleturn|p2a: Swadloon|Protect
|move|p1a: Dodrio|Knock Off|p2a: Swadloon
|-activate|p2a: Swadloon|move: Protect
|
|-damage|p1a: Dodrio|214\/262 tox|[from] psn
|upkeep
|turn|4
|choice|switch 6|switch 6
|
|switch|p1a: Clefairy|Clefairy, F|344\/344
|-activate|p1a: Clefairy|move: Sticky Web
|-unboost|p1a: Clefairy|spe|1
|switch|p2a: Ninetales|Ninetales, F|287\/287
|
|upkeep
|turn|5
|choice|move thunderwave|move calmmind
|
|move|p2a: Ninetales|Calm Mind|p2a: Ninetales
|-boost|p2a: Ninetales|spa|1
|-boost|p2a: Ninetales|spd|1
|move|p1a: Clefairy|Thunder Wave|p2a: Ninetales
|-status|p2a: Ninetales|par
|
|upkeep
|turn|6
|choice|move stealthrock|move flamethrower
|
|move|p2a: Ninetales|Flamethrower|p1a: Clefairy
|-damage|p1a: Clefairy|178\/344
|move|p1a: Clefairy|Stealth Rock|p2a: Ninetales
|-sidestart|p2: Pigfoot|move: Stealth Rock
|
|upkeep
|turn|7
|choice|switch 5|move calmmind
|
|switch|p1a: Dusclops|Dusclops, F|284\/284
|-activate|p1a: Dusclops|move: Sticky Web
|-unboost|p1a: Dusclops|spe|1
|-ability|p1a: Dusclops|Pressure
|cant|p2a: Ninetales|par
|
|upkeep
|turn|8
|choice|move nightshade|move flamethrower
|
|move|p2a: Ninetales|Flamethrower|p1a: Dusclops
|-damage|p1a: Dusclops|218\/284
|move|p1a: Dusclops|Night Shade|p2a: Ninetales
|-damage|p2a: Ninetales|187\/287 par
|
|-heal|p2a: Ninetales|204\/287 par|[from] item: Leftovers
|upkeep
|turn|9
|choice|move willowisp|move protect
|
|move|p2a: Ninetales|Protect|p2a: Ninetales
|-singleturn|p2a: Ninetales|Protect
|move|p1a: Dusclops|Will-O-Wisp|p2a: Ninetales
|-activate|p2a: Ninetales|move: Protect
|
|-heal|p2a: Ninetales|221\/287 par|[from] item: Leftovers
|upkeep
|turn|10
|choice|move nightshade|move calmmind
|
|move|p2a: Ninetales|Calm Mind|p2a: Ninetales
|-boost|p2a: Ninetales|spa|1
|-boost|p2a: Ninetales|spd|1
|move|p1a: Dusclops|Night Shade|p2a: Ninetales
|-damage|p2a: Ninetales|121\/287 par
|
|-heal|p2a: Ninetales|138\/287 par|[from] item: Leftovers
|upkeep
|turn|11
|choice|move nightshade|move flamethrower
|
|move|p2a: Ninetales|Flamethrower|p1a: Dusclops
|-damage|p1a: Dusclops|118\/284
|move|p1a: Dusclops|Night Shade|p2a: Ninetales
|-damage|p2a: Ninetales|38\/287 par
|
|-heal|p2a: Ninetales|55\/287 par|[from] item: Leftovers
|upkeep
|turn|12
|j|SergioRules
|choice|move nightshade|move psyshock
|
|move|p2a: Ninetales|Psyshock|p1a: Dusclops
|-damage|p1a: Dusclops|50\/284
|move|p1a: Dusclops|Night Shade|p2a: Ninetales
|-damage|p2a: Ninetales|0 fnt
|faint|p2a: Ninetales
|
|upkeep
|choice||switch 2
|
|switch|p2a: Marowak|Marowak, F|261\/261
|-damage|p2a: Marowak|245\/261|[from] Stealth Rock
|turn|13
|choice|move painsplit|move knockoff
|
|move|p2a: Marowak|Knock Off|p1a: Dusclops
|-supereffective|p1a: Dusclops
|-damage|p1a: Dusclops|0 fnt
|-enditem|p1a: Dusclops|Eviolite|[from] move: Knock Off|[of] p2a: Marowak
|faint|p1a: Dusclops
|
|upkeep
|choice|switch 4|
|
|switch|p1a: Tangela|Tangela, F|334\/334
|-activate|p1a: Tangela|move: Sticky Web
|-unboost|p1a: Tangela|spe|1
|turn|14
|choice|move leechseed|switch 6
|
|switch|p2a: Swadloon|Swadloon, M|248\/314
|-damage|p2a: Swadloon|170\/314|[from] Stealth Rock
|move|p1a: Tangela|Leech Seed|p2a: Swadloon
|-immune|p2a: Swadloon|[msg]
|
|upkeep
|turn|15
|choice|switch 5|move toxic
|
|switch|p1a: Clefairy|Clefairy, F|178\/344
|-activate|p1a: Clefairy|move: Sticky Web
|-unboost|p1a: Clefairy|spe|1
|move|p2a: Swadloon|Toxic|p1a: Clefairy
|-status|p1a: Clefairy|tox
|
|upkeep
|turn|16
|choice|move healbell|move protect
|
|move|p2a: Swadloon|Protect|p2a: Swadloon
|-singleturn|p2a: Swadloon|Protect
|move|p1a: Clefairy|Heal Bell|p1a: Clefairy
|-activate|p1a: Clefairy|move: Heal Bell
|-curestatus|p1a: Clefairy|tox|[msg]
|-curestatus|p1: Dodrio|tox|[msg]
|
|upkeep
|turn|17
|choice|move softboiled|move toxic
|
|move|p2a: Swadloon|Toxic|p1a: Clefairy
|-status|p1a: Clefairy|tox
|move|p1a: Clefairy|Soft-Boiled|p1a: Clefairy
|-heal|p1a: Clefairy|344\/344 tox
|
|upkeep
|turn|18
|choice|move thunderwave|move synthesis
|
|move|p2a: Swadloon|Synthesis|p2a: Swadloon
|-heal|p2a: Swadloon|314\/314
|move|p1a: Clefairy|Thunder Wave|p2a: Swadloon
|-status|p2a: Swadloon|par
|
|upkeep
|turn|19
|l|SergioRules
|choice|switch 3|switch 5
|
|switch|p1a: Volbeat|Volbeat, M|334\/334
|-activate|p1a: Volbeat|move: Sticky Web
|-unboost|p1a: Volbeat|spe|1
|switch|p2a: Cryogonal|Cryogonal|281\/281
|-damage|p2a: Cryogonal|211\/281|[from] Stealth Rock
|
|upkeep
|turn|20
|choice|move thunderwave|move rapidspin
|
|move|p1a: Volbeat|Thunder Wave|p2a: Cryogonal
|-status|p2a: Cryogonal|par
|move|p2a: Cryogonal|Rapid Spin|p1a: Volbeat
|-damage|p1a: Volbeat|322\/334
|-sideend|p2: Pigfoot|Stealth Rock|[from] move: Rapid Spin|[of] p2a: Cryogonal
|
|upkeep
|turn|21
|choice|move tailglow|move freezedry
|
|move|p1a: Volbeat|Tail Glow|p1a: Volbeat
|-boost|p1a: Volbeat|spa|3
|move|p2a: Cryogonal|Freeze-Dry|p1a: Volbeat
|-damage|p1a: Volbeat|208\/334
|-enditem|p1a: Volbeat|Maranga Berry|[eat]
|-boost|p1a: Volbeat|spd|1
|
|upkeep
|turn|22
|choice|move batonpass|move freezedry
|
|move|p1a: Volbeat|Baton Pass|p1a: Volbeat
|choice|switch 2|
|
|switch|p1a: Electabuzz|Electabuzz, F|272\/272
|-activate|p1a: Electabuzz|move: Sticky Web
|-unboost|p1a: Electabuzz|spe|1
|move|p2a: Cryogonal|Freeze-Dry|p1a: Electabuzz
|-damage|p1a: Electabuzz|212\/272
|
|upkeep
|turn|23
|choice|move focusblast|switch 5
|
|switch|p2a: Swadloon|Swadloon, M|314\/314 par
|move|p1a: Electabuzz|Focus Blast|p2a: Swadloon
|-resisted|p2a: Swadloon
|-damage|p2a: Swadloon|214\/314 par
|
|upkeep
|turn|24
|choice|move thunderbolt|move toxic
|
|move|p1a: Electabuzz|Thunderbolt|p2a: Swadloon
|-resisted|p2a: Swadloon
|-damage|p2a: Swadloon|99\/314 par
|move|p2a: Swadloon|Toxic|p1a: Electabuzz
|-status|p1a: Electabuzz|tox
|
|-damage|p1a: Electabuzz|195\/272 tox|[from] psn
|upkeep
|turn|25
|choice|move hiddenpower|move protect
|
|cant|p2a: Swadloon|par
|move|p1a: Electabuzz|Hidden Power|p2a: Swadloon
|-supereffective|p2a: Swadloon
|-damage|p2a: Swadloon|0 fnt
|faint|p2a: Swadloon
|
|-damage|p1a: Electabuzz|161\/272 tox|[from] psn
|upkeep
|choice||switch 4
|
|switch|p2a: Golem|Golem, M|302\/302
|turn|26
|choice|switch 5|move earthquake
|
|switch|p1a: Tangela|Tangela, F|334\/334
|-activate|p1a: Tangela|move: Sticky Web
|-unboost|p1a: Tangela|spe|1
|move|p2a: Golem|Earthquake|p1a: Tangela
|-resisted|p1a: Tangela
|-damage|p1a: Tangela|293\/334
|
|upkeep
|turn|27
|choice|move leechseed|switch 3
|
|switch|p2a: Dodrio|Dodrio, M|261\/261
|move|p1a: Tangela|Leech Seed|p2a: Dodrio
|-start|p2a: Dodrio|move: Leech Seed
|
|-damage|p2a: Dodrio|229\/261|[from] Leech Seed|[of] p1a: Tangela
|-heal|p1a: Tangela|325\/334|[silent]
|upkeep
|turn|28
|choice|switch 3|move knockoff
|
|switch|p1a: Clefairy|Clefairy, F|344\/344 tox
|-activate|p1a: Clefairy|move: Sticky Web
|-unboost|p1a: Clefairy|spe|1
|move|p2a: Dodrio|Knock Off|p1a: Clefairy
|-resisted|p1a: Clefairy
|-damage|p1a: Clefairy|305\/344 tox
|-enditem|p1a: Clefairy|Eviolite|[from] move: Knock Off|[of] p2a: Dodrio
|
|-damage|p2a: Dodrio|197\/261|[from] Leech Seed|[of] p1a: Clefairy
|-heal|p1a: Clefairy|337\/344 tox|[silent]
|upkeep
|turn|29
|choice|move stealthrock|switch 3
|
|switch|p2a: Golem|Golem, M|302\/302
|move|p1a: Clefairy|Stealth Rock|p2a: Golem
|-sidestart|p2: Pigfoot|move: Stealth Rock
|
|upkeep
|turn|30
|choice|switch 3|move earthquake
|
|switch|p1a: Tangela|Tangela, F|334\/334
|-activate|p1a: Tangela|move: Sticky Web
|-unboost|p1a: Tangela|spe|1
|move|p2a: Golem|Earthquake|p1a: Tangela
|-resisted|p1a: Tangela
|-damage|p1a: Tangela|295\/334
|
|upkeep
|turn|31
|choice|move leechseed|switch 3
|
|switch|p2a: Dodrio|Dodrio, M|197\/261
|-damage|p2a: Dodrio|132\/261|[from] Stealth Rock
|move|p1a: Tangela|Leech Seed|p2a: Dodrio
|-start|p2a: Dodrio|move: Leech Seed
|
|-damage|p2a: Dodrio|100\/261|[from] Leech Seed|[of] p1a: Tangela
|-heal|p1a: Tangela|327\/334|[silent]
|upkeep
|turn|32
|choice|switch 3|move knockoff
|
|switch|p1a: Clefairy|Clefairy, F|337\/344 tox
|-activate|p1a: Clefairy|move: Sticky Web
|-unboost|p1a: Clefairy|spe|1
|move|p2a: Dodrio|Knock Off|p1a: Clefairy
|-resisted|p1a: Clefairy
|-damage|p1a: Clefairy|297\/344 tox
|
|-damage|p2a: Dodrio|68\/261|[from] Leech Seed|[of] p1a: Clefairy
|-heal|p1a: Clefairy|329\/344 tox|[silent]
|upkeep
|turn|33
|choice|move softboiled|move bravebird
|
|move|p2a: Dodrio|Brave Bird|p1a: Clefairy
|-damage|p1a: Clefairy|101\/344 tox
|-damage|p2a: Dodrio|0 fnt|[from] recoil|[of] p1a: Clefairy
|faint|p2a: Dodrio
|move|p1a: Clefairy|Soft-Boiled|p1a: Clefairy
|-heal|p1a: Clefairy|273\/344 tox
|
|upkeep
|choice||switch 6
|
|switch|p2a: Marowak|Marowak, F|245\/261
|-damage|p2a: Marowak|229\/261|[from] Stealth Rock
|turn|34
|choice|move healbell|move swordsdance
|
|move|p2a: Marowak|Swords Dance|p2a: Marowak
|-boost|p2a: Marowak|atk|2
|move|p1a: Clefairy|Heal Bell|p1a: Clefairy
|-activate|p1a: Clefairy|move: Heal Bell
|-curestatus|p1a: Clefairy|tox|[msg]
|-curestatus|p1: Electabuzz|tox|[msg]
|
|upkeep
|turn|35
|choice|switch 2|move knockoff
|
|switch|p1a: Volbeat|Volbeat, M|208\/334
|-activate|p1a: Volbeat|move: Sticky Web
|-unboost|p1a: Volbeat|spe|1
|move|p2a: Marowak|Knock Off|p1a: Volbeat
|-damage|p1a: Volbeat|0 fnt
|faint|p1a: Volbeat
|
|upkeep
|choice|switch 6|
|
|switch|p1a: Dodrio|Dodrio, M|214\/262
|turn|36
|choice|move bravebird|move doubleedge
|
|move|p1a: Dodrio|Brave Bird|p2a: Marowak
|-damage|p2a: Marowak|0 fnt
|-damage|p1a: Dodrio|138\/262|[from] recoil|[of] p2a: Marowak
|faint|p2a: Marowak
|
|upkeep
|choice||switch 5
|
|switch|p2a: Cryogonal|Cryogonal|211\/281 par
|-damage|p2a: Cryogonal|141\/281 par|[from] Stealth Rock
|turn|37
|choice|move bravebird|move rapidspin
|
|move|p1a: Dodrio|Brave Bird|p2a: Cryogonal
|-crit|p2a: Cryogonal
|-damage|p2a: Cryogonal|0 fnt
|-damage|p1a: Dodrio|91\/262|[from] recoil|[of] p2a: Cryogonal
|faint|p2a: Cryogonal
|
|upkeep
|j|SergioRules
|choice||switch 3
|
|switch|p2a: Golem|Golem, M|302\/302
|-damage|p2a: Golem|284\/302|[from] Stealth Rock
|turn|38
|choice|switch 2|move suckerpunch
|
|switch|p1a: Clefairy|Clefairy, F|273\/344
|-activate|p1a: Clefairy|move: Sticky Web
|-unboost|p1a: Clefairy|spe|1
|move|p2a: Golem|Sucker Punch|p1a: Clefairy|[still]
|-fail|p2a: Golem
|
|upkeep
|turn|39
|l|SergioRules
|choice|move healbell|move stealthrock
|
|move|p2a: Golem|Stealth Rock|p1a: Clefairy
|-sidestart|p1: taytrellz|move: Stealth Rock
|move|p1a: Clefairy|Heal Bell|p1a: Clefairy
|-activate|p1a: Clefairy|move: Heal Bell
|
|upkeep
|turn|40
|choice|move stealthrock|move stoneedge
|
|move|p2a: Golem|Stone Edge|p1a: Clefairy
|-damage|p1a: Clefairy|62\/344
|move|p1a: Clefairy|Stealth Rock|p2a: Golem
|-fail|p2a: Golem
|
|upkeep
|turn|41
|choice|move stealthrock|move stoneedge
|
|move|p2a: Golem|Stone Edge|p1a: Clefairy
|-damage|p1a: Clefairy|0 fnt
|faint|p1a: Clefairy
|
|upkeep
|choice|switch 3|
|
|switch|p1a: Tangela|Tangela, F|334\/334
|-activate|p1a: Tangela|move: Sticky Web
|-unboost|p1a: Tangela|spe|1
|-damage|p1a: Tangela|293\/334|[from] Stealth Rock
|turn|42
|choice|move gigadrain|move stoneedge
|
|move|p2a: Golem|Stone Edge|p1a: Tangela|[miss]
|-miss|p2a: Golem|p1a: Tangela
|move|p1a: Tangela|Giga Drain|p2a: Golem
|-supereffective|p2a: Golem
|-damage|p2a: Golem|0 fnt
|-heal|p1a: Tangela|334\/334|[from] drain|[of] p2a: Golem
|faint|p2a: Golem
|
|win|taytrellz
|player|p1
|player|p2
|c|☆Pigfoot|gg</script>
</div>
<div class="battle-log battle-log-inline"><div class="inner"><div class="battle-options"></div><div class="inner"><div class="chat"><small>taytrellz joined.</small></div><div class="chat"><small>Pigfoot joined.</small></div><div class=""><small>Format:</small> <br><strong>PU</strong></div><div class=""><small><em>Sleep Clause Mod:</em> Limit one foe put to sleep</small></div><div class=""><small><em>Species Clause:</em> Limit one of each Pokémon</small></div><div class=""><small><em>OHKO Clause:</em> OHKO moves are banned</small></div><div class=""><small><em>Moody Clause:</em> Moody is banned</small></div><div class=""><small><em>Evasion Moves Clause:</em> Evasion moves are banned</small></div><div class=""><small><em>Endless Battle Clause:</em> Forcing endless battles is banned</small></div><div class=""><small><em>HP Percentage Mod:</em> HP is shown in percentages</small></div><div class=""><small><em>Swagger Clause:</em> Swagger is banned</small></div><div class=""><small><em>Baton Pass Clause:</em> Limit one Baton Passer, can't pass Spe and other stats simultaneously</small></div><div class="chat battle-history"><strong>taytrellz's team:</strong> <em style="color:#445566;display:block;">Volbeat / Electabuzz / Tangela / Dodrio / Dusclops / Clefairy</em></div><div class="chat battle-history"><strong>Pigfoot's team:</strong> <em style="color:#445566;display:block;">Golem / Marowak / Dodrio / Swadloon / Cryogonal / Ninetales</em></div><div class="spacer battle-history"><br></div><div class="battle-history">Battle started between taytrellz and Pigfoot!<br></div><div class="spacer battle-history"><br></div><div class="battle-history">Go! <strong>Tangela</strong>!<br></div><div class="spacer battle-history"><br></div><div class="battle-history">Pigfoot sent out <strong>Swadloon</strong>!<br></div><div class="spacer battle-history"><br></div><h2 class="battle-history">Turn 1</h2><div class="spacer battle-history"><br></div><div class="battle-history">Tangela used <strong>Ancient Power</strong>!<br></div><div class="battle-history"><small>It's super effective!</small><br></div><div class="battle-history"><small>(The opposing Swadloon lost <abbr title="−66/314">21.0%</abbr> of its health!)</small><br></div><div class="spacer battle-history"><br></div><div class="battle-history">The opposing Swadloon used <strong>Sticky Web</strong>!<br></div><div class="battle-history"><small>A sticky web spreads out on the ground around your team!</small><br></div><div class="spacer battle-history"><br></div><h2 class="battle-history">Turn 2</h2><div class="spacer battle-history"><br></div><div class="battle-history">Tangela, come back!<br></div><div class="battle-history">Go! <strong>Dodrio</strong>!<br></div><div class="spacer battle-history"><br></div><div class="battle-history">The opposing Swadloon used <strong>Toxic</strong>!<br></div><div class="battle-history"><small>Dodrio was badly poisoned!</small><br></div><div class="spacer battle-history"><br></div><div class="battle-history"><small>Dodrio was hurt by poison!</small><br></div><div class="spacer battle-history"><br></div><h2 class="battle-history">Turn 3</h2><div class="spacer battle-history"><br></div><div class="battle-history">The opposing Swadloon used <strong>Protect</strong>!<br></div><div class="battle-history"><small>The opposing Swadloon protected itself!</small><br></div><div class="spacer battle-history"><br></div><div class="battle-history">Dodrio used <strong>Knock Off</strong>!<br></div><div class="battle-history"><small>The opposing Swadloon protected itself!</small><br></div><div class="spacer battle-history"><br></div><div class="battle-history"><small>Dodrio was hurt by poison!</small><br></div><div class="spacer battle-history"><br></div><h2 class="battle-history">Turn 4</h2><div class="spacer battle-history"><br></div><div class="battle-history">Dodrio, come back!<br></div><div class="battle-history">Go! <strong>Clefairy</strong>!<br></div><div class="battle-history"><small>Clefairy was caught in a sticky web!</small><br></div><div class="battle-history"><small>Clefairy's Speed fell!</small><br></div><div class="spacer battle-history"><br></div><div class="battle-history">Pigfoot withdrew Swadloon!<br></div><div class="battle-history">Pigfoot sent out <strong>Ninetales</strong>!<br></div><div class="spacer battle-history"><br></div><h2 class="battle-history">Turn 5</h2><div class="spacer battle-history"><br></div><div class="battle-history">The opposing Ninetales used <strong>Calm Mind</strong>!<br></div><div class="battle-history"><small>The opposing Ninetales's Special Attack rose!</small><br></div><div class="battle-history"><small>The opposing Ninetales's Special Defense rose!</small><br></div><div class="spacer battle-history"><br></div><div class="battle-history">Clefairy used <strong>Thunder Wave</strong>!<br></div><div class="battle-history"><small>The opposing Ninetales is paralyzed! It may be unable to move!</small><br></div><div class="spacer battle-history"><br></div><h2 class="battle-history">Turn 6</h2><div class="spacer battle-history"><br></div><div class="battle-history">The opposing Ninetales used <strong>Flamethrower</strong>!<br></div><div class="battle-history"><small>(Clefairy lost <abbr title="−166/344">48.3%</abbr> of its health!)</small><br></div><div class="spacer battle-history"><br></div><div class="battle-history">Clefairy used <strong>Stealth Rock</strong>!<br></div><div class="battle-history"><small>Pointed stones float in the air around the opposing team!</small><br></div><div class="spacer battle-history"><br></div><h2 class="battle-history">Turn 7</h2><div class="spacer battle-history"><br></div><div class="battle-history">Clefairy, come back!<br></div><div class="battle-history">Go! <strong>Dusclops</strong>!<br></div><div class="battle-history"><small>Dusclops was caught in a sticky web!</small><br></div><div class="battle-history"><small>Dusclops's Speed fell!</small><br></div><div class="battle-history"><small>[Dusclops's Pressure]</small><br><small>Dusclops is exerting its pressure!</small><br></div><div class="spacer battle-history"><br></div><div class="battle-history">The opposing Ninetales is paralyzed! It can't move!<br></div><div class="spacer battle-history"><br></div><h2 class="battle-history">Turn 8</h2><div class="spacer battle-history"><br></div><div class="battle-history">The opposing Ninetales used <strong>Flamethrower</strong>!<br></div><div class="battle-history"><small>(Dusclops lost <abbr title="−66/284">23.2%</abbr> of its health!)</small><br></div><div class="spacer battle-history"><br></div><div class="battle-history">Dusclops used <strong>Night Shade</strong>!<br></div><div class="battle-history"><small>(The opposing Ninetales lost <abbr title="−100/287">34.8%</abbr> of its health!)</small><br></div><div class="spacer battle-history"><br></div><div class="battle-history"><small>The opposing Ninetales restored a little HP using its Leftovers!</small><br></div><div class="spacer battle-history"><br></div><h2 class="battle-history">Turn 9</h2><div class="spacer battle-history"><br></div><div class="battle-history">The opposing Ninetales used <strong>Protect</strong>!<br></div><div class="battle-history"><small>The opposing Ninetales protected itself!</small><br></div><div class="spacer battle-history"><br></div><div class="battle-history">Dusclops used <strong>Will-O-Wisp</strong>!<br></div><div class="battle-history"><small>The opposing Ninetales protected itself!</small><br></div><div class="spacer battle-history"><br></div><div class="battle-history"><small>The opposing Ninetales restored a little HP using its Leftovers!</small><br></div><div class="spacer battle-history"><br></div><h2 class="battle-history">Turn 10</h2><div class="spacer battle-history"><br></div><div class="battle-history">The opposing Ninetales used <strong>Calm Mind</strong>!<br></div><div class="battle-history"><small>The opposing Ninetales's Special Attack rose!</small><br></div><div class="battle-history"><small>The opposing Ninetales's Special Defense rose!</small><br></div><div class="spacer battle-history"><br></div><div class="battle-history">Dusclops used <strong>Night Shade</strong>!<br></div><div class="battle-history"><small>(The opposing Ninetales lost <abbr title="−100/287">34.8%</abbr> of its health!)</small><br></div><div class="spacer battle-history"><br></div><div class="battle-history"><small>The opposing Ninetales restored a little HP using its Leftovers!</small><br></div><div class="spacer battle-history"><br></div><h2 class="battle-history">Turn 11</h2><div class="spacer battle-history"><br></div><div class="battle-history">The opposing Ninetales used <strong>Flamethrower</strong>!<br></div><div class="battle-history"><small>(Dusclops lost <abbr title="−100/284">35.2%</abbr> of its health!)</small><br></div><div class="spacer battle-history"><br></div><div class="battle-history">Dusclops used <strong>Night Shade</strong>!<br></div><div class="battle-history"><small>(The opposing Ninetales lost <abbr title="−100/287">34.8%</abbr> of its health!)</small><br></div><div class="spacer battle-history"><br></div><div class="battle-history"><small>The opposing Ninetales restored a little HP using its Leftovers!</small><br></div><div class="spacer battle-history"><br></div><h2 class="battle-history">Turn 12</h2><div class="chat"><small>SergioRules joined.</small></div><div class="spacer battle-history"><br></div><div class="battle-history">The opposing Ninetales used <strong>Psyshock</strong>!<br></div><div class="battle-history"><small>(Dusclops lost <abbr title="−68/284">23.9%</abbr> of its health!)</small><br></div><div class="spacer battle-history"><br></div><div class="battle-history">Dusclops used <strong>Night Shade</strong>!<br></div><div class="battle-history"><small>(The opposing Ninetales lost <abbr title="−55/287">19.2%</abbr> of its health!)</small><br></div><div class="spacer battle-history"><br></div><div class="battle-history">The opposing Ninetales fainted!<br></div><div class="spacer battle-history"><br></div><div class="battle-history">Pigfoot sent out <strong>Marowak</strong>!<br></div><div class="battle-history"><small>Pointed stones dug into the opposing Marowak!</small><br></div><div class="spacer battle-history"><br></div><h2 class="battle-history">Turn 13</h2><div class="spacer battle-history"><br></div><div class="battle-history">The opposing Marowak used <strong>Knock Off</strong>!<br></div><div class="battle-history"><small>It's super effective!</small><br></div><div class="battle-history"><small>(Dusclops lost <abbr title="−50/284">17.6%</abbr> of its health!)</small><br></div><div class="battle-history"><small>The opposing Marowak knocked off Dusclops's Eviolite!</small><br></div><div class="spacer battle-history"><br></div><div class="battle-history">Dusclops fainted!<br></div><div class="spacer battle-history"><br></div><div class="battle-history">Go! <strong>Tangela</strong>!<br></div><div class="battle-history"><small>Tangela was caught in a sticky web!</small><br></div><div class="battle-history"><small>Tangela's Speed fell!</small><br></div><div class="spacer battle-history"><br></div><h2 class="battle-history">Turn 14</h2><div class="spacer battle-history"><br></div><div class="battle-history">Pigfoot withdrew Marowak!<br></div><div class="battle-history">Pigfoot sent out <strong>Swadloon</strong>!<br></div><div class="battle-history"><small>Pointed stones dug into the opposing Swadloon!</small><br></div><div class="spacer battle-history"><br></div><div class="battle-history">Tangela used <strong>Leech Seed</strong>!<br></div><div class="battle-history"><small>It doesn't affect the opposing Swadloon...</small><br></div><div class="spacer battle-history"><br></div><h2 class="battle-history">Turn 15</h2><div class="spacer battle-history"><br></div><div class="battle-history">Tangela, come back!<br></div><div class="battle-history">Go! <strong>Clefairy</strong>!<br></div><div class="battle-history"><small>Clefairy was caught in a sticky web!</small><br></div><div class="battle-history"><small>Clefairy's Speed fell!</small><br></div><div class="spacer battle-history"><br></div><div class="battle-history">The opposing Swadloon used <strong>Toxic</strong>!<br></div><div class="battle-history"><small>Clefairy was badly poisoned!</small><br></div><div class="spacer battle-history"><br></div><h2 class="battle-history">Turn 16</h2><div class="spacer battle-history"><br></div><div class="battle-history">The opposing Swadloon used <strong>Protect</strong>!<br></div><div class="battle-history"><small>The opposing Swadloon protected itself!</small><br></div><div class="spacer battle-history"><br></div><div class="battle-history">Clefairy used <strong>Heal Bell</strong>!<br></div><div class="battle-history"><small>A bell chimed!</small><br></div><div class="battle-history"><small>Clefairy was cured of its poisoning.</small><br></div><div class="battle-history"><small>Dodrio was cured of its poisoning.</small><br></div><div class="spacer battle-history"><br></div><h2 class="battle-history">Turn 17</h2><div class="spacer battle-history"><br></div><div class="battle-history">The opposing Swadloon used <strong>Toxic</strong>!<br></div><div class="battle-history"><small>Clefairy was badly poisoned!</small><br></div><div class="spacer battle-history"><br></div><div class="battle-history">Clefairy used <strong>Soft-Boiled</strong>!<br></div><div class="battle-history"><small>Clefairy restored its HP.</small><br></div><div class="spacer battle-history"><br></div><h2 class="battle-history">Turn 18</h2><div class="spacer battle-history"><br></div><div class="battle-history">The opposing Swadloon used <strong>Synthesis</strong>!<br></div><div class="battle-history"><small>The opposing Swadloon restored its HP.</small><br></div><div class="spacer battle-history"><br></div><div class="battle-history">Clefairy used <strong>Thunder Wave</strong>!<br></div><div class="battle-history"><small>The opposing Swadloon is paralyzed! It may be unable to move!</small><br></div><div class="spacer battle-history"><br></div><h2 class="battle-history">Turn 19</h2><div class="chat"><small>SergioRules left.</small></div><div class="spacer battle-history"><br></div><div class="battle-history">Clefairy, come back!<br></div><div class="battle-history">Go! <strong>Volbeat</strong>!<br></div><div class="battle-history"><small>Volbeat was caught in a sticky web!</small><br></div><div class="battle-history"><small>Volbeat's Speed fell!</small><br></div><div class="spacer battle-history"><br></div><div class="battle-history">Pigfoot withdrew Swadloon!<br></div><div class="battle-history">Pigfoot sent out <strong>Cryogonal</strong>!<br></div><div class="battle-history"><small>Pointed stones dug into the opposing Cryogonal!</small><br></div><div class="spacer battle-history"><br></div><h2 class="battle-history">Turn 20</h2><div class="spacer battle-history"><br></div><div class="battle-history">Volbeat used <strong>Thunder Wave</strong>!<br></div><div class="battle-history"><small>The opposing Cryogonal is paralyzed! It may be unable to move!</small><br></div><div class="spacer battle-history"><br></div><div class="battle-history">The opposing Cryogonal used <strong>Rapid Spin</strong>!<br></div><div class="battle-history"><small>(Volbeat lost <abbr title="−12/334">3.6%</abbr> of its health!)</small><br></div><div class="battle-history"><small>The pointed stones disappeared from around the opposing team!</small><br></div><div class="spacer battle-history"><br></div><h2 class="battle-history">Turn 21</h2><div class="spacer battle-history"><br></div><div class="battle-history">Volbeat used <strong>Tail Glow</strong>!<br></div><div class="battle-history"><small>Volbeat's Special Attack rose drastically!</small><br></div><div class="spacer battle-history"><br></div><div class="battle-history">The opposing Cryogonal used <strong>Freeze-Dry</strong>!<br></div><div class="battle-history"><small>(Volbeat lost <abbr title="−114/334">34.1%</abbr> of its health!)</small><br></div><div class="battle-history"><small>Volbeat ate its Maranga Berry!</small><br></div><div class="battle-history"><small>Volbeat's Special Defense rose!</small><br></div><div class="spacer battle-history"><br></div><h2 class="battle-history">Turn 22</h2><div class="spacer battle-history"><br></div><div class="battle-history">Volbeat used <strong>Baton Pass</strong>!<br></div><div class="spacer battle-history"><br></div><div class="battle-history">Go! <strong>Electabuzz</strong>!<br></div><div class="battle-history"><small>Electabuzz was caught in a sticky web!</small><br></div><div class="battle-history"><small>Electabuzz's Speed fell!</small><br></div><div class="spacer battle-history"><br></div><div class="battle-history">The opposing Cryogonal used <strong>Freeze-Dry</strong>!<br></div><div class="battle-history"><small>(Electabuzz lost <abbr title="−60/272">22.1%</abbr> of its health!)</small><br></div><div class="spacer battle-history"><br></div><h2 class="battle-history">Turn 23</h2><div class="spacer battle-history"><br></div><div class="battle-history">Pigfoot withdrew Cryogonal!<br></div><div class="battle-history">Pigfoot sent out <strong>Swadloon</strong>!<br></div><div class="spacer battle-history"><br></div><div class="battle-history">Electabuzz used <strong>Focus Blast</strong>!<br></div><div class="battle-history"><small>It's not very effective...</small><br></div><div class="battle-history"><small>(The opposing Swadloon lost <abbr title="−100/314">31.8%</abbr> of its health!)</small><br></div><div class="spacer battle-history"><br></div><h2 class="battle-history">Turn 24</h2><div class="spacer battle-history"><br></div><div class="battle-history">Electabuzz used <strong>Thunderbolt</strong>!<br></div><div class="battle-history"><small>It's not very effective...</small><br></div><div class="battle-history"><small>(The opposing Swadloon lost <abbr title="−115/314">36.6%</abbr> of its health!)</small><br></div><div class="spacer battle-history"><br></div><div class="battle-history">The opposing Swadloon used <strong>Toxic</strong>!<br></div><div class="battle-history"><small>Electabuzz was badly poisoned!</small><br></div><div class="spacer battle-history"><br></div><div class="battle-history"><small>Electabuzz was hurt by poison!</small><br></div><div class="spacer battle-history"><br></div><h2 class="battle-history">Turn 25</h2><div class="spacer battle-history"><br></div><div class="battle-history">The opposing Swadloon is paralyzed! It can't move!<br></div><div class="spacer battle-history"><br></div><div class="battle-history">Electabuzz used <strong>Hidden Power</strong>!<br></div><div class="battle-history"><small>It's super effective!</small><br></div><div class="battle-history"><small>(The opposing Swadloon lost <abbr title="−99/314">31.5%</abbr> of its health!)</small><br></div><div class="spacer battle-history"><br></div><div class="battle-history">The opposing Swadloon fainted!<br></div><div class="spacer battle-history"><br></div><div class="battle-history"><small>Electabuzz was hurt by poison!</small><br></div><div class="spacer battle-history"><br></div><div class="battle-history">Pigfoot sent out <strong>Golem</strong>!<br></div><div class="spacer battle-history"><br></div><h2 class="battle-history">Turn 26</h2><div class="spacer battle-history"><br></div><div class="battle-history">Electabuzz, come back!<br></div><div class="battle-history">Go! <strong>Tangela</strong>!<br></div><div class="battle-history"><small>Tangela was caught in a sticky web!</small><br></div><div class="battle-history"><small>Tangela's Speed fell!</small><br></div><div class="spacer battle-history"><br></div><div class="battle-history">The opposing Golem used <strong>Earthquake</strong>!<br></div><div class="battle-history"><small>It's not very effective...</small><br></div><div class="battle-history"><small>(Tangela lost <abbr title="−41/334">12.3%</abbr> of its health!)</small><br></div><div class="spacer battle-history"><br></div><h2 class="battle-history">Turn 27</h2><div class="spacer battle-history"><br></div><div class="battle-history">Pigfoot withdrew Golem!<br></div><div class="battle-history">Pigfoot sent out <strong>Dodrio</strong>!<br></div><div class="spacer battle-history"><br></div><div class="battle-history">Tangela used <strong>Leech Seed</strong>!<br></div><div class="battle-history"><small>The opposing Dodrio was seeded!</small><br></div><div class="spacer battle-history"><br></div><div class="battle-history"><small>The opposing Dodrio's health is sapped by Leech Seed!</small><br></div><div class="spacer battle-history"><br></div><h2 class="battle-history">Turn 28</h2><div class="spacer battle-history"><br></div><div class="battle-history">Tangela, come back!<br></div><div class="battle-history">Go! <strong>Clefairy</strong>!<br></div><div class="battle-history"><small>Clefairy was caught in a sticky web!</small><br></div><div class="battle-history"><small>Clefairy's Speed fell!</small><br></div><div class="spacer battle-history"><br></div><div class="battle-history">The opposing Dodrio used <strong>Knock Off</strong>!<br></div><div class="battle-history"><small>It's not very effective...</small><br></div><div class="battle-history"><small>(Clefairy lost <abbr title="−39/344">11.3%</abbr> of its health!)</small><br></div><div class="battle-history"><small>The opposing Dodrio knocked off Clefairy's Eviolite!</small><br></div><div class="spacer battle-history"><br></div><div class="battle-history"><small>The opposing Dodrio's health is sapped by Leech Seed!</small><br></div><div class="spacer battle-history"><br></div><h2 class="battle-history">Turn 29</h2><div class="spacer battle-history"><br></div><div class="battle-history">Pigfoot withdrew Dodrio!<br></div><div class="battle-history">Pigfoot sent out <strong>Golem</strong>!<br></div><div class="spacer battle-history"><br></div><div class="battle-history">Clefairy used <strong>Stealth Rock</strong>!<br></div><div class="battle-history"><small>Pointed stones float in the air around the opposing team!</small><br></div><div class="spacer battle-history"><br></div><h2 class="battle-history">Turn 30</h2><div class="spacer battle-history"><br></div><div class="battle-history">Clefairy, come back!<br></div><div class="battle-history">Go! <strong>Tangela</strong>!<br></div><div class="battle-history"><small>Tangela was caught in a sticky web!</small><br></div><div class="battle-history"><small>Tangela's Speed fell!</small><br></div><div class="spacer battle-history"><br></div><div class="battle-history">The opposing Golem used <strong>Earthquake</strong>!<br></div><div class="battle-history"><small>It's not very effective...</small><br></div><div class="battle-history"><small>(Tangela lost <abbr title="−39/334">11.7%</abbr> of its health!)</small><br></div><div class="spacer battle-history"><br></div><h2 class="battle-history">Turn 31</h2><div class="spacer battle-history"><br></div><div class="battle-history">Pigfoot withdrew Golem!<br></div><div class="battle-history">Pigfoot sent out <strong>Dodrio</strong>!<br></div><div class="battle-history"><small>Pointed stones dug into the opposing Dodrio!</small><br></div><div class="spacer battle-history"><br></div><div class="battle-history">Tangela used <strong>Leech Seed</strong>!<br></div><div class="battle-history"><small>The opposing Dodrio was seeded!</small><br></div><div class="spacer battle-history"><br></div><div class="battle-history"><small>The opposing Dodrio's health is sapped by Leech Seed!</small><br></div><div class="spacer battle-history"><br></div><h2 class="battle-history">Turn 32</h2><div class="spacer battle-history"><br></div><div class="battle-history">Tangela, come back!<br></div><div class="battle-history">Go! <strong>Clefairy</strong>!<br></div><div class="battle-history"><small>Clefairy was caught in a sticky web!</small><br></div><div class="battle-history"><small>Clefairy's Speed fell!</small><br></div><div class="spacer battle-history"><br></div><div class="battle-history">The opposing Dodrio used <strong>Knock Off</strong>!<br></div><div class="battle-history"><small>It's not very effective...</small><br></div><div class="battle-history"><small>(Clefairy lost <abbr title="−40/344">11.6%</abbr> of its health!)</small><br></div><div class="spacer battle-history"><br></div><div class="battle-history"><small>The opposing Dodrio's health is sapped by Leech Seed!</small><br></div><div class="spacer battle-history"><br></div><h2 class="battle-history">Turn 33</h2><div class="spacer battle-history"><br></div><div class="battle-history">The opposing Dodrio used <strong>Brave Bird</strong>!<br></div><div class="battle-history"><small>(Clefairy lost <abbr title="−228/344">66.3%</abbr> of its health!)</small><br></div><div class="battle-history"><small>The opposing Dodrio is damaged by the recoil!</small><br></div><div class="spacer battle-history"><br></div><div class="battle-history">The opposing Dodrio fainted!<br></div><div class="battle-history">Clefairy used <strong>Soft-Boiled</strong>!<br></div><div class="battle-history"><small>Clefairy restored its HP.</small><br></div><div class="spacer battle-history"><br></div><div class="battle-history">Pigfoot sent out <strong>Marowak</strong>!<br></div><div class="battle-history"><small>Pointed stones dug into the opposing Marowak!</small><br></div><div class="spacer battle-history"><br></div><h2 class="battle-history">Turn 34</h2><div class="spacer battle-history"><br></div><div class="battle-history">The opposing Marowak used <strong>Swords Dance</strong>!<br></div><div class="battle-history"><small>The opposing Marowak's Attack rose sharply!</small><br></div><div class="spacer battle-history"><br></div><div class="battle-history">Clefairy used <strong>Heal Bell</strong>!<br></div><div class="battle-history"><small>A bell chimed!</small><br></div><div class="battle-history"><small>Clefairy was cured of its poisoning.</small><br></div><div class="battle-history"><small>Electabuzz was cured of its poisoning.</small><br></div><div class="spacer battle-history"><br></div><h2 class="battle-history">Turn 35</h2><div class="spacer battle-history"><br></div><div class="battle-history">Clefairy, come back!<br></div><div class="battle-history">Go! <strong>Volbeat</strong>!<br></div><div class="battle-history"><small>Volbeat was caught in a sticky web!</small><br></div><div class="battle-history"><small>Volbeat's Speed fell!</small><br></div><div class="spacer battle-history"><br></div><div class="battle-history">The opposing Marowak used <strong>Knock Off</strong>!<br></div><div class="battle-history"><small>(Volbeat lost <abbr title="−208/334">62.3%</abbr> of its health!)</small><br></div><div class="spacer battle-history"><br></div><div class="battle-history">Volbeat fainted!<br></div><div class="spacer battle-history"><br></div><div class="battle-history">Go! <strong>Dodrio</strong>!<br></div><div class="spacer battle-history"><br></div><h2 class="battle-history">Turn 36</h2><div class="spacer battle-history"><br></div><div class="battle-history">Dodrio used <strong>Brave Bird</strong>!<br></div><div class="battle-history"><small>(The opposing Marowak lost <abbr title="−229/261">87.7%</abbr> of its health!)</small><br></div><div class="battle-history"><small>Dodrio is damaged by the recoil!</small><br></div><div class="spacer battle-history"><br></div><div class="battle-history">The opposing Marowak fainted!<br></div><div class="spacer battle-history"><br></div><div class="battle-history">Pigfoot sent out <strong>Cryogonal</strong>!<br></div><div class="battle-history"><small>Pointed stones dug into the opposing Cryogonal!</small><br></div><div class="spacer battle-history"><br></div><h2 class="battle-history">Turn 37</h2><div class="spacer battle-history"><br></div><div class="battle-history">Dodrio used <strong>Brave Bird</strong>!<br></div><div class="battle-history"><small>A critical hit!</small><br></div><div class="battle-history"><small>(The opposing Cryogonal lost <abbr title="−141/281">50.2%</abbr> of its health!)</small><br></div><div class="battle-history"><small>Dodrio is damaged by the recoil!</small><br></div><div class="spacer battle-history"><br></div><div class="battle-history">The opposing Cryogonal fainted!<br></div><div class="chat"><small>SergioRules joined.</small></div><div class="spacer battle-history"><br></div><div class="battle-history">Pigfoot sent out <strong>Golem</strong>!<br></div><div class="battle-history"><small>Pointed stones dug into the opposing Golem!</small><br></div><div class="spacer battle-history"><br></div><h2 class="battle-history">Turn 38</h2><div class="spacer battle-history"><br></div><div class="battle-history">Dodrio, come back!<br></div><div class="battle-history">Go! <strong>Clefairy</strong>!<br></div><div class="battle-history"><small>Clefairy was caught in a sticky web!</small><br></div><div class="battle-history"><small>Clefairy's Speed fell!</small><br></div><div class="spacer battle-history"><br></div><div class="battle-history">The opposing Golem used <strong>Sucker Punch</strong>!<br></div><div class="battle-history"><small>But it failed!</small><br></div><div class="spacer battle-history"><br></div><h2 class="battle-history">Turn 39</h2><div class="chat"><small>SergioRules left.</small></div><div class="spacer battle-history"><br></div><div class="battle-history">The opposing Golem used <strong>Stealth Rock</strong>!<br></div><div class="battle-history"><small>Pointed stones float in the air around your team!</small><br></div><div class="spacer battle-history"><br></div><div class="battle-history">Clefairy used <strong>Heal Bell</strong>!<br></div><div class="battle-history"><small>A bell chimed!</small><br></div><div class="spacer battle-history"><br></div><h2 class="battle-history">Turn 40</h2><div class="spacer battle-history"><br></div><div class="battle-history">The opposing Golem used <strong>Stone Edge</strong>!<br></div><div class="battle-history"><small>(Clefairy lost <abbr title="−211/344">61.3%</abbr> of its health!)</small><br></div><div class="spacer battle-history"><br></div><div class="battle-history">Clefairy used <strong>Stealth Rock</strong>!<br></div><div class="battle-history"><small>But it failed!</small><br></div><div class="spacer battle-history"><br></div><h2 class="battle-history">Turn 41</h2><div class="spacer battle-history"><br></div><div class="battle-history">The opposing Golem used <strong>Stone Edge</strong>!<br></div><div class="battle-history"><small>(Clefairy lost <abbr title="−62/344">18.0%</abbr> of its health!)</small><br></div><div class="spacer battle-history"><br></div><div class="battle-history">Clefairy fainted!<br></div><div class="spacer battle-history"><br></div><div class="battle-history">Go! <strong>Tangela</strong>!<br></div><div class="battle-history"><small>Tangela was caught in a sticky web!</small><br></div><div class="battle-history"><small>Tangela's Speed fell!</small><br></div><div class="battle-history"><small>Pointed stones dug into Tangela!</small><br></div><div class="spacer battle-history"><br></div><h2 class="battle-history">Turn 42</h2><div class="spacer battle-history"><br></div><div class="battle-history">The opposing Golem used <strong>Stone Edge</strong>!<br></div><div class="battle-history"><small>Tangela avoided the attack!</small><br></div><div class="spacer battle-history"><br></div><div class="battle-history">Tangela used <strong>Giga Drain</strong>!<br></div><div class="battle-history"><small>It's super effective!</small><br></div><div class="battle-history"><small>(The opposing Golem lost <abbr title="−284/302">94.0%</abbr> of its health!)</small><br></div><div class="battle-history"><small>The opposing Golem had its energy drained!</small><br></div><div class="spacer battle-history"><br></div><div class="battle-history">The opposing Golem fainted!<br></div><div class="spacer battle-history"><br></div><div class="battle-history"><strong>taytrellz</strong> won the battle!<br></div><div class="chat chatmessage-pigfoot"><strong style="color:hsl(38,89%,35%)"><small>☆</small><span class="username" data-name="Pigfoot">Pigfoot</span>:</strong> <em>gg</em></div></div><div class="inner-preempt"></div></div></div>
</div>
<script>
let daily = Math.floor(Date.now()/1000/60/60/24);document.write('<script src="https://play.pokemonshowdown.com/js/replay-embed.js?version'+daily+'"></'+'script>');
</script>
