<!DOCTYPE html>
<meta charset="utf-8" />
<!-- version 1 -->
<title>PU replay: Yung Vereen vs. LolBron James❄</title>
<style>
html,body {font-family:Verdana, sans-serif;font-size:10pt;margin:0;padding:0;}body{padding:12px 0;} .battle-log {font-family:Verdana, sans-serif;font-size:10pt;} .battle-log-inline {border:1px solid #AAAAAA;background:#EEF2F5;color:black;max-width:640px;margin:0 auto 80px;padding-bottom:5px;} .battle-log .inner {padding:4px 8px 0px 8px;} .battle-log .inner-preempt {padding:0 8px 4px 8px;} .battle-log .inner-after {margin-top:0.5em;} .battle-log h2 {margin:0.5em -8px;padding:4px 8px;border:1px solid #AAAAAA;background:#E0E7EA;border-left:0;border-right:0;font-family:Verdana, sans-serif;font-size:13pt;} .battle-log .chat {vertical-align:middle;padding:3px 0 3px 0;font-size:8pt;} .battle-log .chat strong {color:#40576A;} .battle-log .chat em {padding:1px 4px 1px 3px;color:#000000;font-style:normal;} .chat.mine {background:rgba(0,0,0,0.05);margin-left:-8px;margin-right:-8px;padding-left:8px;padding-right:8px;} .spoiler {color:#BBBBBB;background:#BBBBBB;padding:0px 3px;} .spoiler:hover, .spoiler:active, .spoiler-shown {color:#000000;background:#E2E2E2;padding:0px 3px;} .spoiler a {color:#BBBBBB;} .spoiler:hover a, .spoiler:active a, .spoiler-shown a {color:#2288CC;} .chat code, .chat .spoiler:hover code, .chat .spoiler:active code, .chat .spoiler-shown code {border:1px solid #C0C0C0;background:#EEEEEE;color:black;padding:0 2px;} .chat .spoiler code {border:1px solid #CCCCCC;background:#CCCCCC;color:#CCCCCC;} .battle-log .rated {padding:3px 4px;} .battle-log .rated strong {color:white;background:#89A;padding:1px 4px;border-radius:4px;} .spacer {margin-top:0.5em;} .message-announce {background:#6688AA;color:white;padding:1px 4px 2px;} .message-announce a, .broadcast-green a, .broadcast-blue a, .broadcast-red a {color:#DDEEFF;} .broadcast-green {background-color:#559955;color:white;padding:2px 4px;} .broadcast-blue {background-color:#6688AA;color:white;padding:2px 4px;} .infobox {border:1px solid #6688AA;padding:2px 4px;} .infobox-limited {max-height:200px;overflow:auto;overflow-x:hidden;} .broadcast-red {background-color:#AA5544;color:white;padding:2px 4px;} .message-learn-canlearn {font-weight:bold;color:#228822;text-decoration:underline;} .message-learn-cannotlearn {font-weight:bold;color:#CC2222;text-decoration:underline;} .message-effect-weak {font-weight:bold;color:#CC2222;} .message-effect-resist {font-weight:bold;color:#6688AA;} .message-effect-immune {font-weight:bold;color:#666666;} .message-learn-list {margin-top:0;margin-bottom:0;} .message-throttle-notice, .message-error {color:#992222;} .message-overflow, .chat small.message-overflow {font-size:0pt;} .message-overflow::before {font-size:9pt;content:'...';} .subtle {color:#3A4A66;}
</style>
<div class="wrapper replay-wrapper" style="max-width:1180px;margin:0 auto">
<input type="hidden" name="replayid" value="pu-587778457" />
<div class="battle"></div><div class="battle-log"></div><div class="replay-controls"></div><div class="replay-controls-2"></div>
<h1 style="font-weight:normal;text-align:center"><strong>PU</strong><br /><a href="http://pokemonshowdown.com/users/yungvereen" class="subtle" target="_blank">Yung Vereen</a> vs. <a href="http://pokemonshowdown.com/users/lolbronjames" class="subtle" target="_blank">LolBron James❄</a></h1>
<script type="text/plain" class="battle-log-data">|j|Yung Vereen
|j|LolBron James❄
|player|p1|Yung Vereen|195
|teamsize|p1|6
|player|p2|LolBron James❄|163
|teamsize|p2|6
|gametype|singles
|gen|6
|tier|PU
|seed|38425,35857,36736,24822
|rule|Sleep Clause Mod: Limit one foe put to sleep
|rule|Species Clause: Limit one of each Pokémon
|rule|OHKO Clause: OHKO moves are banned
|rule|Moody Clause: Moody is banned
|rule|Evasion Moves Clause: Evasion moves are banned
|rule|Endless Battle Clause: Forcing endless battles is banned
|rule|HP Percentage Mod: HP is shown in percentages
|clearpoke
|poke|p1|Muk, F|item
|poke|p1|Probopass, F|item
|poke|p1|Leafeon, F|item
|poke|p1|Vullaby, F|item
|poke|p1|Clefairy, F|item
|poke|p1|Mr. Mime, F|item
|poke|p2|Articuno|item
|poke|p2|Glaceon, F|item
|poke|p2|Walrein, M|item
|poke|p2|Lapras, M|item
|poke|p2|Snover, M|item
|poke|p2|Regice|item
|rule|Swagger Clause: Swagger is banned
|rule|Baton Pass Clause: Limit one Baton Passer, can't pass Spe and other stats simultaneously
|teampreview
|c|☆Yung Vereen|le run it
|choice|team 5, team 2, team 3, team 4, team 1, team 6|team 5, team 2, team 3, team 4, team 1, team 6
|
|start
|switch|p1a: Clefairy|Clefairy, F|344\/344
|switch|p2a: Snover|Snover, M|270\/270
|-weather|Hail|[from] ability: Snow Warning|[of] p2a: Snover
|turn|1
|choice|move stealthrock|switch 2
|
|switch|p2a: Glaceon|Glaceon, F|272\/272
|move|p1a: Clefairy|Stealth Rock|p2a: Glaceon
|-sidestart|p2: LolBron James❄|move: Stealth Rock
|
|-weather|Hail|[upkeep]
|upkeep
|turn|2
|choice|switch 2|move blizzard
|
|switch|p1a: Probopass|Probopass, F|304\/304
|-item|p1a: Probopass|Air Balloon
|move|p2a: Glaceon|Blizzard|p1a: Probopass
|-resisted|p1a: Probopass
|-damage|p1a: Probopass|184\/304
|-enditem|p1a: Probopass|Air Balloon
|
|-weather|Hail|[upkeep]
|-damage|p1a: Probopass|165\/304|[from] hail
|upkeep
|turn|3
|choice|move voltswitch|move blizzard
|
|move|p2a: Glaceon|Blizzard|p1a: Probopass
|-resisted|p1a: Probopass
|-damage|p1a: Probopass|61\/304
|move|p1a: Probopass|Volt Switch|p2a: Glaceon
|-damage|p2a: Glaceon|202\/272
|choice|switch 6|
|
|switch|p1a: Mr. Mime|Mr. Mime, F|221\/221
|
|-weather|Hail|[upkeep]
|-damage|p1a: Mr. Mime|208\/221|[from] hail
|-heal|p2a: Glaceon|219\/272|[from] ability: Ice Body
|upkeep
|turn|4
|choice|move psychic|move blizzard
|
|move|p1a: Mr. Mime|Psychic|p2a: Glaceon
|-crit|p2a: Glaceon
|-damage|p2a: Glaceon|14\/272
|move|p2a: Glaceon|Blizzard|p1a: Mr. Mime
|-damage|p1a: Mr. Mime|0 fnt
|faint|p1a: Mr. Mime
|
|-weather|Hail|[upkeep]
|-heal|p2a: Glaceon|31\/272|[from] ability: Ice Body
|upkeep
|c|☆Yung Vereen|gottam
|choice|switch 5|
|
|switch|p1a: Muk|Muk, F|414\/414
|turn|5
|choice|move poisonjab|move blizzard
|
|move|p2a: Glaceon|Blizzard|p1a: Muk
|-damage|p1a: Muk|179\/414
|move|p1a: Muk|Poison Jab|p2a: Glaceon
|-damage|p2a: Glaceon|0 fnt
|faint|p2a: Glaceon
|
|-weather|Hail|[upkeep]
|-damage|p1a: Muk|154\/414|[from] hail
|-heal|p1a: Muk|179\/414|[from] item: Black Sludge
|upkeep
|c|☆Yung Vereen|hail op
|choice||switch 4
|
|switch|p2a: Lapras|Lapras, M|402\/402
|-damage|p2a: Lapras|302\/402|[from] Stealth Rock
|turn|6
|choice|move rest|move dragondance
|
|move|p2a: Lapras|Dragon Dance|p2a: Lapras
|-boost|p2a: Lapras|atk|1
|-boost|p2a: Lapras|spe|1
|move|p1a: Muk|Rest|p1a: Muk
|-status|p1a: Muk|slp
|-heal|p1a: Muk|414\/414 slp|[silent]
|-status|p1a: Muk|slp|[from] move: Rest
|
|-weather|Hail|[upkeep]
|-damage|p1a: Muk|389\/414 slp|[from] hail
|-heal|p2a: Lapras|327\/402|[from] item: Leftovers
|-heal|p1a: Muk|414\/414 slp|[from] item: Black Sludge
|upkeep
|turn|7
|c|☆Yung Vereen|damn nigga
|choice|move sleeptalk|move drillrun
|
|move|p2a: Lapras|Drill Run|p1a: Muk
|-supereffective|p1a: Muk
|-damage|p1a: Muk|120\/414 slp
|cant|p1a: Muk|slp
|move|p1a: Muk|Sleep Talk|p1a: Muk
|move|p1a: Muk|Poison Jab|p2a: Lapras|[from]Sleep Talk
|-damage|p2a: Lapras|212\/402
|
|-weather|Hail|[upkeep]
|-damage|p1a: Muk|95\/414 slp|[from] hail
|-heal|p2a: Lapras|237\/402|[from] item: Leftovers
|-heal|p1a: Muk|120\/414 slp|[from] item: Black Sludge
|upkeep
|turn|8
|choice|move sleeptalk|move waterfall
|
|move|p2a: Lapras|Waterfall|p1a: Muk
|-damage|p1a: Muk|0 fnt
|faint|p1a: Muk
|
|-weather|none
|-heal|p2a: Lapras|262\/402|[from] item: Leftovers
|upkeep
|choice|switch 2|
|
|switch|p1a: Clefairy|Clefairy, F|344\/344
|turn|9
|choice|move thunderwave|move waterfall
|
|move|p2a: Lapras|Waterfall|p1a: Clefairy
|-damage|p1a: Clefairy|137\/344
|move|p1a: Clefairy|Thunder Wave|p2a: Lapras
|-status|p2a: Lapras|par
|
|-heal|p2a: Lapras|287\/402 par|[from] item: Leftovers
|upkeep
|turn|10
|c|☆LolBron James❄|nigga quit playin
|c|☆LolBron James❄|just die
|choice|move softboiled|move waterfall
|
|move|p1a: Clefairy|Soft-Boiled|p1a: Clefairy
|-heal|p1a: Clefairy|309\/344
|move|p2a: Lapras|Waterfall|p1a: Clefairy
|-damage|p1a: Clefairy|96\/344
|
|-heal|p2a: Lapras|312\/402 par|[from] item: Leftovers
|upkeep
|turn|11
|choice|move moonblast|move waterfall
|
|move|p1a: Clefairy|Moonblast|p2a: Lapras
|-damage|p2a: Lapras|231\/402 par
|move|p2a: Lapras|Waterfall|p1a: Clefairy
|-damage|p1a: Clefairy|0 fnt
|faint|p1a: Clefairy
|
|-heal|p2a: Lapras|256\/402 par|[from] item: Leftovers
|upkeep
|c|☆Yung Vereen|goddamn
|c|☆Yung Vereen|what
|choice|switch 6|
|
|switch|p1a: Probopass|Probopass, F|61\/304
|turn|12
|choice|move flashcannon|move waterfall
|
|move|p1a: Probopass|Flash Cannon|p2a: Lapras
|-damage|p2a: Lapras|136\/402 par
|move|p2a: Lapras|Waterfall|p1a: Probopass
|-supereffective|p1a: Probopass
|-damage|p1a: Probopass|0 fnt
|faint|p1a: Probopass
|
|-heal|p2a: Lapras|161\/402 par|[from] item: Leftovers
|upkeep
|c|☆Yung Vereen|yeha gg
|choice|switch 3|
|
|switch|p1a: Leafeon|Leafeon, F|271\/271
|turn|13
|c|☆LolBron James❄|gg
|choice|move knockoff|move outrage
|
|move|p1a: Leafeon|Knock Off|p2a: Lapras
|-damage|p2a: Lapras|38\/402 par
|-enditem|p2a: Lapras|Leftovers|[from] move: Knock Off|[of] p1a: Leafeon
|cant|p2a: Lapras|par
|
|upkeep
|turn|14
|choice|move knockoff|move outrage
|
|move|p1a: Leafeon|Knock Off|p2a: Lapras
|-damage|p2a: Lapras|0 fnt
|faint|p2a: Lapras
|
|upkeep
|choice||switch 2
|
|switch|p2a: Snover|Snover, M|270\/270
|-damage|p2a: Snover|203\/270|[from] Stealth Rock
|-weather|Hail|[from] ability: Snow Warning|[of] p2a: Snover
|turn|15
|choice|move knockoff|move iceshard
|
|move|p2a: Snover|Ice Shard|p1a: Leafeon
|-supereffective|p1a: Leafeon
|-enditem|p1a: Leafeon|Yache Berry|[eat]
|-enditem|p1a: Leafeon|Yache Berry|[weaken]
|-damage|p1a: Leafeon|238\/271
|move|p1a: Leafeon|Knock Off|p2a: Snover
|-damage|p2a: Snover|26\/270
|-enditem|p2a: Snover|Icy Rock|[from] move: Knock Off|[of] p1a: Leafeon
|
|-weather|Hail|[upkeep]
|-damage|p1a: Leafeon|222\/271|[from] hail
|upkeep
|turn|16
|choice|move knockoff|move iceshard
|
|move|p2a: Snover|Ice Shard|p1a: Leafeon
|-supereffective|p1a: Leafeon
|-damage|p1a: Leafeon|154\/271
|move|p1a: Leafeon|Knock Off|p2a: Snover
|-damage|p2a: Snover|0 fnt
|faint|p2a: Snover
|
|-weather|Hail|[upkeep]
|-damage|p1a: Leafeon|138\/271|[from] hail
|upkeep
|choice||switch 3
|
|switch|p2a: Walrein|Walrein, M|419\/419
|-damage|p2a: Walrein|315\/419|[from] Stealth Rock
|turn|17
|c|☆LolBron James❄|stallrein
|c|☆LolBron James❄|classic
|choice|move leafblade|move protect
|
|move|p2a: Walrein|Protect|p2a: Walrein
|-singleturn|p2a: Walrein|Protect
|move|p1a: Leafeon|Leaf Blade|p2a: Walrein
|-activate|p2a: Walrein|move: Protect
|
|-weather|Hail|[upkeep]
|-damage|p1a: Leafeon|122\/271|[from] hail
|-heal|p2a: Walrein|341\/419|[from] ability: Ice Body
|-heal|p2a: Walrein|367\/419|[from] item: Leftovers
|upkeep
|turn|18
|choice|move leafblade|move toxic
|
|move|p1a: Leafeon|Leaf Blade|p2a: Walrein
|-supereffective|p2a: Walrein
|-damage|p2a: Walrein|163\/419
|move|p2a: Walrein|Toxic|p1a: Leafeon
|-status|p1a: Leafeon|tox
|
|-weather|Hail|[upkeep]
|-damage|p1a: Leafeon|106\/271 tox|[from] hail
|-heal|p2a: Walrein|189\/419|[from] ability: Ice Body
|-heal|p2a: Walrein|215\/419|[from] item: Leftovers
|-damage|p1a: Leafeon|90\/271 tox|[from] psn
|upkeep
|turn|19
|c|☆Yung Vereen|fat one
|choice|move leafblade|move protect
|
|move|p2a: Walrein|Protect|p2a: Walrein
|-singleturn|p2a: Walrein|Protect
|move|p1a: Leafeon|Leaf Blade|p2a: Walrein
|-activate|p2a: Walrein|move: Protect
|
|-weather|Hail|[upkeep]
|-damage|p1a: Leafeon|74\/271 tox|[from] hail
|-heal|p2a: Walrein|241\/419|[from] ability: Ice Body
|-heal|p2a: Walrein|267\/419|[from] item: Leftovers
|-damage|p1a: Leafeon|42\/271 tox|[from] psn
|upkeep
|turn|20
|c|☆LolBron James❄|yeah its a nice one
|choice|move synthesis|move protect
|
|move|p2a: Walrein|Protect|p2a: Walrein
|-singleturn|p2a: Walrein|Protect
|move|p1a: Leafeon|Synthesis|p1a: Leafeon
|-heal|p1a: Leafeon|110\/271 tox
|
|-weather|Hail|[upkeep]
|-damage|p1a: Leafeon|94\/271 tox|[from] hail
|-heal|p2a: Walrein|293\/419|[from] ability: Ice Body
|-heal|p2a: Walrein|319\/419|[from] item: Leftovers
|-damage|p1a: Leafeon|46\/271 tox|[from] psn
|upkeep
|turn|21
|choice|move leafblade|move substitute
|
|move|p1a: Leafeon|Leaf Blade|p2a: Walrein
|-supereffective|p2a: Walrein
|-crit|p2a: Walrein
|-damage|p2a: Walrein|0 fnt
|faint|p2a: Walrein
|
|-weather|Hail|[upkeep]
|-damage|p1a: Leafeon|30\/271 tox|[from] hail
|-damage|p1a: Leafeon|0 fnt|[from] psn
|upkeep
|faint|p1a: Leafeon
|c|☆Yung Vereen|well fck hail
|c|☆LolBron James❄|fuk
|c|☆Yung Vereen|omg
|c|☆Yung Vereen|loll
|choice|switch 4|switch 5
|
|switch|p2a: Articuno|Articuno|321\/321
|switch|p1a: Vullaby|Vullaby, F|343\/343
|-damage|p2a: Articuno|161\/321|[from] Stealth Rock
|turn|22
|c|☆Yung Vereen|i still lost
|c|☆LolBron James❄|gg
|choice|move foulplay|move freezedry
|
|move|p2a: Articuno|Freeze-Dry|p1a: Vullaby
|-supereffective|p1a: Vullaby
|-damage|p1a: Vullaby|139\/343
|move|p1a: Vullaby|Foul Play|p2a: Articuno
|-damage|p2a: Articuno|92\/321
|
|-weather|none
|-heal|p2a: Articuno|112\/321|[from] item: Leftovers
|upkeep
|turn|23
|choice|move roost|move freezedry
|
|move|p2a: Articuno|Freeze-Dry|p1a: Vullaby
|-supereffective|p1a: Vullaby
|-damage|p1a: Vullaby|0 fnt
|faint|p1a: Vullaby
|
|win|LolBron James❄
|c|☆Yung Vereen|aw
|l|LolBron James❄</script>
</div>
<div class="battle-log battle-log-inline"><div class="inner"><div class="battle-options"></div><div class="inner"><div class="chat"><small>Yung Vereen joined.</small></div><div class="chat"><small>LolBron James❄ joined.</small></div><div class=""><small>Format:</small> <br><strong>PU</strong></div><div class=""><small><em>Sleep Clause Mod:</em> Limit one foe put to sleep</small></div><div class=""><small><em>Species Clause:</em> Limit one of each Pokémon</small></div><div class=""><small><em>OHKO Clause:</em> OHKO moves are banned</small></div><div class=""><small><em>Moody Clause:</em> Moody is banned</small></div><div class=""><small><em>Evasion Moves Clause:</em> Evasion moves are banned</small></div><div class=""><small><em>Endless Battle Clause:</em> Forcing endless battles is banned</small></div><div class=""><small><em>HP Percentage Mod:</em> HP is shown in percentages</small></div><div class=""><small><em>Swagger Clause:</em> Swagger is banned</small></div><div class=""><small><em>Baton Pass Clause:</em> Limit one Baton Passer, can't pass Spe and other stats simultaneously</small></div><div class="chat battle-history"><strong>Yung Vereen's team:</strong> <em style="color:#445566;display:block;">Muk / Probopass / Leafeon / Vullaby / Clefairy / Mr. Mime</em></div><div class="chat battle-history"><strong>LolBron James❄'s team:</strong> <em style="color:#445566;display:block;">Articuno / Glaceon / Walrein / Lapras / Snover / Regice</em></div><div class="chat chatmessage-yungvereen"><strong style="color:hsl(293,67%,46%)"><small>☆</small><span class="username" data-name="Yung Vereen">Yung Vereen</span>:</strong> <em>le run it</em></div><div class="spacer battle-history"><br></div><div class="battle-history">Battle started between Yung Vereen and LolBron James❄!<br></div><div class="spacer battle-history"><br></div><div class="battle-history">Go! <strong>Clefairy</strong>!<br></div><div class="spacer battle-history"><br></div><div class="battle-history">LolBron James❄ sent out <strong>Snover</strong>!<br></div><div class="battle-history"><small>[The opposing Snover's Snow Warning]</small><br><small>It started to hail!</small><br></div><div class="spacer battle-history"><br></div><h2 class="battle-history">Turn 1</h2><div class="spacer battle-history"><br></div><div class="battle-history">LolBron James❄ withdrew Snover!<br></div><div class="battle-history">LolBron James❄ sent out <strong>Glaceon</strong>!<br></div><div class="spacer battle-history"><br></div><div class="battle-history">Clefairy used <strong>Stealth Rock</strong>!<br></div><div class="battle-history"><small>Pointed stones float in the air around the opposing team!</small><br></div><div class="spacer battle-history"><br></div><div class="battle-history"><small>The hail is crashing down.</small><br></div><div class="spacer battle-history"><br></div><h2 class="battle-history">Turn 2</h2><div class="spacer battle-history"><br></div><div class="battle-history">Clefairy, come back!<br></div><div class="battle-history">Go! <strong>Probopass</strong>!<br></div><div class="battle-history"><small>Probopass floats in the air with its Air Balloon!</small><br></div><div class="spacer battle-history"><br></div><div class="battle-history">The opposing Glaceon used <strong>Blizzard</strong>!<br></div><div class="battle-history"><small>It's not very effective...</small><br></div><div class="battle-history"><small>(Probopass lost <abbr title="−120/304">39.5%</abbr> of its health!)</small><br></div><div class="battle-history"><small>Probopass's Air Balloon popped!</small><br></div><div class="spacer battle-history"><br></div><div class="battle-history"><small>The hail is crashing down.</small><br></div><div class="battle-history"><small>Probopass is buffeted by the hail!</small><br></div><div class="spacer battle-history"><br></div><h2 class="battle-history">Turn 3</h2><div class="spacer battle-history"><br></div><div class="battle-history">The opposing Glaceon used <strong>Blizzard</strong>!<br></div><div class="battle-history"><small>It's not very effective...</small><br></div><div class="battle-history"><small>(Probopass lost <abbr title="−104/304">34.2%</abbr> of its health!)</small><br></div><div class="spacer battle-history"><br></div><div class="battle-history">Probopass used <strong>Volt Switch</strong>!<br></div><div class="battle-history"><small>(The opposing Glaceon lost <abbr title="−70/272">25.7%</abbr> of its health!)</small><br></div><div class="spacer battle-history"><br></div><div class="battle-history">Probopass went back to Yung Vereen!<br></div><div class="battle-history">Go! <strong>Mr. Mime</strong>!<br></div><div class="spacer battle-history"><br></div><div class="battle-history"><small>The hail is crashing down.</small><br></div><div class="battle-history"><small>Mr. Mime is buffeted by the hail!</small><br></div><div class="battle-history"><small>[The opposing Glaceon's Ice Body]</small><br><small>The opposing Glaceon restored its HP.</small><br></div><div class="spacer battle-history"><br></div><h2 class="battle-history">Turn 4</h2><div class="spacer battle-history"><br></div><div class="battle-history">Mr. Mime used <strong>Psychic</strong>!<br></div><div class="battle-history"><small>A critical hit!</small><br></div><div class="battle-history"><small>(The opposing Glaceon lost <abbr title="−205/272">75.4%</abbr> of its health!)</small><br></div><div class="spacer battle-history"><br></div><div class="battle-history">The opposing Glaceon used <strong>Blizzard</strong>!<br></div><div class="battle-history"><small>(Mr. Mime lost <abbr title="−208/221">94.1%</abbr> of its health!)</small><br></div><div class="spacer battle-history"><br></div><div class="battle-history">Mr. Mime fainted!<br></div><div class="spacer battle-history"><br></div><div class="battle-history"><small>The hail is crashing down.</small><br></div><div class="battle-history"><small>[The opposing Glaceon's Ice Body]</small><br><small>The opposing Glaceon restored its HP.</small><br></div><div class="chat chatmessage-yungvereen"><strong style="color:hsl(293,67%,46%)"><small>☆</small><span class="username" data-name="Yung Vereen">Yung Vereen</span>:</strong> <em>gottam</em></div><div class="spacer battle-history"><br></div><div class="battle-history">Go! <strong>Muk</strong>!<br></div><div class="spacer battle-history"><br></div><h2 class="battle-history">Turn 5</h2><div class="spacer battle-history"><br></div><div class="battle-history">The opposing Glaceon used <strong>Blizzard</strong>!<br></div><div class="battle-history"><small>(Muk lost <abbr title="−235/414">56.8%</abbr> of its health!)</small><br></div><div class="spacer battle-history"><br></div><div class="battle-history">Muk used <strong>Poison Jab</strong>!<br></div><div class="battle-history"><small>(The opposing Glaceon lost <abbr title="−31/272">11.4%</abbr> of its health!)</small><br></div><div class="spacer battle-history"><br></div><div class="battle-history">The opposing Glaceon fainted!<br></div><div class="spacer battle-history"><br></div><div class="battle-history"><small>The hail is crashing down.</small><br></div><div class="battle-history"><small>Muk is buffeted by the hail!</small><br></div><div class="battle-history"><small>Muk restored a little HP using its Black Sludge!</small><br></div><div class="chat chatmessage-yungvereen"><strong style="color:hsl(293,67%,46%)"><small>☆</small><span class="username" data-name="Yung Vereen">Yung Vereen</span>:</strong> <em>hail op</em></div><div class="spacer battle-history"><br></div><div class="battle-history">LolBron James❄ sent out <strong>Lapras</strong>!<br></div><div class="battle-history"><small>Pointed stones dug into the opposing Lapras!</small><br></div><div class="spacer battle-history"><br></div><h2 class="battle-history">Turn 6</h2><div class="spacer battle-history"><br></div><div class="battle-history">The opposing Lapras used <strong>Dragon Dance</strong>!<br></div><div class="battle-history"><small>The opposing Lapras's Attack rose!</small><br></div><div class="battle-history"><small>The opposing Lapras's Speed rose!</small><br></div><div class="spacer battle-history"><br></div><div class="battle-history">Muk used <strong>Rest</strong>!<br></div><div class="battle-history"><small>Muk fell asleep!</small><br></div><div class="battle-history"><small>Muk slept and became healthy!</small><br></div><div class="spacer battle-history"><br></div><div class="battle-history"><small>The hail is crashing down.</small><br></div><div class="battle-history"><small>Muk is buffeted by the hail!</small><br></div><div class="battle-history"><small>The opposing Lapras restored a little HP using its Leftovers!</small><br></div><div class="battle-history"><small>Muk restored a little HP using its Black Sludge!</small><br></div><div class="spacer battle-history"><br></div><h2 class="battle-history">Turn 7</h2><div class="chat chatmessage-yungvereen"><strong style="color:hsl(293,67%,46%)"><small>☆</small><span class="username" data-name="Yung Vereen">Yung Vereen</span>:</strong> <em>damn nigga</em></div><div class="spacer battle-history"><br></div><div class="battle-history">The opposing Lapras used <strong>Drill Run</strong>!<br></div><div class="battle-history"><small>It's super effective!</small><br></div><div class="battle-history"><small>(Muk lost <abbr title="−294/414">71.0%</abbr> of its health!)</small><br></div><div class="spacer battle-history"><br></div><div class="battle-history">Muk is fast asleep.<br></div><div class="spacer battle-history"><br></div><div class="battle-history">Muk used <strong>Sleep Talk</strong>!<br></div><div class="spacer battle-history"><br></div><div class="battle-history">Muk used <strong>Poison Jab</strong>!<br></div><div class="battle-history"><small>(The opposing Lapras lost <abbr title="−115/402">28.6%</abbr> of its health!)</small><br></div><div class="spacer battle-history"><br></div><div class="battle-history"><small>The hail is crashing down.</small><br></div><div class="battle-history"><small>Muk is buffeted by the hail!</small><br></div><div class="battle-history"><small>The opposing Lapras restored a little HP using its Leftovers!</small><br></div><div class="battle-history"><small>Muk restored a little HP using its Black Sludge!</small><br></div><div class="spacer battle-history"><br></div><h2 class="battle-history">Turn 8</h2><div class="spacer battle-history"><br></div><div class="battle-history">The opposing Lapras used <strong>Waterfall</strong>!<br></div><div class="battle-history"><small>(Muk lost <abbr title="−120/414">29.0%</abbr> of its health!)</small><br></div><div class="spacer battle-history"><br></div><div class="battle-history">Muk fainted!<br></div><div class="spacer battle-history"><br></div><div class="battle-history"><small>The hail stopped.</small><br></div><div class="battle-history"><small>The opposing Lapras restored a little HP using its Leftovers!</small><br></div><div class="spacer battle-history"><br></div><div class="battle-history">Go! <strong>Clefairy</strong>!<br></div><div class="spacer battle-history"><br></div><h2 class="battle-history">Turn 9</h2><div class="spacer battle-history"><br></div><div class="battle-history">The opposing Lapras used <strong>Waterfall</strong>!<br></div><div class="battle-history"><small>(Clefairy lost <abbr title="−207/344">60.2%</abbr> of its health!)</small><br></div><div class="spacer battle-history"><br></div><div class="battle-history">Clefairy used <strong>Thunder Wave</strong>!<br></div><div class="battle-history"><small>The opposing Lapras is paralyzed! It may be unable to move!</small><br></div><div class="spacer battle-history"><br></div><div class="battle-history"><small>The opposing Lapras restored a little HP using its Leftovers!</small><br></div><div class="spacer battle-history"><br></div><h2 class="battle-history">Turn 10</h2><div class="chat chatmessage-lolbronjames"><strong style="color:hsl(47,86%,37.108969255118986%)"><small>☆</small><span class="username" data-name="LolBron James❄">LolBron James❄</span>:</strong> <em>nigga quit playin</em></div><div class="chat chatmessage-lolbronjames"><strong style="color:hsl(47,86%,37.108969255118986%)"><small>☆</small><span class="username" data-name="LolBron James❄">LolBron James❄</span>:</strong> <em>just die</em></div><div class="spacer battle-history"><br></div><div class="battle-history">Clefairy used <strong>Soft-Boiled</strong>!<br></div><div class="battle-history"><small>Clefairy restored its HP.</small><br></div><div class="spacer battle-history"><br></div><div class="battle-history">The opposing Lapras used <strong>Waterfall</strong>!<br></div><div class="battle-history"><small>(Clefairy lost <abbr title="−213/344">61.9%</abbr> of its health!)</small><br></div><div class="spacer battle-history"><br></div><div class="battle-history"><small>The opposing Lapras restored a little HP using its Leftovers!</small><br></div><div class="spacer battle-history"><br></div><h2 class="battle-history">Turn 11</h2><div class="spacer battle-history"><br></div><div class="battle-history">Clefairy used <strong>Moonblast</strong>!<br></div><div class="battle-history"><small>(The opposing Lapras lost <abbr title="−81/402">20.1%</abbr> of its health!)</small><br></div><div class="spacer battle-history"><br></div><div class="battle-history">The opposing Lapras used <strong>Waterfall</strong>!<br></div><div class="battle-history"><small>(Clefairy lost <abbr title="−96/344">27.9%</abbr> of its health!)</small><br></div><div class="spacer battle-history"><br></div><div class="battle-history">Clefairy fainted!<br></div><div class="spacer battle-history"><br></div><div class="battle-history"><small>The opposing Lapras restored a little HP using its Leftovers!</small><br></div><div class="chat chatmessage-yungvereen"><strong style="color:hsl(293,67%,46%)"><small>☆</small><span class="username" data-name="Yung Vereen">Yung Vereen</span>:</strong> <em>goddamn</em></div><div class="chat chatmessage-yungvereen"><strong style="color:hsl(293,67%,46%)"><small>☆</small><span class="username" data-name="Yung Vereen">Yung Vereen</span>:</strong> <em>what</em></div><div class="spacer battle-history"><br></div><div class="battle-history">Go! <strong>Probopass</strong>!<br></div><div class="spacer battle-history"><br></div><h2 class="battle-history">Turn 12</h2><div class="spacer battle-history"><br></div><div class="battle-history">Probopass used <strong>Flash Cannon</strong>!<br></div><div class="battle-history"><small>(The opposing Lapras lost <abbr title="−120/402">29.9%</abbr> of its health!)</small><br></div><div class="spacer battle-history"><br></div><div class="battle-history">The opposing Lapras used <strong>Waterfall</strong>!<br></div><div class="battle-history"><small>It's super effective!</small><br></div><div class="battle-history"><small>(Probopass lost <abbr title="−61/304">20.1%</abbr> of its health!)</small><br></div><div class="spacer battle-history"><br></div><div class="battle-history">Probopass fainted!<br></div><div class="spacer battle-history"><br></div><div class="battle-history"><small>The opposing Lapras restored a little HP using its Leftovers!</small><br></div><div class="chat chatmessage-yungvereen"><strong style="color:hsl(293,67%,46%)"><small>☆</small><span class="username" data-name="Yung Vereen">Yung Vereen</span>:</strong> <em>yeha gg</em></div><div class="spacer battle-history"><br></div><div class="battle-history">Go! <strong>Leafeon</strong>!<br></div><div class="spacer battle-history"><br></div><h2 class="battle-history">Turn 13</h2><div class="chat chatmessage-lolbronjames"><strong style="color:hsl(47,86%,37.108969255118986%)"><small>☆</small><span class="username" data-name="LolBron James❄">LolBron James❄</span>:</strong> <em>gg</em></div><div class="spacer battle-history"><br></div><div class="battle-history">Leafeon used <strong>Knock Off</strong>!<br></div><div class="battle-history"><small>(The opposing Lapras lost <abbr title="−123/402">30.6%</abbr> of its health!)</small><br></div><div class="battle-history"><small>Leafeon knocked off the opposing Lapras's Leftovers!</small><br></div><div class="spacer battle-history"><br></div><div class="battle-history">The opposing Lapras is paralyzed! It can't move!<br></div><div class="spacer battle-history"><br></div><h2 class="battle-history">Turn 14</h2><div class="spacer battle-history"><br></div><div class="battle-history">Leafeon used <strong>Knock Off</strong>!<br></div><div class="battle-history"><small>(The opposing Lapras lost <abbr title="−38/402">9.5%</abbr> of its health!)</small><br></div><div class="spacer battle-history"><br></div><div class="battle-history">The opposing Lapras fainted!<br></div><div class="spacer battle-history"><br></div><div class="battle-history">LolBron James❄ sent out <strong>Snover</strong>!<br></div><div class="battle-history"><small>Pointed stones dug into the opposing Snover!</small><br></div><div class="battle-history"><small>[The opposing Snover's Snow Warning]</small><br><small>It started to hail!</small><br></div><div class="spacer battle-history"><br></div><h2 class="battle-history">Turn 15</h2><div class="spacer battle-history"><br></div><div class="battle-history">The opposing Snover used <strong>Ice Shard</strong>!<br></div><div class="battle-history"><small>It's super effective!</small><br></div><div class="battle-history"><small>Leafeon ate its Yache Berry!</small><br></div><div class="battle-history"><small>The Yache Berry weakened the damage to Leafeon!</small><br></div><div class="battle-history"><small>(Leafeon lost <abbr title="−33/271">12.2%</abbr> of its health!)</small><br></div><div class="spacer battle-history"><br></div><div class="battle-history">Leafeon used <strong>Knock Off</strong>!<br></div><div class="battle-history"><small>(The opposing Snover lost <abbr title="−177/270">65.6%</abbr> of its health!)</small><br></div><div class="battle-history"><small>Leafeon knocked off the opposing Snover's Icy Rock!</small><br></div><div class="spacer battle-history"><br></div><div class="battle-history"><small>The hail is crashing down.</small><br></div><div class="battle-history"><small>Leafeon is buffeted by the hail!</small><br></div><div class="spacer battle-history"><br></div><h2 class="battle-history">Turn 16</h2><div class="spacer battle-history"><br></div><div class="battle-history">The opposing Snover used <strong>Ice Shard</strong>!<br></div><div class="battle-history"><small>It's super effective!</small><br></div><div class="battle-history"><small>(Leafeon lost <abbr title="−68/271">25.1%</abbr> of its health!)</small><br></div><div class="spacer battle-history"><br></div><div class="battle-history">Leafeon used <strong>Knock Off</strong>!<br></div><div class="battle-history"><small>(The opposing Snover lost <abbr title="−26/270">9.6%</abbr> of its health!)</small><br></div><div class="spacer battle-history"><br></div><div class="battle-history">The opposing Snover fainted!<br></div><div class="spacer battle-history"><br></div><div class="battle-history"><small>The hail is crashing down.</small><br></div><div class="battle-history"><small>Leafeon is buffeted by the hail!</small><br></div><div class="spacer battle-history"><br></div><div class="battle-history">LolBron James❄ sent out <strong>Walrein</strong>!<br></div><div class="battle-history"><small>Pointed stones dug into the opposing Walrein!</small><br></div><div class="spacer battle-history"><br></div><h2 class="battle-history">Turn 17</h2><div class="chat chatmessage-lolbronjames"><strong style="color:hsl(47,86%,37.108969255118986%)"><small>☆</small><span class="username" data-name="LolBron James❄">LolBron James❄</span>:</strong> <em>stallrein</em></div><div class="chat chatmessage-lolbronjames"><strong style="color:hsl(47,86%,37.108969255118986%)"><small>☆</small><span class="username" data-name="LolBron James❄">LolBron James❄</span>:</strong> <em>classic</em></div><div class="spacer battle-history"><br></div><div class="battle-history">The opposing Walrein used <strong>Protect</strong>!<br></div><div class="battle-history"><small>The opposing Walrein protected itself!</small><br></div><div class="spacer battle-history"><br></div><div class="battle-history">Leafeon used <strong>Leaf Blade</strong>!<br></div><div class="battle-history"><small>The opposing Walrein protected itself!</small><br></div><div class="spacer battle-history"><br></div><div class="battle-history"><small>The hail is crashing down.</small><br></div><div class="battle-history"><small>Leafeon is buffeted by the hail!</small><br></div><div class="battle-history"><small>[The opposing Walrein's Ice Body]</small><br><small>The opposing Walrein restored its HP.</small><br></div><div class="battle-history"><small>The opposing Walrein restored a little HP using its Leftovers!</small><br></div><div class="spacer battle-history"><br></div><h2 class="battle-history">Turn 18</h2><div class="spacer battle-history"><br></div><div class="battle-history">Leafeon used <strong>Leaf Blade</strong>!<br></div><div class="battle-history"><small>It's super effective!</small><br></div><div class="battle-history"><small>(The opposing Walrein lost <abbr title="−204/419">48.7%</abbr> of its health!)</small><br></div><div class="spacer battle-history"><br></div><div class="battle-history">The opposing Walrein used <strong>Toxic</strong>!<br></div><div class="battle-history"><small>Leafeon was badly poisoned!</small><br></div><div class="spacer battle-history"><br></div><div class="battle-history"><small>The hail is crashing down.</small><br></div><div class="battle-history"><small>Leafeon is buffeted by the hail!</small><br></div><div class="battle-history"><small>[The opposing Walrein's Ice Body]</small><br><small>The opposing Walrein restored its HP.</small><br></div><div class="battle-history"><small>The opposing Walrein restored a little HP using its Leftovers!</small><br></div><div class="battle-history"><small>Leafeon was hurt by poison!</small><br></div><div class="spacer battle-history"><br></div><h2 class="battle-history">Turn 19</h2><div class="chat chatmessage-yungvereen"><strong style="color:hsl(293,67%,46%)"><small>☆</small><span class="username" data-name="Yung Vereen">Yung Vereen</span>:</strong> <em>fat one</em></div><div class="spacer battle-history"><br></div><div class="battle-history">The opposing Walrein used <strong>Protect</strong>!<br></div><div class="battle-history"><small>The opposing Walrein protected itself!</small><br></div><div class="spacer battle-history"><br></div><div class="battle-history">Leafeon used <strong>Leaf Blade</strong>!<br></div><div class="battle-history"><small>The opposing Walrein protected itself!</small><br></div><div class="spacer battle-history"><br></div><div class="battle-history"><small>The hail is crashing down.</small><br></div><div class="battle-history"><small>Leafeon is buffeted by the hail!</small><br></div><div class="battle-history"><small>[The opposing Walrein's Ice Body]</small><br><small>The opposing Walrein restored its HP.</small><br></div><div class="battle-history"><small>The opposing Walrein restored a little HP using its Leftovers!</small><br></div><div class="battle-history"><small>Leafeon was hurt by poison!</small><br></div><div class="spacer battle-history"><br></div><h2 class="battle-history">Turn 20</h2><div class="chat chatmessage-lolbronjames"><strong style="color:hsl(47,86%,37.108969255118986%)"><small>☆</small><span class="username" data-name="LolBron James❄">LolBron James❄</span>:</strong> <em>yeah its a nice one</em></div><div class="spacer battle-history"><br></div><div class="battle-history">The opposing Walrein used <strong>Protect</strong>!<br></div><div class="battle-history"><small>The opposing Walrein protected itself!</small><br></div><div class="spacer battle-history"><br></div><div class="battle-history">Leafeon used <strong>Synthesis</strong>!<br></div><div class="battle-history"><small>Leafeon restored its HP.</small><br></div><div class="spacer battle-history"><br></div><div class="battle-history"><small>The hail is crashing down.</small><br></div><div class="battle-history"><small>Leafeon is buffeted by the hail!</small><br></div><div class="battle-history"><small>[The opposing Walrein's Ice Body]</small><br><small>The opposing Walrein restored its HP.</small><br></div><div class="battle-history"><small>The opposing Walrein restored a little HP using its Leftovers!</small><br></div><div class="battle-history"><small>Leafeon was hurt by poison!</small><br></div><div class="spacer battle-history"><br></div><h2 class="battle-history">Turn 21</h2><div class="spacer battle-history"><br></div><div class="battle-history">Leafeon used <strong>Leaf Blade</strong>!<br></div><div class="battle-history"><small>It's super effective!</small><br></div><div class="battle-history"><small>A critical hit!</small><br></div><div class="battle-history"><small>(The opposing Walrein lost <abbr title="−319/419">76.1%</abbr> of its health!)</small><br></div><div class="spacer battle-history"><br></div><div class="battle-history">The opposing Walrein fainted!<br></div><div class="spacer battle-history"><br></div><div class="battle-history"><small>The hail is crashing down.</small><br></div><div class="battle-history"><small>Leafeon is buffeted by the hail!</small><br></div><div class="battle-history"><small>Leafeon was hurt by poison!</small><br></div><div class="spacer battle-history"><br></div><div class="battle-history">Leafeon fainted!<br></div><div class="chat chatmessage-yungvereen"><strong style="color:hsl(293,67%,46%)"><small>☆</small><span class="username" data-name="Yung Vereen">Yung Vereen</span>:</strong> <em>well fck hail</em></div><div class="chat chatmessage-lolbronjames"><strong style="color:hsl(47,86%,37.108969255118986%)"><small>☆</small><span class="username" data-name="LolBron James❄">LolBron James❄</span>:</strong> <em>fuk</em></div><div class="chat chatmessage-yungvereen"><strong style="color:hsl(293,67%,46%)"><small>☆</small><span class="username" data-name="Yung Vereen">Yung Vereen</span>:</strong> <em>omg</em></div><div class="chat chatmessage-yungvereen"><strong style="color:hsl(293,67%,46%)"><small>☆</small><span class="username" data-name="Yung Vereen">Yung Vereen</span>:</strong> <em>loll</em></div><div class="spacer battle-history"><br></div><div class="battle-history">LolBron James❄ sent out <strong>Articuno</strong>!<br></div><div class="spacer battle-history"><br></div><div class="battle-history">Go! <strong>Vullaby</strong>!<br></div><div class="battle-history"><small>Pointed stones dug into the opposing Articuno!</small><br></div><div class="spacer battle-history"><br></div><h2 class="battle-history">Turn 22</h2><div class="chat chatmessage-yungvereen"><strong style="color:hsl(293,67%,46%)"><small>☆</small><span class="username" data-name="Yung Vereen">Yung Vereen</span>:</strong> <em>i still lost</em></div><div class="chat chatmessage-lolbronjames"><strong style="color:hsl(47,86%,37.108969255118986%)"><small>☆</small><span class="username" data-name="LolBron James❄">LolBron James❄</span>:</strong> <em>gg</em></div><div class="spacer battle-history"><br></div><div class="battle-history">The opposing Articuno used <strong>Freeze-Dry</strong>!<br></div><div class="battle-history"><small>It's super effective!</small><br></div><div class="battle-history"><small>(Vullaby lost <abbr title="−204/343">59.5%</abbr> of its health!)</small><br></div><div class="spacer battle-history"><br></div><div class="battle-history">Vullaby used <strong>Foul Play</strong>!<br></div><div class="battle-history"><small>(The opposing Articuno lost <abbr title="−69/321">21.5%</abbr> of its health!)</small><br></div><div class="spacer battle-history"><br></div><div class="battle-history"><small>The hail stopped.</small><br></div><div class="battle-history"><small>The opposing Articuno restored a little HP using its Leftovers!</small><br></div><div class="spacer battle-history"><br></div><h2 class="battle-history">Turn 23</h2><div class="spacer battle-history"><br></div><div class="battle-history">The opposing Articuno used <strong>Freeze-Dry</strong>!<br></div><div class="battle-history"><small>It's super effective!</small><br></div><div class="battle-history"><small>(Vullaby lost <abbr title="−139/343">40.5%</abbr> of its health!)</small><br></div><div class="spacer battle-history"><br></div><div class="battle-history">Vullaby fainted!<br></div><div class="spacer battle-history"><br></div><div class="battle-history"><strong>LolBron James❄</strong> won the battle!<br></div><div class="chat chatmessage-yungvereen"><strong style="color:hsl(293,67%,46%)"><small>☆</small><span class="username" data-name="Yung Vereen">Yung Vereen</span>:</strong> <em>aw</em></div><div class="chat"><small>LolBron James❄ left.</small></div></div><div class="inner-preempt"></div></div></div>
</div>
<script>
let daily = Math.floor(Date.now()/1000/60/60/24);document.write('<script src="https://play.pokemonshowdown.com/js/replay-embed.js?version'+daily+'"></'+'script>');
</script>
