<!DOCTYPE html>
<meta charset="utf-8" />
<!-- version 1 -->
<title>PU replay: Pierre-trangelo vs. Greenheroes</title>
<style>
html,body {font-family:Verdana, sans-serif;font-size:10pt;margin:0;padding:0;}body{padding:12px 0;} .battle-log {font-family:Verdana, sans-serif;font-size:10pt;} .battle-log-inline {border:1px solid #AAAAAA;background:#EEF2F5;color:black;max-width:640px;margin:0 auto 80px;padding-bottom:5px;} .battle-log .inner {padding:4px 8px 0px 8px;} .battle-log .inner-preempt {padding:0 8px 4px 8px;} .battle-log .inner-after {margin-top:0.5em;} .battle-log h2 {margin:0.5em -8px;padding:4px 8px;border:1px solid #AAAAAA;background:#E0E7EA;border-left:0;border-right:0;font-family:Verdana, sans-serif;font-size:13pt;} .battle-log .chat {vertical-align:middle;padding:3px 0 3px 0;font-size:8pt;} .battle-log .chat strong {color:#40576A;} .battle-log .chat em {padding:1px 4px 1px 3px;color:#000000;font-style:normal;} .chat.mine {background:rgba(0,0,0,0.05);margin-left:-8px;margin-right:-8px;padding-left:8px;padding-right:8px;} .spoiler {color:#BBBBBB;background:#BBBBBB;padding:0px 3px;} .spoiler:hover, .spoiler:active, .spoiler-shown {color:#000000;background:#E2E2E2;padding:0px 3px;} .spoiler a {color:#BBBBBB;} .spoiler:hover a, .spoiler:active a, .spoiler-shown a {color:#2288CC;} .chat code, .chat .spoiler:hover code, .chat .spoiler:active code, .chat .spoiler-shown code {border:1px solid #C0C0C0;background:#EEEEEE;color:black;padding:0 2px;} .chat .spoiler code {border:1px solid #CCCCCC;background:#CCCCCC;color:#CCCCCC;} .battle-log .rated {padding:3px 4px;} .battle-log .rated strong {color:white;background:#89A;padding:1px 4px;border-radius:4px;} .spacer {margin-top:0.5em;} .message-announce {background:#6688AA;color:white;padding:1px 4px 2px;} .message-announce a, .broadcast-green a, .broadcast-blue a, .broadcast-red a {color:#DDEEFF;} .broadcast-green {background-color:#559955;color:white;padding:2px 4px;} .broadcast-blue {background-color:#6688AA;color:white;padding:2px 4px;} .infobox {border:1px solid #6688AA;padding:2px 4px;} .infobox-limited {max-height:200px;overflow:auto;overflow-x:hidden;} .broadcast-red {background-color:#AA5544;color:white;padding:2px 4px;} .message-learn-canlearn {font-weight:bold;color:#228822;text-decoration:underline;} .message-learn-cannotlearn {font-weight:bold;color:#CC2222;text-decoration:underline;} .message-effect-weak {font-weight:bold;color:#CC2222;} .message-effect-resist {font-weight:bold;color:#6688AA;} .message-effect-immune {font-weight:bold;color:#666666;} .message-learn-list {margin-top:0;margin-bottom:0;} .message-throttle-notice, .message-error {color:#992222;} .message-overflow, .chat small.message-overflow {font-size:0pt;} .message-overflow::before {font-size:9pt;content:'...';} .subtle {color:#3A4A66;}
</style>
<div class="wrapper replay-wrapper" style="max-width:1180px;margin:0 auto">
<input type="hidden" name="replayid" value="pokestrat-pu-4725" />
<div class="battle"></div><div class="battle-log"></div><div class="replay-controls"></div><div class="replay-controls-2"></div>
<h1 style="font-weight:normal;text-align:center"><strong>PU</strong><br /><a href="http://pokemonshowdown.com/users/pierretrangelo" class="subtle" target="_blank">Pierre-trangelo</a> vs. <a href="http://pokemonshowdown.com/users/greenheroes" class="subtle" target="_blank">Greenheroes</a></h1>
<script type="text/plain" class="battle-log-data">|j|Pierre-trangelo
|j|Greenheroes
|player|p1|Pierre-trangelo|2
|teamsize|p1|6
|player|p2|Greenheroes|25
|teamsize|p2|6
|gametype|singles
|gen|6
|tier|PU
|seed|26332,31910,50932,27571
|rule|Sleep Clause Mod: Limit one foe put to sleep
|rule|Species Clause: Limit one of each Pokémon
|rule|OHKO Clause: OHKO moves are banned
|rule|Moody Clause: Moody is banned
|rule|Evasion Moves Clause: Evasion moves are banned
|rule|Endless Battle Clause: Forcing endless battles is banned
|rule|HP Percentage Mod: HP is shown in percentages
|clearpoke
|poke|p1|Golem, F|item
|poke|p1|Lapras, F|item
|poke|p1|Monferno, F|item
|poke|p1|Mawile, F|item
|poke|p1|Altaria, M|item
|poke|p1|Stoutland, M|item
|poke|p2|Muk, F|item
|poke|p2|Monferno, M|item
|poke|p2|Drifblim, F|item
|poke|p2|Golem, F|item
|poke|p2|Cacturne, M|item
|poke|p2|Cryogonal|item
|rule|Swagger Clause: Swagger is banned
|rule|Baton Pass Clause: Limit one Baton Passer, can't pass Spe and other stats simultaneously
|teampreview
|j|MagicTitis
|c|☆Greenheroes|bonne chance
|c|☆Pierre-trangelo|Bonne chance Green !
|j|Vhenger
|c|☆Pierre-trangelo|j'espère que tu gagnera, je mérite même pas d'être ici ^^
|j|Tangent Phi ?
|c|☆Greenheroes|ah^^
|l|Tangent Phi ?
|choice|team 2, team 1, team 3, team 4, team 5, team 6|team 4, team 2, team 3, team 1, team 5, team 6
|
|start
|switch|p1a: Lapras|Lapras, F|431\/431
|switch|p2a: Golem|Golem, F|363\/363
|turn|1
|choice|move surf|move stealthrock
|
|move|p1a: Lapras|Surf|p2a: Golem
|-supereffective|p2a: Golem
|-ability|p2a: Golem|Sturdy
|-damage|p2a: Golem|1\/363
|move|p2a: Golem|Stealth Rock|p1a: Lapras
|-sidestart|p1: Pierre-trangelo|move: Stealth Rock
|
|-heal|p2a: Golem|23\/363|[from] item: Leftovers
|upkeep
|turn|2
|choice|move surf|switch 6
|
|switch|p2a: Cryogonal|Cryogonal|343\/343
|move|p1a: Lapras|Surf|p2a: Cryogonal
|-damage|p2a: Cryogonal|184\/343
|
|-heal|p2a: Cryogonal|205\/343|[from] item: Leftovers
|upkeep
|turn|3
|l|MagicTitis
|choice|move surf|switch 5
|
|switch|p2a: Cacturne|Cacturne, M|281\/281
|move|p1a: Lapras|Surf|p2a: Cacturne
|-immune|p2a: Cacturne|[msg]|[from] ability: Water Absorb
|
|upkeep
|turn|4
|j|MagicTitis
|choice|switch 3|move focusblast
|
|switch|p1a: Monferno|Monferno, F|269\/269
|-damage|p1a: Monferno|236\/269|[from] Stealth Rock
|move|p2a: Cacturne|Focus Blast|p1a: Monferno|[miss]
|-miss|p2a: Cacturne|p1a: Monferno
|
|upkeep
|turn|5
|j|Neko-Suke
|c|☆Greenheroes|lol
|j|Erufun
|choice|move closecombat|switch 6
|
|switch|p2a: Golem|Golem, F|23\/363
|move|p1a: Monferno|Close Combat|p2a: Golem
|-supereffective|p2a: Golem
|-damage|p2a: Golem|0 fnt
|-unboost|p1a: Monferno|def|1
|-unboost|p1a: Monferno|spd|1
|faint|p2a: Golem
|
|upkeep
|choice||switch 2
|
|switch|p2a: Monferno|Monferno, M|269\/269
|turn|6
|choice|move uturn|move machpunch
|
|move|p2a: Monferno|Mach Punch|p1a: Monferno
|-damage|p1a: Monferno|127\/269
|move|p1a: Monferno|U-turn|p2a: Monferno
|-resisted|p2a: Monferno
|-damage|p2a: Monferno|252\/269
|choice|switch 5|
|
|switch|p1a: Altaria|Altaria, M|291\/291
|-damage|p1a: Altaria|219\/291|[from] Stealth Rock
|
|upkeep
|turn|7
|choice|move toxic|move uturn
|
|move|p2a: Monferno|U-turn|p1a: Altaria
|-resisted|p1a: Altaria
|-damage|p1a: Altaria|184\/291
|choice||switch 5
|
|switch|p2a: Cryogonal|Cryogonal|205\/343
|move|p1a: Altaria|Toxic|p2a: Cryogonal
|-status|p2a: Cryogonal|tox
|
|-heal|p2a: Cryogonal|226\/343 tox|[from] item: Leftovers
|-damage|p2a: Cryogonal|205\/343 tox|[from] psn
|upkeep
|turn|8
|choice|move fireblast|move freezedry
|
|move|p2a: Cryogonal|Freeze-Dry|p1a: Altaria
|-supereffective|p1a: Altaria
|-damage|p1a: Altaria|0 fnt
|faint|p1a: Altaria
|
|-heal|p2a: Cryogonal|226\/343 tox|[from] item: Leftovers
|-damage|p2a: Cryogonal|184\/343 tox|[from] psn
|upkeep
|choice|switch 5|
|
|switch|p1a: Monferno|Monferno, F|127\/269
|-damage|p1a: Monferno|94\/269|[from] Stealth Rock
|turn|9
|c|☆Pierre-trangelo|mince il est rapide...
|choice|move machpunch|switch 3
|
|switch|p2a: Drifblim|Drifblim, F|441\/441
|move|p1a: Monferno|Mach Punch|p2a: Drifblim
|-immune|p2a: Drifblim|[msg]
|
|upkeep
|turn|10
|choice|move flareblitz|move acrobatics
|
|move|p1a: Monferno|Flare Blitz|p2a: Drifblim
|-damage|p2a: Drifblim|146\/441
|-damage|p1a: Monferno|0 fnt|[from] Recoil|[of] p2a: Drifblim
|faint|p1a: Monferno
|move|p2a: Drifblim|Acrobatics|p1: Monferno|[notarget]
|-notarget
|
|upkeep
|choice|switch 4|
|
|switch|p1a: Mawile|Mawile, F|241\/241
|-damage|p1a: Mawile|226\/241|[from] Stealth Rock
|turn|11
|choice|move swordsdance|switch 5
|
|switch|p2a: Monferno|Monferno, M|252\/269
|move|p1a: Mawile|Swords Dance|p1a: Mawile
|-boost|p1a: Mawile|atk|2
|
|upkeep
|turn|12
|choice|move suckerpunch|move flareblitz
|
|move|p1a: Mawile|Sucker Punch|p2a: Monferno
|-resisted|p2a: Monferno
|-damage|p2a: Monferno|145\/269
|-damage|p1a: Mawile|202\/241|[from] item: Life Orb
|move|p2a: Monferno|Flare Blitz|p1a: Mawile
|-supereffective|p1a: Mawile
|-damage|p1a: Mawile|0 fnt
|-damage|p2a: Monferno|78\/269|[from] Recoil|[of] p1a: Mawile
|faint|p1a: Mawile
|
|upkeep
|choice|switch 2|
|
|switch|p1a: Golem|Golem, F|363\/363
|-damage|p1a: Golem|341\/363|[from] Stealth Rock
|turn|13
|l|MagicTitis
|choice|move rockblast|move closecombat
|
|move|p2a: Monferno|Close Combat|p1a: Golem
|-supereffective|p1a: Golem
|-damage|p1a: Golem|71\/363
|-unboost|p2a: Monferno|def|1
|-unboost|p2a: Monferno|spd|1
|move|p1a: Golem|Rock Blast|p2a: Monferno
|-crit|p2a: Monferno
|-damage|p2a: Monferno|0 fnt
|-hitcount|p2a: Monferno|1
|faint|p2a: Monferno
|
|-heal|p1a: Golem|93\/363|[from] item: Leftovers
|upkeep
|j|Tangent Phi ?
|j|MagicTitis
|l|Tangent Phi ?
|choice||switch 6
|
|switch|p2a: Cacturne|Cacturne, M|281\/281
|turn|14
|choice|move earthquake|move gigadrain
|
|move|p2a: Cacturne|Giga Drain|p1a: Golem
|-supereffective|p1a: Golem
|-damage|p1a: Golem|0 fnt
|-damage|p2a: Cacturne|253\/281|[from] item: Life Orb
|faint|p1a: Golem
|
|upkeep
|choice|switch 6|
|
|switch|p1a: Stoutland|Stoutland, M|311\/311
|-damage|p1a: Stoutland|273\/311|[from] Stealth Rock
|turn|15
|choice|move return|move suckerpunch
|
|move|p2a: Cacturne|Sucker Punch|p1a: Stoutland
|-damage|p1a: Stoutland|120\/311
|-damage|p2a: Cacturne|225\/281|[from] item: Life Orb
|move|p1a: Stoutland|Return|p2a: Cacturne
|-damage|p2a: Cacturne|0 fnt
|faint|p2a: Cacturne
|
|upkeep
|choice||switch 4
|
|switch|p2a: Muk|Muk, F|413\/413
|turn|16
|choice|move return|move poisonjab
|
|move|p1a: Stoutland|Return|p2a: Muk
|-damage|p2a: Muk|77\/413
|move|p2a: Muk|Poison Jab|p1a: Stoutland
|-damage|p1a: Stoutland|6\/311
|
|-heal|p2a: Muk|102\/413|[from] item: Black Sludge
|upkeep
|turn|17
|c|☆Greenheroes|gg
|choice|move return|move poisonjab
|
|move|p1a: Stoutland|Return|p2a: Muk
|-damage|p2a: Muk|0 fnt
|faint|p2a: Muk
|
|upkeep
|c|☆Pierre-trangelo|GG 
|c|☆Pierre-trangelo|content que tu ai gagné 
|choice||switch 5
|
|switch|p2a: Drifblim|Drifblim, F|146\/441
|turn|18
|choice|move return|move endure
|
|move|p2a: Drifblim|Endure|p2a: Drifblim
|-singleturn|p2a: Drifblim|move: Endure
|move|p1a: Stoutland|Return|p2a: Drifblim
|-crit|p2a: Drifblim
|-activate|p2a: Drifblim|move: Endure
|-damage|p2a: Drifblim|1\/441
|
|upkeep
|turn|19
|choice|move return|move acrobatics
|
|move|p1a: Stoutland|Return|p2a: Drifblim
|-damage|p2a: Drifblim|0 fnt
|faint|p2a: Drifblim
|
|upkeep
|choice||switch 3
|
|switch|p2a: Cryogonal|Cryogonal|184\/343 tox
|turn|20
|choice|move return|move freezedry
|
|move|p2a: Cryogonal|Freeze-Dry|p1a: Stoutland
|-damage|p1a: Stoutland|0 fnt
|faint|p1a: Stoutland
|
|-heal|p2a: Cryogonal|205\/343 tox|[from] item: Leftovers
|-damage|p2a: Cryogonal|184\/343 tox|[from] psn
|upkeep
|c|☆Greenheroes|oh...
|choice|switch 3|
|
|switch|p1a: Lapras|Lapras, F|431\/431
|-damage|p1a: Lapras|324\/431|[from] Stealth Rock
|turn|21
|choice|move hydropump|move recover
|
|move|p2a: Cryogonal|Recover|p2a: Cryogonal
|-heal|p2a: Cryogonal|343\/343 tox
|move|p1a: Lapras|Hydro Pump|p2a: Cryogonal
|-damage|p2a: Cryogonal|162\/343 tox
|
|-heal|p2a: Cryogonal|183\/343 tox|[from] item: Leftovers
|-damage|p2a: Cryogonal|141\/343 tox|[from] psn
|upkeep
|turn|22
|choice|move hydropump|move freezedry
|
|move|p2a: Cryogonal|Freeze-Dry|p1a: Lapras
|-damage|p1a: Lapras|239\/431
|move|p1a: Lapras|Hydro Pump|p2a: Cryogonal|[miss]
|-miss|p1a: Lapras|p2a: Cryogonal
|
|-heal|p2a: Cryogonal|162\/343 tox|[from] item: Leftovers
|-damage|p2a: Cryogonal|99\/343 tox|[from] psn
|upkeep
|turn|23
|choice|move hydropump|move freezedry
|
|move|p2a: Cryogonal|Freeze-Dry|p1a: Lapras
|-damage|p1a: Lapras|151\/431
|move|p1a: Lapras|Hydro Pump|p2a: Cryogonal
|-damage|p2a: Cryogonal|0 fnt
|faint|p2a: Cryogonal
|
|win|Pierre-trangelo
|c|☆Greenheroes|gg
|l|Vhenger
|c|☆Pierre-trangelo|gg, j'étais sure que tu l'aurais :(
|l|MagicTitis
|j|Beksel ✘
|j|AshKetchumSuck
|l|Erufun
|l|Beksel ✘
|l|AshKetchumSuck
|j|Beksel ✘
|l|Pierre-trangelo
|j|Erufun
|j|Tangent Phi ?
|l|Erufun
|l|Tangent Phi ?
|l|Neko-Suke
|j|Pierre-trangelo</script>
</div>
<div class="battle-log battle-log-inline"><div class="inner"><div class="battle-options"></div><div class="inner"><div class="chat"><small>Pierre-trangelo joined.</small></div><div class="chat"><small>Greenheroes joined.</small></div><div class=""><small>Format:</small> <br><strong>PU</strong></div><div class=""><small><em>Sleep Clause Mod:</em> Limit one foe put to sleep</small></div><div class=""><small><em>Species Clause:</em> Limit one of each Pokémon</small></div><div class=""><small><em>OHKO Clause:</em> OHKO moves are banned</small></div><div class=""><small><em>Moody Clause:</em> Moody is banned</small></div><div class=""><small><em>Evasion Moves Clause:</em> Evasion moves are banned</small></div><div class=""><small><em>Endless Battle Clause:</em> Forcing endless battles is banned</small></div><div class=""><small><em>HP Percentage Mod:</em> HP is shown in percentages</small></div><div class=""><small><em>Swagger Clause:</em> Swagger is banned</small></div><div class=""><small><em>Baton Pass Clause:</em> Limit one Baton Passer, can't pass Spe and other stats simultaneously</small></div><div class="chat battle-history"><strong>Pierre-trangelo's team:</strong> <em style="color:#445566;display:block;">Golem / Lapras / Monferno / Mawile / Altaria / Stoutland</em></div><div class="chat battle-history"><strong>Greenheroes's team:</strong> <em style="color:#445566;display:block;">Muk / Monferno / Drifblim / Golem / Cacturne / Cryogonal</em></div><div class="chat"><small>MagicTitis joined.</small></div><div class="chat chatmessage-greenheroes"><strong style="color:hsl(265,74%,56.967384459884016%)"><small>☆</small><span class="username" data-name="Greenheroes">Greenheroes</span>:</strong> <em>bonne chance</em></div><div class="chat chatmessage-pierretrangelo"><strong style="color:hsl(269,69%,55.01958603781161%)"><small>☆</small><span class="username" data-name="Pierre-trangelo">Pierre-trangelo</span>:</strong> <em>Bonne chance Green !</em></div><div class="chat"><small>Vhenger joined.</small></div><div class="chat chatmessage-pierretrangelo"><strong style="color:hsl(269,69%,55.01958603781161%)"><small>☆</small><span class="username" data-name="Pierre-trangelo">Pierre-trangelo</span>:</strong> <em>j'espère que tu gagnera, je mérite même pas d'être ici ^^</em></div><div class="chat"><small>Tangent Phi ? joined.</small></div><div class="chat chatmessage-greenheroes"><strong style="color:hsl(265,74%,56.967384459884016%)"><small>☆</small><span class="username" data-name="Greenheroes">Greenheroes</span>:</strong> <em>ah^^</em></div><div class="chat"><small>Tangent Phi ? left.</small></div><div class="spacer battle-history"><br></div><div class="battle-history">Battle started between Pierre-trangelo and Greenheroes!<br></div><div class="spacer battle-history"><br></div><div class="battle-history">Go! <strong>Lapras</strong>!<br></div><div class="spacer battle-history"><br></div><div class="battle-history">Greenheroes sent out <strong>Golem</strong>!<br></div><div class="spacer battle-history"><br></div><h2 class="battle-history">Turn 1</h2><div class="spacer battle-history"><br></div><div class="battle-history">Lapras used <strong>Surf</strong>!<br></div><div class="battle-history"><small>It's super effective!</small><br></div><div class="battle-history"><small>[The opposing Golem's Sturdy]</small><br><small>The opposing Golem endured the hit!</small><br></div><div class="battle-history"><small>(The opposing Golem lost <abbr title="−362/363">99.7%</abbr> of its health!)</small><br></div><div class="spacer battle-history"><br></div><div class="battle-history">The opposing Golem used <strong>Stealth Rock</strong>!<br></div><div class="battle-history"><small>Pointed stones float in the air around your team!</small><br></div><div class="spacer battle-history"><br></div><div class="battle-history"><small>The opposing Golem restored a little HP using its Leftovers!</small><br></div><div class="spacer battle-history"><br></div><h2 class="battle-history">Turn 2</h2><div class="spacer battle-history"><br></div><div class="battle-history">Greenheroes withdrew Golem!<br></div><div class="battle-history">Greenheroes sent out <strong>Cryogonal</strong>!<br></div><div class="spacer battle-history"><br></div><div class="battle-history">Lapras used <strong>Surf</strong>!<br></div><div class="battle-history"><small>(The opposing Cryogonal lost <abbr title="−159/343">46.4%</abbr> of its health!)</small><br></div><div class="spacer battle-history"><br></div><div class="battle-history"><small>The opposing Cryogonal restored a little HP using its Leftovers!</small><br></div><div class="spacer battle-history"><br></div><h2 class="battle-history">Turn 3</h2><div class="chat"><small>MagicTitis left.</small></div><div class="spacer battle-history"><br></div><div class="battle-history">Greenheroes withdrew Cryogonal!<br></div><div class="battle-history">Greenheroes sent out <strong>Cacturne</strong>!<br></div><div class="spacer battle-history"><br></div><div class="battle-history">Lapras used <strong>Surf</strong>!<br></div><div class="battle-history"><small>[The opposing Cacturne's Water Absorb]</small><br><small>It doesn't affect the opposing Cacturne...</small><br></div><div class="spacer battle-history"><br></div><h2 class="battle-history">Turn 4</h2><div class="chat"><small>MagicTitis joined.</small></div><div class="spacer battle-history"><br></div><div class="battle-history">Lapras, come back!<br></div><div class="battle-history">Go! <strong>Monferno</strong>!<br></div><div class="battle-history"><small>Pointed stones dug into Monferno!</small><br></div><div class="spacer battle-history"><br></div><div class="battle-history">The opposing Cacturne used <strong>Focus Blast</strong>!<br></div><div class="battle-history"><small>Monferno avoided the attack!</small><br></div><div class="spacer battle-history"><br></div><h2 class="battle-history">Turn 5</h2><div class="chat"><small>Neko-Suke joined.</small></div><div class="chat chatmessage-greenheroes"><strong style="color:hsl(265,74%,56.967384459884016%)"><small>☆</small><span class="username" data-name="Greenheroes">Greenheroes</span>:</strong> <em>lol</em></div><div class="chat"><small>Erufun joined.</small></div><div class="spacer battle-history"><br></div><div class="battle-history">Greenheroes withdrew Cacturne!<br></div><div class="battle-history">Greenheroes sent out <strong>Golem</strong>!<br></div><div class="spacer battle-history"><br></div><div class="battle-history">Monferno used <strong>Close Combat</strong>!<br></div><div class="battle-history"><small>It's super effective!</small><br></div><div class="battle-history"><small>(The opposing Golem lost <abbr title="−23/363">6.3%</abbr> of its health!)</small><br></div><div class="battle-history"><small>Monferno's Defense fell!</small><br></div><div class="battle-history"><small>Monferno's Special Defense fell!</small><br></div><div class="spacer battle-history"><br></div><div class="battle-history">The opposing Golem fainted!<br></div><div class="spacer battle-history"><br></div><div class="battle-history">Greenheroes sent out <strong>Monferno</strong>!<br></div><div class="spacer battle-history"><br></div><h2 class="battle-history">Turn 6</h2><div class="spacer battle-history"><br></div><div class="battle-history">The opposing Monferno used <strong>Mach Punch</strong>!<br></div><div class="battle-history"><small>(Monferno lost <abbr title="−109/269">40.5%</abbr> of its health!)</small><br></div><div class="spacer battle-history"><br></div><div class="battle-history">Monferno used <strong>U-turn</strong>!<br></div><div class="battle-history"><small>It's not very effective...</small><br></div><div class="battle-history"><small>(The opposing Monferno lost <abbr title="−17/269">6.3%</abbr> of its health!)</small><br></div><div class="spacer battle-history"><br></div><div class="battle-history">Monferno went back to Pierre-trangelo!<br></div><div class="battle-history">Go! <strong>Altaria</strong>!<br></div><div class="battle-history"><small>Pointed stones dug into Altaria!</small><br></div><div class="spacer battle-history"><br></div><h2 class="battle-history">Turn 7</h2><div class="spacer battle-history"><br></div><div class="battle-history">The opposing Monferno used <strong>U-turn</strong>!<br></div><div class="battle-history"><small>It's not very effective...</small><br></div><div class="battle-history"><small>(Altaria lost <abbr title="−35/291">12.0%</abbr> of its health!)</small><br></div><div class="spacer battle-history"><br></div><div class="battle-history">The opposing Monferno went back to Greenheroes!<br></div><div class="battle-history">Greenheroes sent out <strong>Cryogonal</strong>!<br></div><div class="spacer battle-history"><br></div><div class="battle-history">Altaria used <strong>Toxic</strong>!<br></div><div class="battle-history"><small>The opposing Cryogonal was badly poisoned!</small><br></div><div class="spacer battle-history"><br></div><div class="battle-history"><small>The opposing Cryogonal restored a little HP using its Leftovers!</small><br></div><div class="battle-history"><small>The opposing Cryogonal was hurt by poison!</small><br></div><div class="spacer battle-history"><br></div><h2 class="battle-history">Turn 8</h2><div class="spacer battle-history"><br></div><div class="battle-history">The opposing Cryogonal used <strong>Freeze-Dry</strong>!<br></div><div class="battle-history"><small>It's super effective!</small><br></div><div class="battle-history"><small>(Altaria lost <abbr title="−184/291">63.2%</abbr> of its health!)</small><br></div><div class="spacer battle-history"><br></div><div class="battle-history">Altaria fainted!<br></div><div class="spacer battle-history"><br></div><div class="battle-history"><small>The opposing Cryogonal restored a little HP using its Leftovers!</small><br></div><div class="battle-history"><small>The opposing Cryogonal was hurt by poison!</small><br></div><div class="spacer battle-history"><br></div><div class="battle-history">Go! <strong>Monferno</strong>!<br></div><div class="battle-history"><small>Pointed stones dug into Monferno!</small><br></div><div class="spacer battle-history"><br></div><h2 class="battle-history">Turn 9</h2><div class="chat chatmessage-pierretrangelo"><strong style="color:hsl(269,69%,55.01958603781161%)"><small>☆</small><span class="username" data-name="Pierre-trangelo">Pierre-trangelo</span>:</strong> <em>mince il est rapide...</em></div><div class="spacer battle-history"><br></div><div class="battle-history">Greenheroes withdrew Cryogonal!<br></div><div class="battle-history">Greenheroes sent out <strong>Drifblim</strong>!<br></div><div class="spacer battle-history"><br></div><div class="battle-history">Monferno used <strong>Mach Punch</strong>!<br></div><div class="battle-history"><small>It doesn't affect the opposing Drifblim...</small><br></div><div class="spacer battle-history"><br></div><h2 class="battle-history">Turn 10</h2><div class="spacer battle-history"><br></div><div class="battle-history">Monferno used <strong>Flare Blitz</strong>!<br></div><div class="battle-history"><small>(The opposing Drifblim lost <abbr title="−295/441">66.9%</abbr> of its health!)</small><br></div><div class="battle-history"><small>Monferno is damaged by the recoil!</small><br></div><div class="spacer battle-history"><br></div><div class="battle-history">Monferno fainted!<br></div><div class="battle-history">The opposing Drifblim used <strong>Acrobatics</strong>!<br></div><div class="battle-history"><small>But there was no target...</small><br></div><div class="spacer battle-history"><br></div><div class="battle-history">Go! <strong>Mawile</strong>!<br></div><div class="battle-history"><small>Pointed stones dug into Mawile!</small><br></div><div class="spacer battle-history"><br></div><h2 class="battle-history">Turn 11</h2><div class="spacer battle-history"><br></div><div class="battle-history">Greenheroes withdrew Drifblim!<br></div><div class="battle-history">Greenheroes sent out <strong>Monferno</strong>!<br></div><div class="spacer battle-history"><br></div><div class="battle-history">Mawile used <strong>Swords Dance</strong>!<br></div><div class="battle-history"><small>Mawile's Attack rose sharply!</small><br></div><div class="spacer battle-history"><br></div><h2 class="battle-history">Turn 12</h2><div class="spacer battle-history"><br></div><div class="battle-history">Mawile used <strong>Sucker Punch</strong>!<br></div><div class="battle-history"><small>It's not very effective...</small><br></div><div class="battle-history"><small>(The opposing Monferno lost <abbr title="−107/269">39.8%</abbr> of its health!)</small><br></div><div class="battle-history"><small>Mawile lost some of its HP!</small><br></div><div class="spacer battle-history"><br></div><div class="battle-history">The opposing Monferno used <strong>Flare Blitz</strong>!<br></div><div class="battle-history"><small>It's super effective!</small><br></div><div class="battle-history"><small>(Mawile lost <abbr title="−202/241">83.8%</abbr> of its health!)</small><br></div><div class="battle-history"><small>The opposing Monferno is damaged by the recoil!</small><br></div><div class="spacer battle-history"><br></div><div class="battle-history">Mawile fainted!<br></div><div class="spacer battle-history"><br></div><div class="battle-history">Go! <strong>Golem</strong>!<br></div><div class="battle-history"><small>Pointed stones dug into Golem!</small><br></div><div class="spacer battle-history"><br></div><h2 class="battle-history">Turn 13</h2><div class="chat"><small>MagicTitis left.</small></div><div class="spacer battle-history"><br></div><div class="battle-history">The opposing Monferno used <strong>Close Combat</strong>!<br></div><div class="battle-history"><small>It's super effective!</small><br></div><div class="battle-history"><small>(Golem lost <abbr title="−270/363">74.4%</abbr> of its health!)</small><br></div><div class="battle-history"><small>The opposing Monferno's Defense fell!</small><br></div><div class="battle-history"><small>The opposing Monferno's Special Defense fell!</small><br></div><div class="spacer battle-history"><br></div><div class="battle-history">Golem used <strong>Rock Blast</strong>!<br></div><div class="battle-history"><small>A critical hit!</small><br></div><div class="battle-history"><small>(The opposing Monferno lost <abbr title="−78/269">29.0%</abbr> of its health!)</small><br></div><div class="battle-history"><small>Hit 1 time!</small><br></div><div class="spacer battle-history"><br></div><div class="battle-history">The opposing Monferno fainted!<br></div><div class="spacer battle-history"><br></div><div class="battle-history"><small>Golem restored a little HP using its Leftovers!</small><br></div><div class="chat"><small>Tangent Phi ? joined.</small></div><div class="chat"><small>MagicTitis joined.</small></div><div class="chat"><small>Tangent Phi ? left.</small></div><div class="spacer battle-history"><br></div><div class="battle-history">Greenheroes sent out <strong>Cacturne</strong>!<br></div><div class="spacer battle-history"><br></div><h2 class="battle-history">Turn 14</h2><div class="spacer battle-history"><br></div><div class="battle-history">The opposing Cacturne used <strong>Giga Drain</strong>!<br></div><div class="battle-history"><small>It's super effective!</small><br></div><div class="battle-history"><small>(Golem lost <abbr title="−93/363">25.6%</abbr> of its health!)</small><br></div><div class="battle-history"><small>The opposing Cacturne lost some of its HP!</small><br></div><div class="spacer battle-history"><br></div><div class="battle-history">Golem fainted!<br></div><div class="spacer battle-history"><br></div><div class="battle-history">Go! <strong>Stoutland</strong>!<br></div><div class="battle-history"><small>Pointed stones dug into Stoutland!</small><br></div><div class="spacer battle-history"><br></div><h2 class="battle-history">Turn 15</h2><div class="spacer battle-history"><br></div><div class="battle-history">The opposing Cacturne used <strong>Sucker Punch</strong>!<br></div><div class="battle-history"><small>(Stoutland lost <abbr title="−153/311">49.2%</abbr> of its health!)</small><br></div><div class="battle-history"><small>The opposing Cacturne lost some of its HP!</small><br></div><div class="spacer battle-history"><br></div><div class="battle-history">Stoutland used <strong>Return</strong>!<br></div><div class="battle-history"><small>(The opposing Cacturne lost <abbr title="−225/281">80.1%</abbr> of its health!)</small><br></div><div class="spacer battle-history"><br></div><div class="battle-history">The opposing Cacturne fainted!<br></div><div class="spacer battle-history"><br></div><div class="battle-history">Greenheroes sent out <strong>Muk</strong>!<br></div><div class="spacer battle-history"><br></div><h2 class="battle-history">Turn 16</h2><div class="spacer battle-history"><br></div><div class="battle-history">Stoutland used <strong>Return</strong>!<br></div><div class="battle-history"><small>(The opposing Muk lost <abbr title="−336/413">81.4%</abbr> of its health!)</small><br></div><div class="spacer battle-history"><br></div><div class="battle-history">The opposing Muk used <strong>Poison Jab</strong>!<br></div><div class="battle-history"><small>(Stoutland lost <abbr title="−114/311">36.7%</abbr> of its health!)</small><br></div><div class="spacer battle-history"><br></div><div class="battle-history"><small>The opposing Muk restored a little HP using its Black Sludge!</small><br></div><div class="spacer battle-history"><br></div><h2 class="battle-history">Turn 17</h2><div class="chat chatmessage-greenheroes"><strong style="color:hsl(265,74%,56.967384459884016%)"><small>☆</small><span class="username" data-name="Greenheroes">Greenheroes</span>:</strong> <em>gg</em></div><div class="spacer battle-history"><br></div><div class="battle-history">Stoutland used <strong>Return</strong>!<br></div><div class="battle-history"><small>(The opposing Muk lost <abbr title="−102/413">24.7%</abbr> of its health!)</small><br></div><div class="spacer battle-history"><br></div><div class="battle-history">The opposing Muk fainted!<br></div><div class="chat chatmessage-pierretrangelo"><strong style="color:hsl(269,69%,55.01958603781161%)"><small>☆</small><span class="username" data-name="Pierre-trangelo">Pierre-trangelo</span>:</strong> <em>GG </em></div><div class="chat chatmessage-pierretrangelo"><strong style="color:hsl(269,69%,55.01958603781161%)"><small>☆</small><span class="username" data-name="Pierre-trangelo">Pierre-trangelo</span>:</strong> <em>content que tu ai gagné </em></div><div class="spacer battle-history"><br></div><div class="battle-history">Greenheroes sent out <strong>Drifblim</strong>!<br></div><div class="spacer battle-history"><br></div><h2 class="battle-history">Turn 18</h2><div class="spacer battle-history"><br></div><div class="battle-history">The opposing Drifblim used <strong>Endure</strong>!<br></div><div class="battle-history"><small>The opposing Drifblim braced itself!</small><br></div><div class="spacer battle-history"><br></div><div class="battle-history">Stoutland used <strong>Return</strong>!<br></div><div class="battle-history"><small>A critical hit!</small><br></div><div class="battle-history"><small>The opposing Drifblim endured the hit!</small><br></div><div class="battle-history"><small>(The opposing Drifblim lost <abbr title="−145/441">32.9%</abbr> of its health!)</small><br></div><div class="spacer battle-history"><br></div><h2 class="battle-history">Turn 19</h2><div class="spacer battle-history"><br></div><div class="battle-history">Stoutland used <strong>Return</strong>!<br></div><div class="battle-history"><small>(The opposing Drifblim lost <abbr title="−1/441">0.2%</abbr> of its health!)</small><br></div><div class="spacer battle-history"><br></div><div class="battle-history">The opposing Drifblim fainted!<br></div><div class="spacer battle-history"><br></div><div class="battle-history">Greenheroes sent out <strong>Cryogonal</strong>!<br></div><div class="spacer battle-history"><br></div><h2 class="battle-history">Turn 20</h2><div class="spacer battle-history"><br></div><div class="battle-history">The opposing Cryogonal used <strong>Freeze-Dry</strong>!<br></div><div class="battle-history"><small>(Stoutland lost <abbr title="−6/311">1.9%</abbr> of its health!)</small><br></div><div class="spacer battle-history"><br></div><div class="battle-history">Stoutland fainted!<br></div><div class="spacer battle-history"><br></div><div class="battle-history"><small>The opposing Cryogonal restored a little HP using its Leftovers!</small><br></div><div class="battle-history"><small>The opposing Cryogonal was hurt by poison!</small><br></div><div class="chat chatmessage-greenheroes"><strong style="color:hsl(265,74%,56.967384459884016%)"><small>☆</small><span class="username" data-name="Greenheroes">Greenheroes</span>:</strong> <em>oh...</em></div><div class="spacer battle-history"><br></div><div class="battle-history">Go! <strong>Lapras</strong>!<br></div><div class="battle-history"><small>Pointed stones dug into Lapras!</small><br></div><div class="spacer battle-history"><br></div><h2 class="battle-history">Turn 21</h2><div class="spacer battle-history"><br></div><div class="battle-history">The opposing Cryogonal used <strong>Recover</strong>!<br></div><div class="battle-history"><small>The opposing Cryogonal restored its HP.</small><br></div><div class="spacer battle-history"><br></div><div class="battle-history">Lapras used <strong>Hydro Pump</strong>!<br></div><div class="battle-history"><small>(The opposing Cryogonal lost <abbr title="−181/343">52.8%</abbr> of its health!)</small><br></div><div class="spacer battle-history"><br></div><div class="battle-history"><small>The opposing Cryogonal restored a little HP using its Leftovers!</small><br></div><div class="battle-history"><small>The opposing Cryogonal was hurt by poison!</small><br></div><div class="spacer battle-history"><br></div><h2 class="battle-history">Turn 22</h2><div class="spacer battle-history"><br></div><div class="battle-history">The opposing Cryogonal used <strong>Freeze-Dry</strong>!<br></div><div class="battle-history"><small>(Lapras lost <abbr title="−85/431">19.7%</abbr> of its health!)</small><br></div><div class="spacer battle-history"><br></div><div class="battle-history">Lapras used <strong>Hydro Pump</strong>!<br></div><div class="battle-history"><small>The opposing Cryogonal avoided the attack!</small><br></div><div class="spacer battle-history"><br></div><div class="battle-history"><small>The opposing Cryogonal restored a little HP using its Leftovers!</small><br></div><div class="battle-history"><small>The opposing Cryogonal was hurt by poison!</small><br></div><div class="spacer battle-history"><br></div><h2 class="battle-history">Turn 23</h2><div class="spacer battle-history"><br></div><div class="battle-history">The opposing Cryogonal used <strong>Freeze-Dry</strong>!<br></div><div class="battle-history"><small>(Lapras lost <abbr title="−88/431">20.4%</abbr> of its health!)</small><br></div><div class="spacer battle-history"><br></div><div class="battle-history">Lapras used <strong>Hydro Pump</strong>!<br></div><div class="battle-history"><small>(The opposing Cryogonal lost <abbr title="−99/343">28.9%</abbr> of its health!)</small><br></div><div class="spacer battle-history"><br></div><div class="battle-history">The opposing Cryogonal fainted!<br></div><div class="spacer battle-history"><br></div><div class="battle-history"><strong>Pierre-trangelo</strong> won the battle!<br></div><div class="chat chatmessage-greenheroes"><strong style="color:hsl(265,74%,56.967384459884016%)"><small>☆</small><span class="username" data-name="Greenheroes">Greenheroes</span>:</strong> <em>gg</em></div><div class="chat"><small>Vhenger left.</small></div><div class="chat chatmessage-pierretrangelo"><strong style="color:hsl(269,69%,55.01958603781161%)"><small>☆</small><span class="username" data-name="Pierre-trangelo">Pierre-trangelo</span>:</strong> <em>gg, j'étais sure que tu l'aurais :(</em></div><div class="chat"><small>MagicTitis left.</small></div><div class="chat"><small>Beksel ✘ joined.</small></div><div class="chat"><small>AshKetchumSuck joined.</small></div><div class="chat"><small>Erufun left.</small></div><div class="chat"><small>Beksel ✘ left.</small></div><div class="chat"><small>AshKetchumSuck left.</small></div><div class="chat"><small>Beksel ✘ joined.</small></div><div class="chat"><small>Pierre-trangelo left.</small></div><div class="chat"><small>Erufun joined.</small></div><div class="chat"><small>Tangent Phi ? joined.</small></div><div class="chat"><small>Erufun left.</small></div><div class="chat"><small>Tangent Phi ? left.</small></div><div class="chat"><small>Neko-Suke left.</small></div><div class="chat"><small>Pierre-trangelo joined.</small></div></div><div class="inner-preempt"></div></div></div>
</div>
<script>
let daily = Math.floor(Date.now()/1000/60/60/24);document.write('<script src="https://play.pokemonshowdown.com/js/replay-embed.js?version'+daily+'"></'+'script>');
</script>
