<!DOCTYPE html>
<meta charset="utf-8" />
<!-- version 1 -->
<title>PU replay: Greenheroes vs. Neko-Suke</title>
<style>
html,body {font-family:Verdana, sans-serif;font-size:10pt;margin:0;padding:0;}body{padding:12px 0;} .battle-log {font-family:Verdana, sans-serif;font-size:10pt;} .battle-log-inline {border:1px solid #AAAAAA;background:#EEF2F5;color:black;max-width:640px;margin:0 auto 80px;padding-bottom:5px;} .battle-log .inner {padding:4px 8px 0px 8px;} .battle-log .inner-preempt {padding:0 8px 4px 8px;} .battle-log .inner-after {margin-top:0.5em;} .battle-log h2 {margin:0.5em -8px;padding:4px 8px;border:1px solid #AAAAAA;background:#E0E7EA;border-left:0;border-right:0;font-family:Verdana, sans-serif;font-size:13pt;} .battle-log .chat {vertical-align:middle;padding:3px 0 3px 0;font-size:8pt;} .battle-log .chat strong {color:#40576A;} .battle-log .chat em {padding:1px 4px 1px 3px;color:#000000;font-style:normal;} .chat.mine {background:rgba(0,0,0,0.05);margin-left:-8px;margin-right:-8px;padding-left:8px;padding-right:8px;} .spoiler {color:#BBBBBB;background:#BBBBBB;padding:0px 3px;} .spoiler:hover, .spoiler:active, .spoiler-shown {color:#000000;background:#E2E2E2;padding:0px 3px;} .spoiler a {color:#BBBBBB;} .spoiler:hover a, .spoiler:active a, .spoiler-shown a {color:#2288CC;} .chat code, .chat .spoiler:hover code, .chat .spoiler:active code, .chat .spoiler-shown code {border:1px solid #C0C0C0;background:#EEEEEE;color:black;padding:0 2px;} .chat .spoiler code {border:1px solid #CCCCCC;background:#CCCCCC;color:#CCCCCC;} .battle-log .rated {padding:3px 4px;} .battle-log .rated strong {color:white;background:#89A;padding:1px 4px;border-radius:4px;} .spacer {margin-top:0.5em;} .message-announce {background:#6688AA;color:white;padding:1px 4px 2px;} .message-announce a, .broadcast-green a, .broadcast-blue a, .broadcast-red a {color:#DDEEFF;} .broadcast-green {background-color:#559955;color:white;padding:2px 4px;} .broadcast-blue {background-color:#6688AA;color:white;padding:2px 4px;} .infobox {border:1px solid #6688AA;padding:2px 4px;} .infobox-limited {max-height:200px;overflow:auto;overflow-x:hidden;} .broadcast-red {background-color:#AA5544;color:white;padding:2px 4px;} .message-learn-canlearn {font-weight:bold;color:#228822;text-decoration:underline;} .message-learn-cannotlearn {font-weight:bold;color:#CC2222;text-decoration:underline;} .message-effect-weak {font-weight:bold;color:#CC2222;} .message-effect-resist {font-weight:bold;color:#6688AA;} .message-effect-immune {font-weight:bold;color:#666666;} .message-learn-list {margin-top:0;margin-bottom:0;} .message-throttle-notice, .message-error {color:#992222;} .message-overflow, .chat small.message-overflow {font-size:0pt;} .message-overflow::before {font-size:9pt;content:'...';} .subtle {color:#3A4A66;}
</style>
<div class="wrapper replay-wrapper" style="max-width:1180px;margin:0 auto">
<input type="hidden" name="replayid" value="pokestrat-pu-1992" />
<div class="battle"></div><div class="battle-log"></div><div class="replay-controls"></div><div class="replay-controls-2"></div>
<h1 style="font-weight:normal;text-align:center"><strong>PU</strong><br /><a href="http://pokemonshowdown.com/users/greenheroes" class="subtle" target="_blank">Greenheroes</a> vs. <a href="http://pokemonshowdown.com/users/nekosuke" class="subtle" target="_blank">Neko-Suke</a></h1>
<script type="text/plain" class="battle-log-data">|j|Greenheroes
|j|Neko-Suke
|player|p1|Greenheroes|25
|player|p2|Neko-Suke|169
|gametype|singles
|gen|6
|tier|PU
|seed|44009,59943,44897,51363
|rule|Sleep Clause Mod: Limit one foe put to sleep
|rule|Species Clause: Limit one of each Pokémon
|rule|OHKO Clause: OHKO moves are banned
|rule|Moody Clause: Moody is banned
|rule|Evasion Moves Clause: Evasion moves are banned
|rule|Endless Battle Clause: Forcing endless battles is banned
|rule|HP Percentage Mod: HP is shown in percentages
|clearpoke
|poke|p1|Muk, M|item
|poke|p1|Monferno, F|item
|poke|p1|Drifblim, M|item
|poke|p1|Golem, F|item
|poke|p1|Cacturne, M|item
|poke|p1|Cryogonal|item
|poke|p2|Emolga, F|item
|poke|p2|Simisage, F|item
|poke|p2|Grumpig, F|item
|poke|p2|Lopunny, F|item
|poke|p2|Lumineon, M|item
|poke|p2|Golem, F|item
|rule|Swagger Clause: Swagger is banned
|rule|Baton Pass Clause: Limit one Baton Passer, can't pass Spe and other stats simultaneously
|teampreview
|j|Chrink ♛
|c|☆Neko-Suke|Gl hf
|c|☆Greenheroes|bonne chance
|choice|team 4, team 2, team 3, team 1, team 5, team 6|team 5, team 2, team 3, team 4, team 1, team 6
|
|start
|switch|p1a: Golem|Golem, F|363\/363
|switch|p2a: Lovis|Lumineon, M|342\/342
|turn|1
|j|Cozaron
|choice|move earthquake|move uturn
|
|move|p2a: Lovis|U-turn|p1a: Golem
|-damage|p1a: Golem|331\/363
|choice||switch 5
|
|switch|p2a: Inezia|Emolga, F|251\/251
|move|p1a: Golem|Earthquake|p2a: Inezia
|-immune|p2a: Inezia|[msg]
|
|-heal|p1a: Golem|353\/363|[from] item: Leftovers
|upkeep
|turn|2
|choice|move rockblast|move encore
|
|move|p2a: Inezia|Encore|p1a: Golem
|-start|p1a: Golem|Encore
|move|p1a: Golem|Earthquake|p2a: Inezia
|-immune|p2a: Inezia|[msg]
|
|-heal|p1a: Golem|363\/363|[from] item: Leftovers
|upkeep
|turn|3
|j|Imparfait
|choice|move earthquake|move voltswitch
|
|move|p2a: Inezia|Volt Switch|p1a: Golem
|-immune|p1a: Golem|[msg]
|move|p1a: Golem|Earthquake|p2a: Inezia
|-immune|p2a: Inezia|[msg]
|
|upkeep
|turn|4
|choice|move earthquake|move voltswitch
|
|move|p2a: Inezia|Volt Switch|p1a: Golem
|-immune|p1a: Golem|[msg]
|move|p1a: Golem|Earthquake|p2a: Inezia
|-immune|p2a: Inezia|[msg]
|
|-end|p1a: Golem|Encore
|upkeep
|turn|5
|choice|move suckerpunch|move voltswitch
|
|move|p1a: Golem|Sucker Punch|p2a: Inezia
|-damage|p2a: Inezia|130\/251
|move|p2a: Inezia|Volt Switch|p1a: Golem
|-immune|p1a: Golem|[msg]
|
|upkeep
|turn|6
|c|☆Neko-Suke|Mais wtf
|choice|move suckerpunch|move encore
|
|move|p1a: Golem|Sucker Punch|p2a: Inezia|[still]
|-fail|p1a: Golem
|move|p2a: Inezia|Encore|p1a: Golem
|-start|p1a: Golem|Encore
|
|upkeep
|turn|7
|c|☆Neko-Suke|Y a aucune logique
|choice|move suckerpunch|move roost
|
|move|p1a: Golem|Sucker Punch|p2a: Inezia|[still]
|-fail|p1a: Golem
|move|p2a: Inezia|Roost|p2a: Inezia
|-heal|p2a: Inezia|251\/251
|
|upkeep
|turn|8
|c| Chrink ♛|je comprend pas
|c|☆Greenheroes|je craint le nuzzle
|choice|move suckerpunch|switch 2
|
|switch|p2a: Rachid|Simisage, F|291\/291
|move|p1a: Golem|Sucker Punch|p2a: Rachid|[still]
|-fail|p1a: Golem
|
|upkeep
|turn|9
|c|☆Greenheroes|alors je reste
|c|☆Neko-Suke|XD alors que je t'ai montrer toute mes attaques :x
|c|☆Greenheroes|ah...
|c|☆Greenheroes|ah oui
|choice|move suckerpunch|move knockoff
|
|move|p1a: Golem|Sucker Punch|p2a: Rachid
|-damage|p2a: Rachid|161\/291
|move|p2a: Rachid|Knock Off|p1a: Golem
|-damage|p1a: Golem|268\/363
|-enditem|p1a: Golem|Leftovers|[from] move: Knock Off|[of] p2a: Rachid
|-damage|p2a: Rachid|132\/291|[from] item: Life Orb
|
|-end|p1a: Golem|Encore
|upkeep
|turn|10
|c|☆Neko-Suke|Et pouvais te pp stall ttanquille la
|choice|switch 4|switch 2
|
|switch|p2a: Inezia|Emolga, F|251\/251
|switch|p1a: Muk|Muk, M|414\/414
|
|upkeep
|turn|11
|c|☆Greenheroes|il reste un move que j'ai pas vu
|choice|switch 4|move voltswitch
|
|switch|p1a: Golem|Golem, F|268\/363
|move|p2a: Inezia|Volt Switch|p1a: Golem
|-immune|p1a: Golem|[msg]
|
|upkeep
|turn|12
|c|☆Neko-Suke|A oui
|j|Pakkuu
|choice|move rockblast|switch 5
|
|switch|p2a: Lovis|Lumineon, M|342\/342
|move|p1a: Golem|Rock Blast|p2a: Lovis
|-damage|p2a: Lovis|314\/342
|-damage|p2a: Lovis|281\/342
|-hitcount|p2a: Lovis|2
|
|-heal|p2a: Lovis|302\/342|[from] item: Leftovers
|upkeep
|turn|13
|c| Imparfait|taunt ou air slash
|choice|switch 5|move scald
|
|switch|p1a: Cacturne|Cacturne, M|343\/343
|move|p2a: Lovis|Scald|p1a: Cacturne
|-immune|p1a: Cacturne|[msg]|[from] ability: Water Absorb
|
|-heal|p2a: Lovis|323\/342|[from] item: Leftovers
|upkeep
|turn|14
|choice|switch 6|switch 5
|
|switch|p2a: Inezia|Emolga, F|251\/251
|switch|p1a: Cryogonal|Cryogonal|281\/281
|
|upkeep
|turn|15
|choice|move freezedry|switch 3
|
|switch|p2a: Morgane|Grumpig, F|364\/364
|move|p1a: Cryogonal|Freeze-Dry|p2a: Morgane
|-crit|p2a: Morgane
|-damage|p2a: Morgane|294\/364
|
|-heal|p2a: Morgane|316\/364|[from] item: Leftovers
|upkeep
|turn|16
|c| Chrink ♛|il me semble pas que morgne ait un groret
|c| Chrink ♛|tricheur va
|c|☆Neko-Suke|:x
|choice|switch 5|move thunderwave
|
|switch|p1a: Golem|Golem, F|268\/363
|move|p2a: Morgane|Thunder Wave|p1a: Golem
|-immune|p1a: Golem|[msg]
|
|-heal|p2a: Morgane|338\/364|[from] item: Leftovers
|upkeep
|turn|17
|c|☆Neko-Suke|J'ai mis des surnom pour l'ethique
|choice|move suckerpunch|move focusblast
|
|move|p1a: Golem|Sucker Punch|p2a: Morgane
|-supereffective|p2a: Morgane
|-damage|p2a: Morgane|200\/364
|move|p2a: Morgane|Focus Blast|p1a: Golem|[miss]
|-miss|p2a: Morgane|p1a: Golem
|
|-heal|p2a: Morgane|222\/364|[from] item: Leftovers
|upkeep
|turn|18
|choice|switch 3|move thunderwave
|
|switch|p1a: Drifblim|Drifblim, M|504\/504
|move|p2a: Morgane|Thunder Wave|p1a: Drifblim
|-status|p1a: Drifblim|par
|
|-heal|p2a: Morgane|244\/364|[from] item: Leftovers
|upkeep
|turn|19
|c|☆Neko-Suke|J'aime les miss --'
|choice|move knockoff|switch 6
|
|switch|p2a: Pierre|Golem, F|364\/364
|cant|p1a: Drifblim|par
|
|upkeep
|turn|20
|choice|move knockoff|move stealthrock
|
|move|p2a: Pierre|Stealth Rock|p1a: Drifblim
|-sidestart|p1: Greenheroes|move: Stealth Rock
|move|p1a: Drifblim|Knock Off|p2a: Pierre
|-damage|p2a: Pierre|288\/364
|-enditem|p2a: Pierre|Custap Berry|[from] move: Knock Off|[of] p1a: Drifblim
|
|upkeep
|turn|21
|choice|move phantomforce|move stoneedge
|
|move|p2a: Pierre|Stone Edge|p1a: Drifblim|[miss]
|-miss|p2a: Pierre|p1a: Drifblim
|move|p1a: Drifblim|Phantom Force|p2a: Pierre|[still]
|-prepare|p1a: Drifblim|Phantom Force|p2a: Pierre
|
|upkeep
|turn|22
|choice|move phantomforce|switch 4
|
|switch|p2a: Blanche|Lopunny, F|271\/271
|move|p1a: Drifblim|Phantom Force|p2a: Blanche|[from]lockedmove
|-immune|p2a: Blanche|[msg]
|
|upkeep
|turn|23
|choice|move endure|switch 4
|
|switch|p2a: Pierre|Golem, F|288\/364
|move|p1a: Drifblim|Endure|p1a: Drifblim
|
|upkeep
|turn|24
|choice|move phantomforce|move stoneedge
|
|move|p2a: Pierre|Stone Edge|p1a: Drifblim|[miss]
|-miss|p2a: Pierre|p1a: Drifblim
|cant|p1a: Drifblim|par
|
|upkeep
|turn|25
|c|@Pakkuu|je kiffe ta tea Neko-Suke
|c|@Pakkuu|team*
|choice|move knockoff|move stoneedge
|
|move|p2a: Pierre|Stone Edge|p1a: Drifblim
|-supereffective|p1a: Drifblim
|-damage|p1a: Drifblim|0 fnt
|faint|p1a: Drifblim
|
|upkeep
|choice|switch 6|
|
|switch|p1a: Cacturne|Cacturne, M|343\/343
|-damage|p1a: Cacturne|301\/343|[from] Stealth Rock
|turn|26
|c|@Pakkuu|Simisage <3
|choice|move darkpulse|switch 3
|
|switch|p2a: Inezia|Emolga, F|251\/251
|move|p1a: Cacturne|Dark Pulse|p2a: Inezia
|-damage|p2a: Inezia|0 fnt
|faint|p2a: Inezia
|
|upkeep
|choice||switch 4
|
|switch|p2a: Blanche|Lopunny, F|271\/271
|turn|27
|choice|switch 3|move return
|
|switch|p1a: Golem|Golem, F|268\/363
|-damage|p1a: Golem|246\/363|[from] Stealth Rock
|move|p2a: Blanche|Return|p1a: Golem
|-resisted|p1a: Golem
|-damage|p1a: Golem|167\/363
|
|upkeep
|turn|28
|choice|move stealthrock|switch 5
|
|switch|p2a: Lovis|Lumineon, M|323\/342
|move|p1a: Golem|Stealth Rock|p2a: Lovis
|-sidestart|p2: Neko-Suke|move: Stealth Rock
|
|-heal|p2a: Lovis|342\/342|[from] item: Leftovers
|upkeep
|turn|29
|choice|switch 3|move scald
|
|switch|p1a: Cacturne|Cacturne, M|301\/343
|-damage|p1a: Cacturne|259\/343|[from] Stealth Rock
|move|p2a: Lovis|Scald|p1a: Cacturne
|-heal|p1a: Cacturne|343\/343|[from] ability: Water Absorb|[of] p2a: Lovis
|
|upkeep
|turn|30
|choice|move gigadrain|move uturn
|
|move|p2a: Lovis|U-turn|p1a: Cacturne
|-supereffective|p1a: Cacturne
|-damage|p1a: Cacturne|119\/343
|choice||switch 2
|
|switch|p2a: Rachid|Simisage, F|132\/291
|-damage|p2a: Rachid|96\/291|[from] Stealth Rock
|move|p1a: Cacturne|Giga Drain|p2a: Rachid
|-resisted|p2a: Rachid
|-damage|p2a: Rachid|0 fnt
|-heal|p1a: Cacturne|167\/343|[from] drain|[of] p2a: Rachid
|faint|p2a: Rachid
|
|upkeep
|choice||switch 5
|
|switch|p2a: Blanche|Lopunny, F|271\/271
|-damage|p2a: Blanche|238\/271|[from] Stealth Rock
|turn|31
|choice|switch 3|move icepunch
|
|switch|p1a: Golem|Golem, F|167\/363
|-damage|p1a: Golem|145\/363|[from] Stealth Rock
|move|p2a: Blanche|Ice Punch|p1a: Golem
|-supereffective|p1a: Golem
|-damage|p1a: Golem|3\/363
|-status|p1a: Golem|frz
|
|upkeep
|turn|32
|choice|move suckerpunch|move icepunch
|
|cant|p1a: Golem|frz
|move|p2a: Blanche|Ice Punch|p1a: Golem
|-supereffective|p1a: Golem
|-damage|p1a: Golem|0 fnt
|faint|p1a: Golem
|
|upkeep
|c| Imparfait|c'était mieux de renvoyer luminéon 
|choice|switch 2|
|
|switch|p1a: Monferno|Monferno, F|269\/269
|-damage|p1a: Monferno|236\/269|[from] Stealth Rock
|turn|33
|choice|move machpunch|switch 2
|
|switch|p2a: Lovis|Lumineon, M|342\/342
|-damage|p2a: Lovis|300\/342|[from] Stealth Rock
|move|p1a: Monferno|Mach Punch|p2a: Lovis
|-damage|p2a: Lovis|248\/342
|
|-heal|p2a: Lovis|269\/342|[from] item: Leftovers
|upkeep
|turn|34
|choice|switch 5|move uturn
|
|switch|p1a: Cryogonal|Cryogonal|281\/281
|-damage|p1a: Cryogonal|211\/281|[from] Stealth Rock
|move|p2a: Lovis|U-turn|p1a: Cryogonal
|-damage|p1a: Cryogonal|107\/281
|choice||switch 2
|
|switch|p2a: Blanche|Lopunny, F|238\/271
|-damage|p2a: Blanche|205\/271|[from] Stealth Rock
|
|-heal|p1a: Cryogonal|124\/281|[from] item: Leftovers
|upkeep
|turn|35
|choice|switch 4|move return
|
|switch|p1a: Muk|Muk, M|414\/414
|-damage|p1a: Muk|363\/414|[from] Stealth Rock
|move|p2a: Blanche|Return|p1a: Muk
|-damage|p1a: Muk|120\/414
|
|-heal|p1a: Muk|145\/414|[from] item: Black Sludge
|upkeep
|turn|36
|choice|move curse|move return
|
|move|p2a: Blanche|Return|p1a: Muk
|-damage|p1a: Muk|0 fnt
|faint|p1a: Muk
|
|upkeep
|choice|switch 5|
|
|switch|p1a: Monferno|Monferno, F|236\/269
|-damage|p1a: Monferno|203\/269|[from] Stealth Rock
|turn|37
|l|Pakkuu
|choice|move machpunch|switch 6
|
|switch|p2a: Morgane|Grumpig, F|244\/364
|-damage|p2a: Morgane|199\/364|[from] Stealth Rock
|move|p1a: Monferno|Mach Punch|p2a: Morgane
|-resisted|p2a: Morgane
|-damage|p2a: Morgane|165\/364
|
|-heal|p2a: Morgane|187\/364|[from] item: Leftovers
|upkeep
|turn|38
|j|Pakkuu
|choice|move uturn|move focusblast
|
|move|p1a: Monferno|U-turn|p2a: Morgane
|-supereffective|p2a: Morgane
|-damage|p2a: Morgane|63\/364
|choice|switch 3|
|
|switch|p1a: Cacturne|Cacturne, M|167\/343
|-damage|p1a: Cacturne|125\/343|[from] Stealth Rock
|move|p2a: Morgane|Focus Blast|p1a: Cacturne|[miss]
|-miss|p2a: Morgane|p1a: Cacturne
|
|-heal|p2a: Morgane|85\/364|[from] item: Leftovers
|upkeep
|turn|39
|c|☆Neko-Suke|Allez je perds surment sur ca
|c| Imparfait|nop
|c| Chrink ♛|et tu miss miss miss
|c| Imparfait|tu win
|j|PoireLadd
|c|☆Neko-Suke|C pas que le 3eme miss que je fais
|c| Chrink ♛|c'est ta façon de perdre
|choice|move darkpulse|move focusblast
|
|move|p2a: Morgane|Focus Blast|p1a: Cacturne|[miss]
|-miss|p2a: Morgane|p1a: Cacturne
|move|p1a: Cacturne|Dark Pulse|p2a: Morgane
|-supereffective|p2a: Morgane
|-damage|p2a: Morgane|0 fnt
|faint|p2a: Morgane
|
|upkeep
|c|☆Neko-Suke|Et allez
|c| Cozaron|lol
|choice||switch 2
|
|switch|p2a: Lovis|Lumineon, M|269\/342
|-damage|p2a: Lovis|227\/342|[from] Stealth Rock
|turn|40
|c| Imparfait|néo tu win de toute façon
|c| Imparfait|néko*
|c|☆Neko-Suke|Miss click
|choice|switch 3|move uturn
|
|switch|p1a: Monferno|Monferno, F|203\/269
|-damage|p1a: Monferno|170\/269|[from] Stealth Rock
|move|p2a: Lovis|U-turn|p1a: Monferno
|-resisted|p1a: Monferno
|-damage|p1a: Monferno|158\/269
|choice||switch 3
|
|switch|p2a: Pierre|Golem, F|288\/364
|-damage|p2a: Pierre|266\/364|[from] Stealth Rock
|
|upkeep
|turn|41
|l|PoireLadd
|choice|move closecombat|move explosion
|
|move|p1a: Monferno|Close Combat|p2a: Pierre
|-supereffective|p2a: Pierre
|-crit|p2a: Pierre
|-damage|p2a: Pierre|0 fnt
|-unboost|p1a: Monferno|def|1
|-unboost|p1a: Monferno|spd|1
|faint|p2a: Pierre
|
|upkeep
|choice||switch 3
|
|switch|p2a: Lovis|Lumineon, M|227\/342
|-damage|p2a: Lovis|185\/342|[from] Stealth Rock
|turn|42
|l|Chrink ♛
|c|☆Neko-Suke|Non je perds sur les miss
|c|☆Neko-Suke|Allez encore une victoire super meriter
|c| Imparfait|oui j'ai vu sa 
|choice|move closecombat|move defog
|
|move|p1a: Monferno|Close Combat|p2a: Lovis
|-damage|p2a: Lovis|49\/342
|-unboost|p1a: Monferno|def|1
|-unboost|p1a: Monferno|spd|1
|move|p2a: Lovis|Defog|p1a: Monferno
|-unboost|p1a: Monferno|evasion|1
|-sideend|p1: Greenheroes|Stealth Rock|[from] move: Defog|[of] p1a: Monferno
|-sideend|p2: Neko-Suke|Stealth Rock|[from] move: Defog|[of] p2a: Lovis
|
|-heal|p2a: Lovis|70\/342|[from] item: Leftovers
|upkeep
|turn|43
|choice|move closecombat|move uturn
|
|move|p1a: Monferno|Close Combat|p2a: Lovis
|-damage|p2a: Lovis|0 fnt
|-unboost|p1a: Monferno|def|1
|-unboost|p1a: Monferno|spd|1
|faint|p2a: Lovis
|
|upkeep
|choice||switch 6
|
|switch|p2a: Blanche|Lopunny, F|205\/271
|turn|44
|c|☆Neko-Suke|Bravo tu sais tres hien haxxer et gagner sur des miss
|c|☆Neko-Suke|Gg a toi!
|c|☆Neko-Suke|Grandiose
|choice|move machpunch|move return
|
|move|p1a: Monferno|Mach Punch|p2a: Blanche
|-supereffective|p2a: Blanche
|-damage|p2a: Blanche|49\/271
|move|p2a: Blanche|Return|p1a: Monferno
|-damage|p1a: Monferno|0 fnt
|faint|p1a: Monferno
|
|upkeep
|choice|switch 3|
|
|switch|p1a: Cacturne|Cacturne, M|125\/343
|turn|45
|choice|move suckerpunch|move return
|
|move|p1a: Cacturne|Sucker Punch|p2a: Blanche
|-damage|p2a: Blanche|0 fnt
|faint|p2a: Blanche
|
|win|Greenheroes
|l|Imparfait
|c|☆Greenheroes|gg
|l|Cozaron
|c|☆Neko-Suke|Pitoyable
|l|Neko-Suke</script>
</div>
<div class="battle-log battle-log-inline"><div class="inner"><div class="battle-options"></div><div class="inner"><div class="chat"><small>Greenheroes joined.</small></div><div class="chat"><small>Neko-Suke joined.</small></div><div class=""><small>Format:</small> <br><strong>PU</strong></div><div class=""><small><em>Sleep Clause Mod:</em> Limit one foe put to sleep</small></div><div class=""><small><em>Species Clause:</em> Limit one of each Pokémon</small></div><div class=""><small><em>OHKO Clause:</em> OHKO moves are banned</small></div><div class=""><small><em>Moody Clause:</em> Moody is banned</small></div><div class=""><small><em>Evasion Moves Clause:</em> Evasion moves are banned</small></div><div class=""><small><em>Endless Battle Clause:</em> Forcing endless battles is banned</small></div><div class=""><small><em>HP Percentage Mod:</em> HP is shown in percentages</small></div><div class=""><small><em>Swagger Clause:</em> Swagger is banned</small></div><div class=""><small><em>Baton Pass Clause:</em> Limit one Baton Passer, can't pass Spe and other stats simultaneously</small></div><div class="chat battle-history"><strong>Greenheroes's team:</strong> <em style="color:#445566;display:block;">Muk / Monferno / Drifblim / Golem / Cacturne / Cryogonal</em></div><div class="chat battle-history"><strong>Neko-Suke's team:</strong> <em style="color:#445566;display:block;">Emolga / Simisage / Grumpig / Lopunny / Lumineon / Golem</em></div><div class="chat"><small>Chrink ♛ joined.</small></div><div class="chat chatmessage-nekosuke"><strong style="color:hsl(216,79%,49.21241734307876%)"><small>☆</small><span class="username" data-name="Neko-Suke">Neko-Suke</span>:</strong> <em>Gl hf</em></div><div class="chat chatmessage-greenheroes"><strong style="color:hsl(265,74%,56.967384459884016%)"><small>☆</small><span class="username" data-name="Greenheroes">Greenheroes</span>:</strong> <em>bonne chance</em></div><div class="spacer battle-history"><br></div><div class="battle-history">Battle started between Greenheroes and Neko-Suke!<br></div><div class="spacer battle-history"><br></div><div class="battle-history">Go! <strong>Golem</strong>!<br></div><div class="spacer battle-history"><br></div><div class="battle-history">Neko-Suke sent out Lovis (<strong>Lumineon</strong>)!<br></div><div class="spacer battle-history"><br></div><h2 class="battle-history">Turn 1</h2><div class="chat"><small>Cozaron joined.</small></div><div class="spacer battle-history"><br></div><div class="battle-history">The opposing Lovis used <strong>U-turn</strong>!<br></div><div class="battle-history"><small>(Golem lost <abbr title="−32/363">8.8%</abbr> of its health!)</small><br></div><div class="spacer battle-history"><br></div><div class="battle-history">The opposing Lovis went back to Neko-Suke!<br></div><div class="battle-history">Neko-Suke sent out Inezia (<strong>Emolga</strong>)!<br></div><div class="spacer battle-history"><br></div><div class="battle-history">Golem used <strong>Earthquake</strong>!<br></div><div class="battle-history"><small>It doesn't affect the opposing Inezia...</small><br></div><div class="spacer battle-history"><br></div><div class="battle-history"><small>Golem restored a little HP using its Leftovers!</small><br></div><div class="spacer battle-history"><br></div><h2 class="battle-history">Turn 2</h2><div class="spacer battle-history"><br></div><div class="battle-history">The opposing Inezia used <strong>Encore</strong>!<br></div><div class="battle-history"><small>Golem received an encore!</small><br></div><div class="spacer battle-history"><br></div><div class="battle-history">Golem used <strong>Earthquake</strong>!<br></div><div class="battle-history"><small>It doesn't affect the opposing Inezia...</small><br></div><div class="spacer battle-history"><br></div><div class="battle-history"><small>Golem restored a little HP using its Leftovers!</small><br></div><div class="spacer battle-history"><br></div><h2 class="battle-history">Turn 3</h2><div class="chat"><small>Imparfait joined.</small></div><div class="spacer battle-history"><br></div><div class="battle-history">The opposing Inezia used <strong>Volt Switch</strong>!<br></div><div class="battle-history"><small>It doesn't affect Golem...</small><br></div><div class="spacer battle-history"><br></div><div class="battle-history">Golem used <strong>Earthquake</strong>!<br></div><div class="battle-history"><small>It doesn't affect the opposing Inezia...</small><br></div><div class="spacer battle-history"><br></div><h2 class="battle-history">Turn 4</h2><div class="spacer battle-history"><br></div><div class="battle-history">The opposing Inezia used <strong>Volt Switch</strong>!<br></div><div class="battle-history"><small>It doesn't affect Golem...</small><br></div><div class="spacer battle-history"><br></div><div class="battle-history">Golem used <strong>Earthquake</strong>!<br></div><div class="battle-history"><small>It doesn't affect the opposing Inezia...</small><br></div><div class="spacer battle-history"><br></div><div class="battle-history"><small>Golem's encore ended!</small><br></div><div class="spacer battle-history"><br></div><h2 class="battle-history">Turn 5</h2><div class="spacer battle-history"><br></div><div class="battle-history">Golem used <strong>Sucker Punch</strong>!<br></div><div class="battle-history"><small>(The opposing Inezia lost <abbr title="−121/251">48.2%</abbr> of its health!)</small><br></div><div class="spacer battle-history"><br></div><div class="battle-history">The opposing Inezia used <strong>Volt Switch</strong>!<br></div><div class="battle-history"><small>It doesn't affect Golem...</small><br></div><div class="spacer battle-history"><br></div><h2 class="battle-history">Turn 6</h2><div class="chat chatmessage-nekosuke"><strong style="color:hsl(216,79%,49.21241734307876%)"><small>☆</small><span class="username" data-name="Neko-Suke">Neko-Suke</span>:</strong> <em>Mais wtf</em></div><div class="spacer battle-history"><br></div><div class="battle-history">Golem used <strong>Sucker Punch</strong>!<br></div><div class="battle-history"><small>But it failed!</small><br></div><div class="spacer battle-history"><br></div><div class="battle-history">The opposing Inezia used <strong>Encore</strong>!<br></div><div class="battle-history"><small>Golem received an encore!</small><br></div><div class="spacer battle-history"><br></div><h2 class="battle-history">Turn 7</h2><div class="chat chatmessage-nekosuke"><strong style="color:hsl(216,79%,49.21241734307876%)"><small>☆</small><span class="username" data-name="Neko-Suke">Neko-Suke</span>:</strong> <em>Y a aucune logique</em></div><div class="spacer battle-history"><br></div><div class="battle-history">Golem used <strong>Sucker Punch</strong>!<br></div><div class="battle-history"><small>But it failed!</small><br></div><div class="spacer battle-history"><br></div><div class="battle-history">The opposing Inezia used <strong>Roost</strong>!<br></div><div class="battle-history"><small>The opposing Inezia restored its HP.</small><br></div><div class="spacer battle-history"><br></div><h2 class="battle-history">Turn 8</h2><div class="chat chatmessage-chrink"><strong style="color:hsl(249,84%,57.2658767473904%)"><small> </small><span class="username" data-name="Chrink ♛">Chrink ♛</span>:</strong> <em>je comprend pas</em></div><div class="chat chatmessage-greenheroes"><strong style="color:hsl(265,74%,56.967384459884016%)"><small>☆</small><span class="username" data-name="Greenheroes">Greenheroes</span>:</strong> <em>je craint le nuzzle</em></div><div class="spacer battle-history"><br></div><div class="battle-history">Neko-Suke withdrew Inezia!<br></div><div class="battle-history">Neko-Suke sent out Rachid (<strong>Simisage</strong>)!<br></div><div class="spacer battle-history"><br></div><div class="battle-history">Golem used <strong>Sucker Punch</strong>!<br></div><div class="battle-history"><small>But it failed!</small><br></div><div class="spacer battle-history"><br></div><h2 class="battle-history">Turn 9</h2><div class="chat chatmessage-greenheroes"><strong style="color:hsl(265,74%,56.967384459884016%)"><small>☆</small><span class="username" data-name="Greenheroes">Greenheroes</span>:</strong> <em>alors je reste</em></div><div class="chat chatmessage-nekosuke"><strong style="color:hsl(216,79%,49.21241734307876%)"><small>☆</small><span class="username" data-name="Neko-Suke">Neko-Suke</span>:</strong> <em>XD alors que je t'ai montrer toute mes attaques :x</em></div><div class="chat chatmessage-greenheroes"><strong style="color:hsl(265,74%,56.967384459884016%)"><small>☆</small><span class="username" data-name="Greenheroes">Greenheroes</span>:</strong> <em>ah...</em></div><div class="chat chatmessage-greenheroes"><strong style="color:hsl(265,74%,56.967384459884016%)"><small>☆</small><span class="username" data-name="Greenheroes">Greenheroes</span>:</strong> <em>ah oui</em></div><div class="spacer battle-history"><br></div><div class="battle-history">Golem used <strong>Sucker Punch</strong>!<br></div><div class="battle-history"><small>(The opposing Rachid lost <abbr title="−130/291">44.7%</abbr> of its health!)</small><br></div><div class="spacer battle-history"><br></div><div class="battle-history">The opposing Rachid used <strong>Knock Off</strong>!<br></div><div class="battle-history"><small>(Golem lost <abbr title="−95/363">26.2%</abbr> of its health!)</small><br></div><div class="battle-history"><small>The opposing Rachid knocked off Golem's Leftovers!</small><br></div><div class="battle-history"><small>The opposing Rachid lost some of its HP!</small><br></div><div class="spacer battle-history"><br></div><div class="battle-history"><small>Golem's encore ended!</small><br></div><div class="spacer battle-history"><br></div><h2 class="battle-history">Turn 10</h2><div class="chat chatmessage-nekosuke"><strong style="color:hsl(216,79%,49.21241734307876%)"><small>☆</small><span class="username" data-name="Neko-Suke">Neko-Suke</span>:</strong> <em>Et pouvais te pp stall ttanquille la</em></div><div class="spacer battle-history"><br></div><div class="battle-history">Neko-Suke withdrew Rachid!<br></div><div class="battle-history">Neko-Suke sent out Inezia (<strong>Emolga</strong>)!<br></div><div class="spacer battle-history"><br></div><div class="battle-history">Golem, come back!<br></div><div class="battle-history">Go! <strong>Muk</strong>!<br></div><div class="spacer battle-history"><br></div><h2 class="battle-history">Turn 11</h2><div class="chat chatmessage-greenheroes"><strong style="color:hsl(265,74%,56.967384459884016%)"><small>☆</small><span class="username" data-name="Greenheroes">Greenheroes</span>:</strong> <em>il reste un move que j'ai pas vu</em></div><div class="spacer battle-history"><br></div><div class="battle-history">Muk, come back!<br></div><div class="battle-history">Go! <strong>Golem</strong>!<br></div><div class="spacer battle-history"><br></div><div class="battle-history">The opposing Inezia used <strong>Volt Switch</strong>!<br></div><div class="battle-history"><small>It doesn't affect Golem...</small><br></div><div class="spacer battle-history"><br></div><h2 class="battle-history">Turn 12</h2><div class="chat chatmessage-nekosuke"><strong style="color:hsl(216,79%,49.21241734307876%)"><small>☆</small><span class="username" data-name="Neko-Suke">Neko-Suke</span>:</strong> <em>A oui</em></div><div class="chat"><small>Pakkuu joined.</small></div><div class="spacer battle-history"><br></div><div class="battle-history">The opposing Inezia went back to Neko-Suke!<br></div><div class="battle-history">Neko-Suke sent out Lovis (<strong>Lumineon</strong>)!<br></div><div class="spacer battle-history"><br></div><div class="battle-history">Golem used <strong>Rock Blast</strong>!<br></div><div class="battle-history"><small>(The opposing Lovis lost <abbr title="−28/342">8.2%</abbr> of its health!)</small><br></div><div class="battle-history"><small>(The opposing Lovis lost <abbr title="−33/342">9.6%</abbr> of its health!)</small><br></div><div class="battle-history"><small>Hit 2 times!</small><br></div><div class="spacer battle-history"><br></div><div class="battle-history"><small>The opposing Lovis restored a little HP using its Leftovers!</small><br></div><div class="spacer battle-history"><br></div><h2 class="battle-history">Turn 13</h2><div class="chat chatmessage-imparfait"><strong style="color:hsl(210,44%,45%)"><small> </small><span class="username" data-name="Imparfait">Imparfait</span>:</strong> <em>taunt ou air slash</em></div><div class="spacer battle-history"><br></div><div class="battle-history">Golem, come back!<br></div><div class="battle-history">Go! <strong>Cacturne</strong>!<br></div><div class="spacer battle-history"><br></div><div class="battle-history">The opposing Lovis used <strong>Scald</strong>!<br></div><div class="battle-history"><small>[Cacturne's Water Absorb]</small><br><small>It doesn't affect Cacturne...</small><br></div><div class="spacer battle-history"><br></div><div class="battle-history"><small>The opposing Lovis restored a little HP using its Leftovers!</small><br></div><div class="spacer battle-history"><br></div><h2 class="battle-history">Turn 14</h2><div class="spacer battle-history"><br></div><div class="battle-history">Neko-Suke withdrew Lovis!<br></div><div class="battle-history">Neko-Suke sent out Inezia (<strong>Emolga</strong>)!<br></div><div class="spacer battle-history"><br></div><div class="battle-history">Cacturne, come back!<br></div><div class="battle-history">Go! <strong>Cryogonal</strong>!<br></div><div class="spacer battle-history"><br></div><h2 class="battle-history">Turn 15</h2><div class="spacer battle-history"><br></div><div class="battle-history">Neko-Suke withdrew Inezia!<br></div><div class="battle-history">Neko-Suke sent out Morgane (<strong>Grumpig</strong>)!<br></div><div class="spacer battle-history"><br></div><div class="battle-history">Cryogonal used <strong>Freeze-Dry</strong>!<br></div><div class="battle-history"><small>A critical hit!</small><br></div><div class="battle-history"><small>(The opposing Morgane lost <abbr title="−70/364">19.2%</abbr> of its health!)</small><br></div><div class="spacer battle-history"><br></div><div class="battle-history"><small>The opposing Morgane restored a little HP using its Leftovers!</small><br></div><div class="spacer battle-history"><br></div><h2 class="battle-history">Turn 16</h2><div class="chat chatmessage-chrink"><strong style="color:hsl(249,84%,57.2658767473904%)"><small> </small><span class="username" data-name="Chrink ♛">Chrink ♛</span>:</strong> <em>il me semble pas que morgne ait un groret</em></div><div class="chat chatmessage-chrink"><strong style="color:hsl(249,84%,57.2658767473904%)"><small> </small><span class="username" data-name="Chrink ♛">Chrink ♛</span>:</strong> <em>tricheur va</em></div><div class="chat chatmessage-nekosuke"><strong style="color:hsl(216,79%,49.21241734307876%)"><small>☆</small><span class="username" data-name="Neko-Suke">Neko-Suke</span>:</strong> <em>:x</em></div><div class="spacer battle-history"><br></div><div class="battle-history">Cryogonal, come back!<br></div><div class="battle-history">Go! <strong>Golem</strong>!<br></div><div class="spacer battle-history"><br></div><div class="battle-history">The opposing Morgane used <strong>Thunder Wave</strong>!<br></div><div class="battle-history"><small>It doesn't affect Golem...</small><br></div><div class="spacer battle-history"><br></div><div class="battle-history"><small>The opposing Morgane restored a little HP using its Leftovers!</small><br></div><div class="spacer battle-history"><br></div><h2 class="battle-history">Turn 17</h2><div class="chat chatmessage-nekosuke"><strong style="color:hsl(216,79%,49.21241734307876%)"><small>☆</small><span class="username" data-name="Neko-Suke">Neko-Suke</span>:</strong> <em>J'ai mis des surnom pour l'ethique</em></div><div class="spacer battle-history"><br></div><div class="battle-history">Golem used <strong>Sucker Punch</strong>!<br></div><div class="battle-history"><small>It's super effective!</small><br></div><div class="battle-history"><small>(The opposing Morgane lost <abbr title="−138/364">37.9%</abbr> of its health!)</small><br></div><div class="spacer battle-history"><br></div><div class="battle-history">The opposing Morgane used <strong>Focus Blast</strong>!<br></div><div class="battle-history"><small>Golem avoided the attack!</small><br></div><div class="spacer battle-history"><br></div><div class="battle-history"><small>The opposing Morgane restored a little HP using its Leftovers!</small><br></div><div class="spacer battle-history"><br></div><h2 class="battle-history">Turn 18</h2><div class="spacer battle-history"><br></div><div class="battle-history">Golem, come back!<br></div><div class="battle-history">Go! <strong>Drifblim</strong>!<br></div><div class="spacer battle-history"><br></div><div class="battle-history">The opposing Morgane used <strong>Thunder Wave</strong>!<br></div><div class="battle-history"><small>Drifblim is paralyzed! It may be unable to move!</small><br></div><div class="spacer battle-history"><br></div><div class="battle-history"><small>The opposing Morgane restored a little HP using its Leftovers!</small><br></div><div class="spacer battle-history"><br></div><h2 class="battle-history">Turn 19</h2><div class="chat chatmessage-nekosuke"><strong style="color:hsl(216,79%,49.21241734307876%)"><small>☆</small><span class="username" data-name="Neko-Suke">Neko-Suke</span>:</strong> <em>J'aime les miss --'</em></div><div class="spacer battle-history"><br></div><div class="battle-history">Neko-Suke withdrew Morgane!<br></div><div class="battle-history">Neko-Suke sent out Pierre (<strong>Golem</strong>)!<br></div><div class="spacer battle-history"><br></div><div class="battle-history">Drifblim is paralyzed! It can't move!<br></div><div class="spacer battle-history"><br></div><h2 class="battle-history">Turn 20</h2><div class="spacer battle-history"><br></div><div class="battle-history">The opposing Pierre used <strong>Stealth Rock</strong>!<br></div><div class="battle-history"><small>Pointed stones float in the air around your team!</small><br></div><div class="spacer battle-history"><br></div><div class="battle-history">Drifblim used <strong>Knock Off</strong>!<br></div><div class="battle-history"><small>(The opposing Pierre lost <abbr title="−76/364">20.9%</abbr> of its health!)</small><br></div><div class="battle-history"><small>Drifblim knocked off the opposing Pierre's Custap Berry!</small><br></div><div class="spacer battle-history"><br></div><h2 class="battle-history">Turn 21</h2><div class="spacer battle-history"><br></div><div class="battle-history">The opposing Pierre used <strong>Stone Edge</strong>!<br></div><div class="battle-history"><small>Drifblim avoided the attack!</small><br></div><div class="spacer battle-history"><br></div><div class="battle-history">Drifblim used <strong>Phantom Force</strong>!<br></div><div class="battle-history">Drifblim vanished instantly!<br></div><div class="spacer battle-history"><br></div><h2 class="battle-history">Turn 22</h2><div class="spacer battle-history"><br></div><div class="battle-history">Neko-Suke withdrew Pierre!<br></div><div class="battle-history">Neko-Suke sent out Blanche (<strong>Lopunny</strong>)!<br></div><div class="spacer battle-history"><br></div><div class="battle-history">Drifblim used <strong>Phantom Force</strong>!<br></div><div class="battle-history"><small>It doesn't affect the opposing Blanche...</small><br></div><div class="spacer battle-history"><br></div><h2 class="battle-history">Turn 23</h2><div class="spacer battle-history"><br></div><div class="battle-history">Neko-Suke withdrew Blanche!<br></div><div class="battle-history">Neko-Suke sent out Pierre (<strong>Golem</strong>)!<br></div><div class="spacer battle-history"><br></div><div class="battle-history">Drifblim used <strong>Endure</strong>!<br></div><div class="spacer battle-history"><br></div><h2 class="battle-history">Turn 24</h2><div class="spacer battle-history"><br></div><div class="battle-history">The opposing Pierre used <strong>Stone Edge</strong>!<br></div><div class="battle-history"><small>Drifblim avoided the attack!</small><br></div><div class="spacer battle-history"><br></div><div class="battle-history">Drifblim is paralyzed! It can't move!<br></div><div class="spacer battle-history"><br></div><h2 class="battle-history">Turn 25</h2><div class="chat chatmessage-pakkuu"><strong style="color:hsl(249,42%,58.2957790101625%)"><small>@</small><span class="username" data-name="Pakkuu">Pakkuu</span>:</strong> <em>je kiffe ta tea Neko-Suke</em></div><div class="chat chatmessage-pakkuu"><strong style="color:hsl(249,42%,58.2957790101625%)"><small>@</small><span class="username" data-name="Pakkuu">Pakkuu</span>:</strong> <em>team*</em></div><div class="spacer battle-history"><br></div><div class="battle-history">The opposing Pierre used <strong>Stone Edge</strong>!<br></div><div class="battle-history"><small>It's super effective!</small><br></div><div class="battle-history"><small>(Drifblim lost <abbr title="−504/504">100%</abbr> of its health!)</small><br></div><div class="spacer battle-history"><br></div><div class="battle-history">Drifblim fainted!<br></div><div class="spacer battle-history"><br></div><div class="battle-history">Go! <strong>Cacturne</strong>!<br></div><div class="battle-history"><small>Pointed stones dug into Cacturne!</small><br></div><div class="spacer battle-history"><br></div><h2 class="battle-history">Turn 26</h2><div class="chat chatmessage-pakkuu"><strong style="color:hsl(249,42%,58.2957790101625%)"><small>@</small><span class="username" data-name="Pakkuu">Pakkuu</span>:</strong> <em>Simisage &lt;3</em></div><div class="spacer battle-history"><br></div><div class="battle-history">Neko-Suke withdrew Pierre!<br></div><div class="battle-history">Neko-Suke sent out Inezia (<strong>Emolga</strong>)!<br></div><div class="spacer battle-history"><br></div><div class="battle-history">Cacturne used <strong>Dark Pulse</strong>!<br></div><div class="battle-history"><small>(The opposing Inezia lost <abbr title="−251/251">100%</abbr> of its health!)</small><br></div><div class="spacer battle-history"><br></div><div class="battle-history">The opposing Inezia fainted!<br></div><div class="spacer battle-history"><br></div><div class="battle-history">Neko-Suke sent out Blanche (<strong>Lopunny</strong>)!<br></div><div class="spacer battle-history"><br></div><h2 class="battle-history">Turn 27</h2><div class="spacer battle-history"><br></div><div class="battle-history">Cacturne, come back!<br></div><div class="battle-history">Go! <strong>Golem</strong>!<br></div><div class="battle-history"><small>Pointed stones dug into Golem!</small><br></div><div class="spacer battle-history"><br></div><div class="battle-history">The opposing Blanche used <strong>Return</strong>!<br></div><div class="battle-history"><small>It's not very effective...</small><br></div><div class="battle-history"><small>(Golem lost <abbr title="−79/363">21.8%</abbr> of its health!)</small><br></div><div class="spacer battle-history"><br></div><h2 class="battle-history">Turn 28</h2><div class="spacer battle-history"><br></div><div class="battle-history">Neko-Suke withdrew Blanche!<br></div><div class="battle-history">Neko-Suke sent out Lovis (<strong>Lumineon</strong>)!<br></div><div class="spacer battle-history"><br></div><div class="battle-history">Golem used <strong>Stealth Rock</strong>!<br></div><div class="battle-history"><small>Pointed stones float in the air around the opposing team!</small><br></div><div class="spacer battle-history"><br></div><div class="battle-history"><small>The opposing Lovis restored a little HP using its Leftovers!</small><br></div><div class="spacer battle-history"><br></div><h2 class="battle-history">Turn 29</h2><div class="spacer battle-history"><br></div><div class="battle-history">Golem, come back!<br></div><div class="battle-history">Go! <strong>Cacturne</strong>!<br></div><div class="battle-history"><small>Pointed stones dug into Cacturne!</small><br></div><div class="spacer battle-history"><br></div><div class="battle-history">The opposing Lovis used <strong>Scald</strong>!<br></div><div class="battle-history"><small>[Cacturne's Water Absorb]</small><br><small>Cacturne restored its HP.</small><br></div><div class="spacer battle-history"><br></div><h2 class="battle-history">Turn 30</h2><div class="spacer battle-history"><br></div><div class="battle-history">The opposing Lovis used <strong>U-turn</strong>!<br></div><div class="battle-history"><small>It's super effective!</small><br></div><div class="battle-history"><small>(Cacturne lost <abbr title="−224/343">65.3%</abbr> of its health!)</small><br></div><div class="spacer battle-history"><br></div><div class="battle-history">The opposing Lovis went back to Neko-Suke!<br></div><div class="battle-history">Neko-Suke sent out Rachid (<strong>Simisage</strong>)!<br></div><div class="battle-history"><small>Pointed stones dug into the opposing Rachid!</small><br></div><div class="spacer battle-history"><br></div><div class="battle-history">Cacturne used <strong>Giga Drain</strong>!<br></div><div class="battle-history"><small>It's not very effective...</small><br></div><div class="battle-history"><small>(The opposing Rachid lost <abbr title="−96/291">33.0%</abbr> of its health!)</small><br></div><div class="battle-history"><small>The opposing Rachid had its energy drained!</small><br></div><div class="spacer battle-history"><br></div><div class="battle-history">The opposing Rachid fainted!<br></div><div class="spacer battle-history"><br></div><div class="battle-history">Neko-Suke sent out Blanche (<strong>Lopunny</strong>)!<br></div><div class="battle-history"><small>Pointed stones dug into the opposing Blanche!</small><br></div><div class="spacer battle-history"><br></div><h2 class="battle-history">Turn 31</h2><div class="spacer battle-history"><br></div><div class="battle-history">Cacturne, come back!<br></div><div class="battle-history">Go! <strong>Golem</strong>!<br></div><div class="battle-history"><small>Pointed stones dug into Golem!</small><br></div><div class="spacer battle-history"><br></div><div class="battle-history">The opposing Blanche used <strong>Ice Punch</strong>!<br></div><div class="battle-history"><small>It's super effective!</small><br></div><div class="battle-history"><small>(Golem lost <abbr title="−142/363">39.1%</abbr> of its health!)</small><br></div><div class="battle-history"><small>Golem was frozen solid!</small><br></div><div class="spacer battle-history"><br></div><h2 class="battle-history">Turn 32</h2><div class="spacer battle-history"><br></div><div class="battle-history">Golem is frozen solid!<br></div><div class="spacer battle-history"><br></div><div class="battle-history">The opposing Blanche used <strong>Ice Punch</strong>!<br></div><div class="battle-history"><small>It's super effective!</small><br></div><div class="battle-history"><small>(Golem lost <abbr title="−3/363">0.8%</abbr> of its health!)</small><br></div><div class="spacer battle-history"><br></div><div class="battle-history">Golem fainted!<br></div><div class="chat chatmessage-imparfait"><strong style="color:hsl(210,44%,45%)"><small> </small><span class="username" data-name="Imparfait">Imparfait</span>:</strong> <em>c'était mieux de renvoyer luminéon </em></div><div class="spacer battle-history"><br></div><div class="battle-history">Go! <strong>Monferno</strong>!<br></div><div class="battle-history"><small>Pointed stones dug into Monferno!</small><br></div><div class="spacer battle-history"><br></div><h2 class="battle-history">Turn 33</h2><div class="spacer battle-history"><br></div><div class="battle-history">Neko-Suke withdrew Blanche!<br></div><div class="battle-history">Neko-Suke sent out Lovis (<strong>Lumineon</strong>)!<br></div><div class="battle-history"><small>Pointed stones dug into the opposing Lovis!</small><br></div><div class="spacer battle-history"><br></div><div class="battle-history">Monferno used <strong>Mach Punch</strong>!<br></div><div class="battle-history"><small>(The opposing Lovis lost <abbr title="−52/342">15.2%</abbr> of its health!)</small><br></div><div class="spacer battle-history"><br></div><div class="battle-history"><small>The opposing Lovis restored a little HP using its Leftovers!</small><br></div><div class="spacer battle-history"><br></div><h2 class="battle-history">Turn 34</h2><div class="spacer battle-history"><br></div><div class="battle-history">Monferno, come back!<br></div><div class="battle-history">Go! <strong>Cryogonal</strong>!<br></div><div class="battle-history"><small>Pointed stones dug into Cryogonal!</small><br></div><div class="spacer battle-history"><br></div><div class="battle-history">The opposing Lovis used <strong>U-turn</strong>!<br></div><div class="battle-history"><small>(Cryogonal lost <abbr title="−104/281">37.0%</abbr> of its health!)</small><br></div><div class="spacer battle-history"><br></div><div class="battle-history">The opposing Lovis went back to Neko-Suke!<br></div><div class="battle-history">Neko-Suke sent out Blanche (<strong>Lopunny</strong>)!<br></div><div class="battle-history"><small>Pointed stones dug into the opposing Blanche!</small><br></div><div class="spacer battle-history"><br></div><div class="battle-history"><small>Cryogonal restored a little HP using its Leftovers!</small><br></div><div class="spacer battle-history"><br></div><h2 class="battle-history">Turn 35</h2><div class="spacer battle-history"><br></div><div class="battle-history">Cryogonal, come back!<br></div><div class="battle-history">Go! <strong>Muk</strong>!<br></div><div class="battle-history"><small>Pointed stones dug into Muk!</small><br></div><div class="spacer battle-history"><br></div><div class="battle-history">The opposing Blanche used <strong>Return</strong>!<br></div><div class="battle-history"><small>(Muk lost <abbr title="−243/414">58.7%</abbr> of its health!)</small><br></div><div class="spacer battle-history"><br></div><div class="battle-history"><small>Muk restored a little HP using its Black Sludge!</small><br></div><div class="spacer battle-history"><br></div><h2 class="battle-history">Turn 36</h2><div class="spacer battle-history"><br></div><div class="battle-history">The opposing Blanche used <strong>Return</strong>!<br></div><div class="battle-history"><small>(Muk lost <abbr title="−145/414">35.0%</abbr> of its health!)</small><br></div><div class="spacer battle-history"><br></div><div class="battle-history">Muk fainted!<br></div><div class="spacer battle-history"><br></div><div class="battle-history">Go! <strong>Monferno</strong>!<br></div><div class="battle-history"><small>Pointed stones dug into Monferno!</small><br></div><div class="spacer battle-history"><br></div><h2 class="battle-history">Turn 37</h2><div class="chat"><small>Pakkuu left.</small></div><div class="spacer battle-history"><br></div><div class="battle-history">Neko-Suke withdrew Blanche!<br></div><div class="battle-history">Neko-Suke sent out Morgane (<strong>Grumpig</strong>)!<br></div><div class="battle-history"><small>Pointed stones dug into the opposing Morgane!</small><br></div><div class="spacer battle-history"><br></div><div class="battle-history">Monferno used <strong>Mach Punch</strong>!<br></div><div class="battle-history"><small>It's not very effective...</small><br></div><div class="battle-history"><small>(The opposing Morgane lost <abbr title="−34/364">9.3%</abbr> of its health!)</small><br></div><div class="spacer battle-history"><br></div><div class="battle-history"><small>The opposing Morgane restored a little HP using its Leftovers!</small><br></div><div class="spacer battle-history"><br></div><h2 class="battle-history">Turn 38</h2><div class="chat"><small>Pakkuu joined.</small></div><div class="spacer battle-history"><br></div><div class="battle-history">Monferno used <strong>U-turn</strong>!<br></div><div class="battle-history"><small>It's super effective!</small><br></div><div class="battle-history"><small>(The opposing Morgane lost <abbr title="−124/364">34.1%</abbr> of its health!)</small><br></div><div class="spacer battle-history"><br></div><div class="battle-history">Monferno went back to Greenheroes!<br></div><div class="battle-history">Go! <strong>Cacturne</strong>!<br></div><div class="battle-history"><small>Pointed stones dug into Cacturne!</small><br></div><div class="spacer battle-history"><br></div><div class="battle-history">The opposing Morgane used <strong>Focus Blast</strong>!<br></div><div class="battle-history"><small>Cacturne avoided the attack!</small><br></div><div class="spacer battle-history"><br></div><div class="battle-history"><small>The opposing Morgane restored a little HP using its Leftovers!</small><br></div><div class="spacer battle-history"><br></div><h2 class="battle-history">Turn 39</h2><div class="chat chatmessage-nekosuke"><strong style="color:hsl(216,79%,49.21241734307876%)"><small>☆</small><span class="username" data-name="Neko-Suke">Neko-Suke</span>:</strong> <em>Allez je perds surment sur ca</em></div><div class="chat chatmessage-imparfait"><strong style="color:hsl(210,44%,45%)"><small> </small><span class="username" data-name="Imparfait">Imparfait</span>:</strong> <em>nop</em></div><div class="chat chatmessage-chrink"><strong style="color:hsl(249,84%,57.2658767473904%)"><small> </small><span class="username" data-name="Chrink ♛">Chrink ♛</span>:</strong> <em>et tu miss miss miss</em></div><div class="chat chatmessage-imparfait"><strong style="color:hsl(210,44%,45%)"><small> </small><span class="username" data-name="Imparfait">Imparfait</span>:</strong> <em>tu win</em></div><div class="chat"><small>PoireLadd joined.</small></div><div class="chat chatmessage-nekosuke"><strong style="color:hsl(216,79%,49.21241734307876%)"><small>☆</small><span class="username" data-name="Neko-Suke">Neko-Suke</span>:</strong> <em>C pas que le 3eme miss que je fais</em></div><div class="chat chatmessage-chrink"><strong style="color:hsl(249,84%,57.2658767473904%)"><small> </small><span class="username" data-name="Chrink ♛">Chrink ♛</span>:</strong> <em>c'est ta façon de perdre</em></div><div class="spacer battle-history"><br></div><div class="battle-history">The opposing Morgane used <strong>Focus Blast</strong>!<br></div><div class="battle-history"><small>Cacturne avoided the attack!</small><br></div><div class="spacer battle-history"><br></div><div class="battle-history">Cacturne used <strong>Dark Pulse</strong>!<br></div><div class="battle-history"><small>It's super effective!</small><br></div><div class="battle-history"><small>(The opposing Morgane lost <abbr title="−85/364">23.4%</abbr> of its health!)</small><br></div><div class="spacer battle-history"><br></div><div class="battle-history">The opposing Morgane fainted!<br></div><div class="chat chatmessage-nekosuke"><strong style="color:hsl(216,79%,49.21241734307876%)"><small>☆</small><span class="username" data-name="Neko-Suke">Neko-Suke</span>:</strong> <em>Et allez</em></div><div class="chat chatmessage-cozaron"><strong style="color:hsl(102,65%,31%)"><small> </small><span class="username" data-name="Cozaron">Cozaron</span>:</strong> <em>lol</em></div><div class="spacer battle-history"><br></div><div class="battle-history">Neko-Suke sent out Lovis (<strong>Lumineon</strong>)!<br></div><div class="battle-history"><small>Pointed stones dug into the opposing Lovis!</small><br></div><div class="spacer battle-history"><br></div><h2 class="battle-history">Turn 40</h2><div class="chat chatmessage-imparfait"><strong style="color:hsl(210,44%,45%)"><small> </small><span class="username" data-name="Imparfait">Imparfait</span>:</strong> <em>néo tu win de toute façon</em></div><div class="chat chatmessage-imparfait"><strong style="color:hsl(210,44%,45%)"><small> </small><span class="username" data-name="Imparfait">Imparfait</span>:</strong> <em>néko*</em></div><div class="chat chatmessage-nekosuke"><strong style="color:hsl(216,79%,49.21241734307876%)"><small>☆</small><span class="username" data-name="Neko-Suke">Neko-Suke</span>:</strong> <em>Miss click</em></div><div class="spacer battle-history"><br></div><div class="battle-history">Cacturne, come back!<br></div><div class="battle-history">Go! <strong>Monferno</strong>!<br></div><div class="battle-history"><small>Pointed stones dug into Monferno!</small><br></div><div class="spacer battle-history"><br></div><div class="battle-history">The opposing Lovis used <strong>U-turn</strong>!<br></div><div class="battle-history"><small>It's not very effective...</small><br></div><div class="battle-history"><small>(Monferno lost <abbr title="−12/269">4.5%</abbr> of its health!)</small><br></div><div class="spacer battle-history"><br></div><div class="battle-history">The opposing Lovis went back to Neko-Suke!<br></div><div class="battle-history">Neko-Suke sent out Pierre (<strong>Golem</strong>)!<br></div><div class="battle-history"><small>Pointed stones dug into the opposing Pierre!</small><br></div><div class="spacer battle-history"><br></div><h2 class="battle-history">Turn 41</h2><div class="chat"><small>PoireLadd left.</small></div><div class="spacer battle-history"><br></div><div class="battle-history">Monferno used <strong>Close Combat</strong>!<br></div><div class="battle-history"><small>It's super effective!</small><br></div><div class="battle-history"><small>A critical hit!</small><br></div><div class="battle-history"><small>(The opposing Pierre lost <abbr title="−266/364">73.1%</abbr> of its health!)</small><br></div><div class="battle-history"><small>Monferno's Defense fell!</small><br></div><div class="battle-history"><small>Monferno's Special Defense fell!</small><br></div><div class="spacer battle-history"><br></div><div class="battle-history">The opposing Pierre fainted!<br></div><div class="spacer battle-history"><br></div><div class="battle-history">Neko-Suke sent out Lovis (<strong>Lumineon</strong>)!<br></div><div class="battle-history"><small>Pointed stones dug into the opposing Lovis!</small><br></div><div class="spacer battle-history"><br></div><h2 class="battle-history">Turn 42</h2><div class="chat"><small>Chrink ♛ left.</small></div><div class="chat chatmessage-nekosuke"><strong style="color:hsl(216,79%,49.21241734307876%)"><small>☆</small><span class="username" data-name="Neko-Suke">Neko-Suke</span>:</strong> <em>Non je perds sur les miss</em></div><div class="chat chatmessage-nekosuke"><strong style="color:hsl(216,79%,49.21241734307876%)"><small>☆</small><span class="username" data-name="Neko-Suke">Neko-Suke</span>:</strong> <em>Allez encore une victoire super meriter</em></div><div class="chat chatmessage-imparfait"><strong style="color:hsl(210,44%,45%)"><small> </small><span class="username" data-name="Imparfait">Imparfait</span>:</strong> <em>oui j'ai vu sa </em></div><div class="spacer battle-history"><br></div><div class="battle-history">Monferno used <strong>Close Combat</strong>!<br></div><div class="battle-history"><small>(The opposing Lovis lost <abbr title="−136/342">39.8%</abbr> of its health!)</small><br></div><div class="battle-history"><small>Monferno's Defense fell!</small><br></div><div class="battle-history"><small>Monferno's Special Defense fell!</small><br></div><div class="spacer battle-history"><br></div><div class="battle-history">The opposing Lovis used <strong>Defog</strong>!<br></div><div class="battle-history"><small>Monferno's evasiveness fell!</small><br></div><div class="battle-history"><small>The pointed stones disappeared from around your team!</small><br></div><div class="battle-history"><small>The pointed stones disappeared from around the opposing team!</small><br></div><div class="spacer battle-history"><br></div><div class="battle-history"><small>The opposing Lovis restored a little HP using its Leftovers!</small><br></div><div class="spacer battle-history"><br></div><h2 class="battle-history">Turn 43</h2><div class="spacer battle-history"><br></div><div class="battle-history">Monferno used <strong>Close Combat</strong>!<br></div><div class="battle-history"><small>(The opposing Lovis lost <abbr title="−70/342">20.5%</abbr> of its health!)</small><br></div><div class="battle-history"><small>Monferno's Defense fell!</small><br></div><div class="battle-history"><small>Monferno's Special Defense fell!</small><br></div><div class="spacer battle-history"><br></div><div class="battle-history">The opposing Lovis fainted!<br></div><div class="spacer battle-history"><br></div><div class="battle-history">Neko-Suke sent out Blanche (<strong>Lopunny</strong>)!<br></div><div class="spacer battle-history"><br></div><h2 class="battle-history">Turn 44</h2><div class="chat chatmessage-nekosuke"><strong style="color:hsl(216,79%,49.21241734307876%)"><small>☆</small><span class="username" data-name="Neko-Suke">Neko-Suke</span>:</strong> <em>Bravo tu sais tres hien haxxer et gagner sur des miss</em></div><div class="chat chatmessage-nekosuke"><strong style="color:hsl(216,79%,49.21241734307876%)"><small>☆</small><span class="username" data-name="Neko-Suke">Neko-Suke</span>:</strong> <em>Gg a toi!</em></div><div class="chat chatmessage-nekosuke"><strong style="color:hsl(216,79%,49.21241734307876%)"><small>☆</small><span class="username" data-name="Neko-Suke">Neko-Suke</span>:</strong> <em>Grandiose</em></div><div class="spacer battle-history"><br></div><div class="battle-history">Monferno used <strong>Mach Punch</strong>!<br></div><div class="battle-history"><small>It's super effective!</small><br></div><div class="battle-history"><small>(The opposing Blanche lost <abbr title="−156/271">57.6%</abbr> of its health!)</small><br></div><div class="spacer battle-history"><br></div><div class="battle-history">The opposing Blanche used <strong>Return</strong>!<br></div><div class="battle-history"><small>(Monferno lost <abbr title="−158/269">58.7%</abbr> of its health!)</small><br></div><div class="spacer battle-history"><br></div><div class="battle-history">Monferno fainted!<br></div><div class="spacer battle-history"><br></div><div class="battle-history">Go! <strong>Cacturne</strong>!<br></div><div class="spacer battle-history"><br></div><h2 class="battle-history">Turn 45</h2><div class="spacer battle-history"><br></div><div class="battle-history">Cacturne used <strong>Sucker Punch</strong>!<br></div><div class="battle-history"><small>(The opposing Blanche lost <abbr title="−49/271">18.1%</abbr> of its health!)</small><br></div><div class="spacer battle-history"><br></div><div class="battle-history">The opposing Blanche fainted!<br></div><div class="spacer battle-history"><br></div><div class="battle-history"><strong>Greenheroes</strong> won the battle!<br></div><div class="chat"><small>Imparfait left.</small></div><div class="chat chatmessage-greenheroes"><strong style="color:hsl(265,74%,56.967384459884016%)"><small>☆</small><span class="username" data-name="Greenheroes">Greenheroes</span>:</strong> <em>gg</em></div><div class="chat"><small>Cozaron left.</small></div><div class="chat chatmessage-nekosuke"><strong style="color:hsl(216,79%,49.21241734307876%)"><small>☆</small><span class="username" data-name="Neko-Suke">Neko-Suke</span>:</strong> <em>Pitoyable</em></div><div class="chat"><small>Neko-Suke left.</small></div></div><div class="inner-preempt"></div></div></div>
</div>
<script>
let daily = Math.floor(Date.now()/1000/60/60/24);document.write('<script src="https://play.pokemonshowdown.com/js/replay-embed.js?version'+daily+'"></'+'script>');
</script>
