<!DOCTYPE html>
<meta charset="utf-8" />
<!-- version 1 -->
<title>PU replay: methgrips vs. BanetteDerRappt</title>
<style>
html,body {font-family:Verdana, sans-serif;font-size:10pt;margin:0;padding:0;}body{padding:12px 0;} .battle-log {font-family:Verdana, sans-serif;font-size:10pt;} .battle-log-inline {border:1px solid #AAAAAA;background:#EEF2F5;color:black;max-width:640px;margin:0 auto 80px;padding-bottom:5px;} .battle-log .inner {padding:4px 8px 0px 8px;} .battle-log .inner-preempt {padding:0 8px 4px 8px;} .battle-log .inner-after {margin-top:0.5em;} .battle-log h2 {margin:0.5em -8px;padding:4px 8px;border:1px solid #AAAAAA;background:#E0E7EA;border-left:0;border-right:0;font-family:Verdana, sans-serif;font-size:13pt;} .battle-log .chat {vertical-align:middle;padding:3px 0 3px 0;font-size:8pt;} .battle-log .chat strong {color:#40576A;} .battle-log .chat em {padding:1px 4px 1px 3px;color:#000000;font-style:normal;} .chat.mine {background:rgba(0,0,0,0.05);margin-left:-8px;margin-right:-8px;padding-left:8px;padding-right:8px;} .spoiler {color:#BBBBBB;background:#BBBBBB;padding:0px 3px;} .spoiler:hover, .spoiler:active, .spoiler-shown {color:#000000;background:#E2E2E2;padding:0px 3px;} .spoiler a {color:#BBBBBB;} .spoiler:hover a, .spoiler:active a, .spoiler-shown a {color:#2288CC;} .chat code, .chat .spoiler:hover code, .chat .spoiler:active code, .chat .spoiler-shown code {border:1px solid #C0C0C0;background:#EEEEEE;color:black;padding:0 2px;} .chat .spoiler code {border:1px solid #CCCCCC;background:#CCCCCC;color:#CCCCCC;} .battle-log .rated {padding:3px 4px;} .battle-log .rated strong {color:white;background:#89A;padding:1px 4px;border-radius:4px;} .spacer {margin-top:0.5em;} .message-announce {background:#6688AA;color:white;padding:1px 4px 2px;} .message-announce a, .broadcast-green a, .broadcast-blue a, .broadcast-red a {color:#DDEEFF;} .broadcast-green {background-color:#559955;color:white;padding:2px 4px;} .broadcast-blue {background-color:#6688AA;color:white;padding:2px 4px;} .infobox {border:1px solid #6688AA;padding:2px 4px;} .infobox-limited {max-height:200px;overflow:auto;overflow-x:hidden;} .broadcast-red {background-color:#AA5544;color:white;padding:2px 4px;} .message-learn-canlearn {font-weight:bold;color:#228822;text-decoration:underline;} .message-learn-cannotlearn {font-weight:bold;color:#CC2222;text-decoration:underline;} .message-effect-weak {font-weight:bold;color:#CC2222;} .message-effect-resist {font-weight:bold;color:#6688AA;} .message-effect-immune {font-weight:bold;color:#666666;} .message-learn-list {margin-top:0;margin-bottom:0;} .message-throttle-notice, .message-error {color:#992222;} .message-overflow, .chat small.message-overflow {font-size:0pt;} .message-overflow::before {font-size:9pt;content:'...';} .subtle {color:#3A4A66;}
</style>
<div class="wrapper replay-wrapper" style="max-width:1180px;margin:0 auto">
<input type="hidden" name="replayid" value="pu-550127841" />
<div class="battle"></div><div class="battle-log"></div><div class="replay-controls"></div><div class="replay-controls-2"></div>
<h1 style="font-weight:normal;text-align:center"><strong>PU</strong><br /><a href="http://pokemonshowdown.com/users/methgrips" class="subtle" target="_blank">methgrips</a> vs. <a href="http://pokemonshowdown.com/users/banettederrappt" class="subtle" target="_blank">BanetteDerRappt</a></h1>
<script type="text/plain" class="battle-log-data">|j|methgrips
|j|BanetteDerRappt
|player|p1|methgrips|10
|player|p2|BanetteDerRappt|59
|gametype|singles
|gen|6
|tier|PU
|rated
|seed|1933,33963,36771,13393
|rule|Sleep Clause Mod: Limit one foe put to sleep
|rule|Species Clause: Limit one of each Pokémon
|rule|OHKO Clause: OHKO moves are banned
|rule|Moody Clause: Moody is banned
|rule|Evasion Moves Clause: Evasion moves are banned
|rule|Endless Battle Clause: Forcing endless battles is banned
|rule|HP Percentage Mod: HP is shown in percentages
|clearpoke
|poke|p1|Lunatone|item
|poke|p1|Monferno, M|item
|poke|p1|Staravia, F|item
|poke|p1|Floatzel, M|item
|poke|p1|Marowak, M|item
|poke|p1|Roselia, F|item
|poke|p2|Cacturne, M, shiny|item
|poke|p2|Beheeyem, F, shiny|item
|poke|p2|Vespiquen, F, shiny|item
|poke|p2|Torkoal, F|item
|poke|p2|Stunfisk, F, shiny|item
|poke|p2|Octillery, F, shiny|item
|rule|Swagger Clause: Swagger is banned
|rule|Baton Pass Clause: Limit one Baton Passer, can't pass Spe and other stats simultaneously
|teampreview
|choice|team 4, team 2, team 3, team 1, team 5, team 6|team 2, team 1, team 3, team 4, team 5, team 6
|
|start
|switch|p1a: Floatzel|Floatzel, M|311\/311
|switch|p2a: Beheeyem|Beheeyem, F, shiny|354\/354
|turn|1
|choice|move taunt|move trickroom
|
|move|p1a: Floatzel|Taunt|p2a: Beheeyem
|-start|p2a: Beheeyem|move: Taunt
|cant|p2a: Beheeyem|move: Taunt|Trick Room
|
|upkeep
|turn|2
|choice|switch 4|move thunderbolt
|
|switch|p1a: Lunatone|Lunatone|343\/343
|move|p2a: Beheeyem|Thunderbolt|p1a: Lunatone
|-damage|p1a: Lunatone|175\/343
|
|-heal|p1a: Lunatone|196\/343|[from] item: Leftovers
|upkeep
|turn|3
|choice|move ancientpower|switch 3
|
|switch|p2a: Vespiquen|Vespiquen, F, shiny|344\/344
|-ability|p2a: Vespiquen|Pressure
|move|p1a: Lunatone|Ancient Power|p2a: Vespiquen
|-supereffective|p2a: Vespiquen
|-damage|p2a: Vespiquen|52\/344
|
|-heal|p1a: Lunatone|217\/343|[from] item: Leftovers
|-heal|p2a: Vespiquen|73\/344|[from] item: Leftovers
|upkeep
|turn|4
|choice|move icebeam|switch 2
|
|switch|p2a: Cacturne|Cacturne, M, shiny|344\/344
|move|p1a: Lunatone|Ice Beam|p2a: Cacturne
|-supereffective|p2a: Cacturne
|-damage|p2a: Cacturne|76\/344
|
|-heal|p1a: Lunatone|238\/343|[from] item: Leftovers
|upkeep
|turn|5
|choice|switch 3|move suckerpunch
|
|switch|p1a: Staravia|Staravia, F|313\/313
|-ability|p1a: Staravia|Intimidate|boost
|-unboost|p2a: Cacturne|atk|1
|move|p2a: Cacturne|Sucker Punch|p1a: Staravia|[still]
|-fail|p2a: Cacturne
|
|upkeep
|turn|6
|choice|move bravebird|switch 4
|
|switch|p2a: Torkoal|Torkoal, F|344\/344
|move|p1a: Staravia|Brave Bird|p2a: Torkoal
|-damage|p2a: Torkoal|274\/344
|-damage|p1a: Staravia|290\/313|[from] recoil|[of] p2a: Torkoal
|
|-heal|p2a: Torkoal|295\/344|[from] item: Leftovers
|upkeep
|turn|7
|choice|switch 3|move stealthrock
|
|switch|p1a: Lunatone|Lunatone|238\/343
|move|p2a: Torkoal|Stealth Rock|p1a: Lunatone
|-sidestart|p1: methgrips|move: Stealth Rock
|
|-heal|p1a: Lunatone|259\/343|[from] item: Leftovers
|-heal|p2a: Torkoal|316\/344|[from] item: Leftovers
|upkeep
|turn|8
|choice|move ancientpower|move gyroball
|
|move|p1a: Lunatone|Ancient Power|p2a: Torkoal
|-supereffective|p2a: Torkoal
|-damage|p2a: Torkoal|62\/344
|move|p2a: Torkoal|Gyro Ball|p1a: Lunatone
|-supereffective|p1a: Lunatone
|-damage|p1a: Lunatone|41\/343
|
|-heal|p1a: Lunatone|62\/343|[from] item: Leftovers
|-heal|p2a: Torkoal|83\/344|[from] item: Leftovers
|upkeep
|turn|9
|choice|move stealthrock|switch 5
|
|switch|p2a: Stunfisk|Stunfisk, F, shiny|422\/422
|move|p1a: Lunatone|Stealth Rock|p2a: Stunfisk
|-sidestart|p2: BanetteDerRappt|move: Stealth Rock
|
|-heal|p1a: Lunatone|83\/343|[from] item: Leftovers
|upkeep
|turn|10
|choice|switch 5|move scald
|
|switch|p1a: Marowak|Marowak, M|274\/274
|-damage|p1a: Marowak|257\/274|[from] Stealth Rock
|move|p2a: Stunfisk|Scald|p1a: Marowak
|-supereffective|p1a: Marowak
|-damage|p1a: Marowak|65\/274
|
|upkeep
|turn|11
|choice|move earthquake|move scald
|
|move|p1a: Marowak|Earthquake|p2a: Stunfisk
|-supereffective|p2a: Stunfisk
|-damage|p2a: Stunfisk|0 fnt
|faint|p2a: Stunfisk
|
|upkeep
|choice||switch 3
|
|switch|p2a: Beheeyem|Beheeyem, F, shiny|354\/354
|-damage|p2a: Beheeyem|310\/354|[from] Stealth Rock
|turn|12
|choice|move knockoff|move trickroom
|
|move|p1a: Marowak|Knock Off|p2a: Beheeyem
|-supereffective|p2a: Beheeyem
|-damage|p2a: Beheeyem|0 fnt
|-enditem|p2a: Beheeyem|Focus Sash|[from] move: Knock Off|[of] p1a: Marowak
|faint|p2a: Beheeyem
|
|upkeep
|choice||switch 6
|
|switch|p2a: Octillery|Octillery, F, shiny|354\/354
|-damage|p2a: Octillery|310\/354|[from] Stealth Rock
|turn|13
|choice|move earthquake|move seedbomb
|
|move|p1a: Marowak|Earthquake|p2a: Octillery
|-damage|p2a: Octillery|0 fnt
|faint|p2a: Octillery
|
|upkeep
|choice||switch 5
|
|switch|p2a: Torkoal|Torkoal, F|83\/344
|-damage|p2a: Torkoal|0 fnt|[from] Stealth Rock
|faint|p2a: Torkoal
|choice||switch 2
|
|switch|p2a: Vespiquen|Vespiquen, F, shiny|73\/344
|-damage|p2a: Vespiquen|0 fnt|[from] Stealth Rock
|faint|p2a: Vespiquen
|choice||switch 4
|
|switch|p2a: Cacturne|Cacturne, M, shiny|76\/344
|-damage|p2a: Cacturne|33\/344|[from] Stealth Rock
|turn|14
|c|☆methgrips|could;ve brought that thing out waaaaay earlier
|choice|move firepunch|move synthesis
|
|move|p1a: Marowak|Fire Punch|p2a: Cacturne
|-supereffective|p2a: Cacturne
|-damage|p2a: Cacturne|0 fnt
|faint|p2a: Cacturne
|
|win|methgrips
|raw|methgrips's rating: 1294 &rarr; <strong>1302<\/strong><br \/>(+8 for winning)
|raw|BanetteDerRappt's rating: 1000 &rarr; <strong>1000<\/strong><br \/>(+0 for losing)
|l|BanetteDerRappt</script>
</div>
<div class="battle-log battle-log-inline"><div class="inner"><div class="battle-options"></div><div class="inner"><div class="chat"><small>methgrips joined.</small></div><div class="chat"><small>BanetteDerRappt joined.</small></div><div class=""><small>Format:</small> <br><strong>PU</strong></div><div class="rated"><strong>Rated battle</strong></div><div class=""><small><em>Sleep Clause Mod:</em> Limit one foe put to sleep</small></div><div class=""><small><em>Species Clause:</em> Limit one of each Pokémon</small></div><div class=""><small><em>OHKO Clause:</em> OHKO moves are banned</small></div><div class=""><small><em>Moody Clause:</em> Moody is banned</small></div><div class=""><small><em>Evasion Moves Clause:</em> Evasion moves are banned</small></div><div class=""><small><em>Endless Battle Clause:</em> Forcing endless battles is banned</small></div><div class=""><small><em>HP Percentage Mod:</em> HP is shown in percentages</small></div><div class=""><small><em>Swagger Clause:</em> Swagger is banned</small></div><div class=""><small><em>Baton Pass Clause:</em> Limit one Baton Passer, can't pass Spe and other stats simultaneously</small></div><div class="chat battle-history"><strong>methgrips's team:</strong> <em style="color:#445566;display:block;">Lunatone / Monferno / Staravia / Floatzel / Marowak / Roselia</em></div><div class="chat battle-history"><strong>BanetteDerRappt's team:</strong> <em style="color:#445566;display:block;">Cacturne / Beheeyem / Vespiquen / Torkoal / Stunfisk / Octillery</em></div><div class="spacer battle-history"><br></div><div class="battle-history">Battle started between methgrips and BanetteDerRappt!<br></div><div class="spacer battle-history"><br></div><div class="battle-history">Go! <strong>Floatzel</strong>!<br></div><div class="spacer battle-history"><br></div><div class="battle-history">BanetteDerRappt sent out <strong>Beheeyem</strong>!<br></div><div class="spacer battle-history"><br></div><h2 class="battle-history">Turn 1</h2><div class="spacer battle-history"><br></div><div class="battle-history">Floatzel used <strong>Taunt</strong>!<br></div><div class="battle-history"><small>The opposing Beheeyem fell for the taunt!</small><br></div><div class="spacer battle-history"><br></div><div class="battle-history">The opposing Beheeyem can't use Trick Room after the taunt!<br></div><div class="spacer battle-history"><br></div><h2 class="battle-history">Turn 2</h2><div class="spacer battle-history"><br></div><div class="battle-history">Floatzel, come back!<br></div><div class="battle-history">Go! <strong>Lunatone</strong>!<br></div><div class="spacer battle-history"><br></div><div class="battle-history">The opposing Beheeyem used <strong>Thunderbolt</strong>!<br></div><div class="battle-history"><small>(Lunatone lost <abbr title="−168/343">49.0%</abbr> of its health!)</small><br></div><div class="spacer battle-history"><br></div><div class="battle-history"><small>Lunatone restored a little HP using its Leftovers!</small><br></div><div class="spacer battle-history"><br></div><h2 class="battle-history">Turn 3</h2><div class="spacer battle-history"><br></div><div class="battle-history">BanetteDerRappt withdrew Beheeyem!<br></div><div class="battle-history">BanetteDerRappt sent out <strong>Vespiquen</strong>!<br></div><div class="battle-history"><small>[The opposing Vespiquen's Pressure]</small><br><small>The opposing Vespiquen is exerting its pressure!</small><br></div><div class="spacer battle-history"><br></div><div class="battle-history">Lunatone used <strong>Ancient Power</strong>!<br></div><div class="battle-history"><small>It's super effective!</small><br></div><div class="battle-history"><small>(The opposing Vespiquen lost <abbr title="−292/344">84.9%</abbr> of its health!)</small><br></div><div class="spacer battle-history"><br></div><div class="battle-history"><small>Lunatone restored a little HP using its Leftovers!</small><br></div><div class="battle-history"><small>The opposing Vespiquen restored a little HP using its Leftovers!</small><br></div><div class="spacer battle-history"><br></div><h2 class="battle-history">Turn 4</h2><div class="spacer battle-history"><br></div><div class="battle-history">BanetteDerRappt withdrew Vespiquen!<br></div><div class="battle-history">BanetteDerRappt sent out <strong>Cacturne</strong>!<br></div><div class="spacer battle-history"><br></div><div class="battle-history">Lunatone used <strong>Ice Beam</strong>!<br></div><div class="battle-history"><small>It's super effective!</small><br></div><div class="battle-history"><small>(The opposing Cacturne lost <abbr title="−268/344">77.9%</abbr> of its health!)</small><br></div><div class="spacer battle-history"><br></div><div class="battle-history"><small>Lunatone restored a little HP using its Leftovers!</small><br></div><div class="spacer battle-history"><br></div><h2 class="battle-history">Turn 5</h2><div class="spacer battle-history"><br></div><div class="battle-history">Lunatone, come back!<br></div><div class="battle-history">Go! <strong>Staravia</strong>!<br></div><div class="battle-history"><small>[Staravia's Intimidate]</small><br></div><div class="battle-history"><small>The opposing Cacturne's Attack fell!</small><br></div><div class="spacer battle-history"><br></div><div class="battle-history">The opposing Cacturne used <strong>Sucker Punch</strong>!<br></div><div class="battle-history"><small>But it failed!</small><br></div><div class="spacer battle-history"><br></div><h2 class="battle-history">Turn 6</h2><div class="spacer battle-history"><br></div><div class="battle-history">BanetteDerRappt withdrew Cacturne!<br></div><div class="battle-history">BanetteDerRappt sent out <strong>Torkoal</strong>!<br></div><div class="spacer battle-history"><br></div><div class="battle-history">Staravia used <strong>Brave Bird</strong>!<br></div><div class="battle-history"><small>(The opposing Torkoal lost <abbr title="−70/344">20.3%</abbr> of its health!)</small><br></div><div class="battle-history"><small>Staravia is damaged by the recoil!</small><br></div><div class="spacer battle-history"><br></div><div class="battle-history"><small>The opposing Torkoal restored a little HP using its Leftovers!</small><br></div><div class="spacer battle-history"><br></div><h2 class="battle-history">Turn 7</h2><div class="spacer battle-history"><br></div><div class="battle-history">Staravia, come back!<br></div><div class="battle-history">Go! <strong>Lunatone</strong>!<br></div><div class="spacer battle-history"><br></div><div class="battle-history">The opposing Torkoal used <strong>Stealth Rock</strong>!<br></div><div class="battle-history"><small>Pointed stones float in the air around your team!</small><br></div><div class="spacer battle-history"><br></div><div class="battle-history"><small>Lunatone restored a little HP using its Leftovers!</small><br></div><div class="battle-history"><small>The opposing Torkoal restored a little HP using its Leftovers!</small><br></div><div class="spacer battle-history"><br></div><h2 class="battle-history">Turn 8</h2><div class="spacer battle-history"><br></div><div class="battle-history">Lunatone used <strong>Ancient Power</strong>!<br></div><div class="battle-history"><small>It's super effective!</small><br></div><div class="battle-history"><small>(The opposing Torkoal lost <abbr title="−254/344">73.8%</abbr> of its health!)</small><br></div><div class="spacer battle-history"><br></div><div class="battle-history">The opposing Torkoal used <strong>Gyro Ball</strong>!<br></div><div class="battle-history"><small>It's super effective!</small><br></div><div class="battle-history"><small>(Lunatone lost <abbr title="−218/343">63.6%</abbr> of its health!)</small><br></div><div class="spacer battle-history"><br></div><div class="battle-history"><small>Lunatone restored a little HP using its Leftovers!</small><br></div><div class="battle-history"><small>The opposing Torkoal restored a little HP using its Leftovers!</small><br></div><div class="spacer battle-history"><br></div><h2 class="battle-history">Turn 9</h2><div class="spacer battle-history"><br></div><div class="battle-history">BanetteDerRappt withdrew Torkoal!<br></div><div class="battle-history">BanetteDerRappt sent out <strong>Stunfisk</strong>!<br></div><div class="spacer battle-history"><br></div><div class="battle-history">Lunatone used <strong>Stealth Rock</strong>!<br></div><div class="battle-history"><small>Pointed stones float in the air around the opposing team!</small><br></div><div class="spacer battle-history"><br></div><div class="battle-history"><small>Lunatone restored a little HP using its Leftovers!</small><br></div><div class="spacer battle-history"><br></div><h2 class="battle-history">Turn 10</h2><div class="spacer battle-history"><br></div><div class="battle-history">Lunatone, come back!<br></div><div class="battle-history">Go! <strong>Marowak</strong>!<br></div><div class="battle-history"><small>Pointed stones dug into Marowak!</small><br></div><div class="spacer battle-history"><br></div><div class="battle-history">The opposing Stunfisk used <strong>Scald</strong>!<br></div><div class="battle-history"><small>It's super effective!</small><br></div><div class="battle-history"><small>(Marowak lost <abbr title="−192/274">70.1%</abbr> of its health!)</small><br></div><div class="spacer battle-history"><br></div><h2 class="battle-history">Turn 11</h2><div class="spacer battle-history"><br></div><div class="battle-history">Marowak used <strong>Earthquake</strong>!<br></div><div class="battle-history"><small>It's super effective!</small><br></div><div class="battle-history"><small>(The opposing Stunfisk lost <abbr title="−422/422">100%</abbr> of its health!)</small><br></div><div class="spacer battle-history"><br></div><div class="battle-history">The opposing Stunfisk fainted!<br></div><div class="spacer battle-history"><br></div><div class="battle-history">BanetteDerRappt sent out <strong>Beheeyem</strong>!<br></div><div class="battle-history"><small>Pointed stones dug into the opposing Beheeyem!</small><br></div><div class="spacer battle-history"><br></div><h2 class="battle-history">Turn 12</h2><div class="spacer battle-history"><br></div><div class="battle-history">Marowak used <strong>Knock Off</strong>!<br></div><div class="battle-history"><small>It's super effective!</small><br></div><div class="battle-history"><small>(The opposing Beheeyem lost <abbr title="−310/354">87.6%</abbr> of its health!)</small><br></div><div class="battle-history"><small>Marowak knocked off the opposing Beheeyem's Focus Sash!</small><br></div><div class="spacer battle-history"><br></div><div class="battle-history">The opposing Beheeyem fainted!<br></div><div class="spacer battle-history"><br></div><div class="battle-history">BanetteDerRappt sent out <strong>Octillery</strong>!<br></div><div class="battle-history"><small>Pointed stones dug into the opposing Octillery!</small><br></div><div class="spacer battle-history"><br></div><h2 class="battle-history">Turn 13</h2><div class="spacer battle-history"><br></div><div class="battle-history">Marowak used <strong>Earthquake</strong>!<br></div><div class="battle-history"><small>(The opposing Octillery lost <abbr title="−310/354">87.6%</abbr> of its health!)</small><br></div><div class="spacer battle-history"><br></div><div class="battle-history">The opposing Octillery fainted!<br></div><div class="spacer battle-history"><br></div><div class="battle-history">BanetteDerRappt sent out <strong>Torkoal</strong>!<br></div><div class="battle-history"><small>Pointed stones dug into the opposing Torkoal!</small><br></div><div class="spacer battle-history"><br></div><div class="battle-history">The opposing Torkoal fainted!<br></div><div class="spacer battle-history"><br></div><div class="battle-history">BanetteDerRappt sent out <strong>Vespiquen</strong>!<br></div><div class="battle-history"><small>Pointed stones dug into the opposing Vespiquen!</small><br></div><div class="spacer battle-history"><br></div><div class="battle-history">The opposing Vespiquen fainted!<br></div><div class="spacer battle-history"><br></div><div class="battle-history">BanetteDerRappt sent out <strong>Cacturne</strong>!<br></div><div class="battle-history"><small>Pointed stones dug into the opposing Cacturne!</small><br></div><div class="spacer battle-history"><br></div><h2 class="battle-history">Turn 14</h2><div class="chat chatmessage-methgrips"><strong style="color:hsl(49,88%,34.7991391951283%)"><small>☆</small><span class="username" data-name="methgrips">methgrips</span>:</strong> <em>could;ve brought that thing out waaaaay earlier</em></div><div class="spacer battle-history"><br></div><div class="battle-history">Marowak used <strong>Fire Punch</strong>!<br></div><div class="battle-history"><small>It's super effective!</small><br></div><div class="battle-history"><small>(The opposing Cacturne lost <abbr title="−33/344">9.6%</abbr> of its health!)</small><br></div><div class="spacer battle-history"><br></div><div class="battle-history">The opposing Cacturne fainted!<br></div><div class="spacer battle-history"><br></div><div class="battle-history"><strong>methgrips</strong> won the battle!<br></div><div class="chat">methgrips's rating: 1294 → <strong>1302</strong><br>(+8 for winning)</div><div class="chat">BanetteDerRappt's rating: 1000 → <strong>1000</strong><br>(+0 for losing)</div><div class="chat"><small>BanetteDerRappt left.</small></div></div><div class="inner-preempt"></div></div></div>
</div>
<script>
let daily = Math.floor(Date.now()/1000/60/60/24);document.write('<script src="https://play.pokemonshowdown.com/js/replay-embed.js?version'+daily+'"></'+'script>');
</script>
