<!DOCTYPE html>
<meta charset="utf-8" />
<!-- version 1 -->
<title>PU replay: NotET vs. clemilepipi</title>
<style>
html,body {font-family:Verdana, sans-serif;font-size:10pt;margin:0;padding:0;}body{padding:12px 0;} .battle-log {font-family:Verdana, sans-serif;font-size:10pt;} .battle-log-inline {border:1px solid #AAAAAA;background:#EEF2F5;color:black;max-width:640px;margin:0 auto 80px;padding-bottom:5px;} .battle-log .inner {padding:4px 8px 0px 8px;} .battle-log .inner-preempt {padding:0 8px 4px 8px;} .battle-log .inner-after {margin-top:0.5em;} .battle-log h2 {margin:0.5em -8px;padding:4px 8px;border:1px solid #AAAAAA;background:#E0E7EA;border-left:0;border-right:0;font-family:Verdana, sans-serif;font-size:13pt;} .battle-log .chat {vertical-align:middle;padding:3px 0 3px 0;font-size:8pt;} .battle-log .chat strong {color:#40576A;} .battle-log .chat em {padding:1px 4px 1px 3px;color:#000000;font-style:normal;} .chat.mine {background:rgba(0,0,0,0.05);margin-left:-8px;margin-right:-8px;padding-left:8px;padding-right:8px;} .spoiler {color:#BBBBBB;background:#BBBBBB;padding:0px 3px;} .spoiler:hover, .spoiler:active, .spoiler-shown {color:#000000;background:#E2E2E2;padding:0px 3px;} .spoiler a {color:#BBBBBB;} .spoiler:hover a, .spoiler:active a, .spoiler-shown a {color:#2288CC;} .chat code, .chat .spoiler:hover code, .chat .spoiler:active code, .chat .spoiler-shown code {border:1px solid #C0C0C0;background:#EEEEEE;color:black;padding:0 2px;} .chat .spoiler code {border:1px solid #CCCCCC;background:#CCCCCC;color:#CCCCCC;} .battle-log .rated {padding:3px 4px;} .battle-log .rated strong {color:white;background:#89A;padding:1px 4px;border-radius:4px;} .spacer {margin-top:0.5em;} .message-announce {background:#6688AA;color:white;padding:1px 4px 2px;} .message-announce a, .broadcast-green a, .broadcast-blue a, .broadcast-red a {color:#DDEEFF;} .broadcast-green {background-color:#559955;color:white;padding:2px 4px;} .broadcast-blue {background-color:#6688AA;color:white;padding:2px 4px;} .infobox {border:1px solid #6688AA;padding:2px 4px;} .infobox-limited {max-height:200px;overflow:auto;overflow-x:hidden;} .broadcast-red {background-color:#AA5544;color:white;padding:2px 4px;} .message-learn-canlearn {font-weight:bold;color:#228822;text-decoration:underline;} .message-learn-cannotlearn {font-weight:bold;color:#CC2222;text-decoration:underline;} .message-effect-weak {font-weight:bold;color:#CC2222;} .message-effect-resist {font-weight:bold;color:#6688AA;} .message-effect-immune {font-weight:bold;color:#666666;} .message-learn-list {margin-top:0;margin-bottom:0;} .message-throttle-notice, .message-error {color:#992222;} .message-overflow, .chat small.message-overflow {font-size:0pt;} .message-overflow::before {font-size:9pt;content:'...';} .subtle {color:#3A4A66;}
</style>
<div class="wrapper replay-wrapper" style="max-width:1180px;margin:0 auto">
<input type="hidden" name="replayid" value="pu-587064814" />
<div class="battle"></div><div class="battle-log"></div><div class="replay-controls"></div><div class="replay-controls-2"></div>
<h1 style="font-weight:normal;text-align:center"><strong>PU</strong><br /><a href="http://pokemonshowdown.com/users/notet" class="subtle" target="_blank">NotET</a> vs. <a href="http://pokemonshowdown.com/users/clemilepipi" class="subtle" target="_blank">clemilepipi</a></h1>
<script type="text/plain" class="battle-log-data">|j|NotET
|j|clemilepipi
|player|p1|NotET|126
|teamsize|p1|6
|player|p2|clemilepipi|1
|teamsize|p2|6
|gametype|singles
|gen|6
|tier|PU
|rated
|seed|39357,27122,2423,19055
|rule|Sleep Clause Mod: Limit one foe put to sleep
|rule|Species Clause: Limit one of each Pokémon
|rule|OHKO Clause: OHKO moves are banned
|rule|Moody Clause: Moody is banned
|rule|Evasion Moves Clause: Evasion moves are banned
|rule|Endless Battle Clause: Forcing endless battles is banned
|rule|HP Percentage Mod: HP is shown in percentages
|clearpoke
|poke|p1|Simisage, F|item
|poke|p1|Tangela, M|item
|poke|p1|Roselia, F|item
|poke|p1|Lileep, F|item
|poke|p1|Jumpluff, M|
|poke|p1|Sawsbuck, M|item
|poke|p2|Dragonair, M|item
|poke|p2|Glaceon, M|item
|poke|p2|Raichu, M|item
|poke|p2|Combusken, F|item
|poke|p2|Gorebyss, M|item
|poke|p2|Vullaby, F|item
|rule|Swagger Clause: Swagger is banned
|rule|Baton Pass Clause: Limit one Baton Passer, can't pass Spe and other stats simultaneously
|teampreview
|choice|team 1, team 2, team 3, team 4, team 5, team 6|team 1, team 2, team 3, team 4, team 5, team 6
|
|start
|switch|p1a: Simisage|Simisage, F|291\/291
|switch|p2a: Dragonair|Dragonair, M|326\/326
|turn|1
|choice|move knockoff|move dragontail
|
|move|p1a: Simisage|Knock Off|p2a: Dragonair
|-damage|p2a: Dragonair|270\/326
|-enditem|p2a: Dragonair|Eviolite|[from] move: Knock Off|[of] p1a: Simisage
|move|p2a: Dragonair|Dragon Tail|p1a: Simisage
|-damage|p1a: Simisage|200\/291
|drag|p1a: Roselia|Roselia, F|304\/304
|
|upkeep
|turn|2
|choice|move spikes|move dragontail
|
|move|p1a: Roselia|Spikes|p2a: Dragonair
|-sidestart|p2: clemilepipi|Spikes
|move|p2a: Dragonair|Dragon Tail|p1a: Roselia
|-damage|p1a: Roselia|232\/304
|drag|p1a: Sawsbuck|Sawsbuck, M|301\/301
|
|upkeep
|turn|3
|choice|move doubleedge|move dragontail
|
|move|p1a: Sawsbuck|Double-Edge|p2a: Dragonair
|-damage|p2a: Dragonair|38\/326
|-damage|p1a: Sawsbuck|224\/301|[from] Recoil|[of] p2a: Dragonair
|move|p2a: Dragonair|Dragon Tail|p1a: Sawsbuck|[miss]
|-miss|p2a: Dragonair|p1a: Sawsbuck
|
|upkeep
|turn|4
|choice|move doubleedge|move bodyslam
|
|move|p1a: Sawsbuck|Double-Edge|p2a: Dragonair
|-damage|p2a: Dragonair|0 fnt
|-damage|p1a: Sawsbuck|211\/301|[from] Recoil|[of] p2a: Dragonair
|faint|p2a: Dragonair
|
|upkeep
|choice||switch 2
|
|switch|p2a: Glaceon|Glaceon, M|271\/271
|-damage|p2a: Glaceon|238\/271|[from] Spikes
|turn|5
|choice|move doubleedge|move icebeam
|
|move|p1a: Sawsbuck|Double-Edge|p2a: Glaceon
|-damage|p2a: Glaceon|0 fnt
|-damage|p1a: Sawsbuck|132\/301|[from] Recoil|[of] p2a: Glaceon
|faint|p2a: Glaceon
|
|upkeep
|c|☆NotET|ah yes
|c|☆NotET|perfect
|choice||switch 6
|
|switch|p2a: Vullaby|Vullaby, F|281\/281
|turn|6
|choice|switch 3|move bravebird
|
|switch|p1a: Simisage|Simisage, F|200\/291
|move|p2a: Vullaby|Brave Bird|p1a: Simisage
|-supereffective|p1a: Simisage
|-damage|p1a: Simisage|0 fnt
|-damage|p2a: Vullaby|215\/281|[from] Recoil|[of] p1a: Simisage
|faint|p1a: Simisage
|
|upkeep
|choice|switch 4|
|
|switch|p1a: Lileep|Lileep, F|335\/335
|turn|7
|inactive|Battle timer is ON: inactive players will automatically lose when time's up. (requested by NotET)
|choice|move stealthrock|move knockoff
|
|move|p2a: Vullaby|Knock Off|p1a: Lileep
|-damage|p1a: Lileep|272\/335
|-enditem|p1a: Lileep|Eviolite|[from] move: Knock Off|[of] p2a: Vullaby
|move|p1a: Lileep|Stealth Rock|p2a: Vullaby
|-sidestart|p2: clemilepipi|move: Stealth Rock
|
|upkeep
|turn|8
|choice|move ancientpower|move bravebird
|
|move|p2a: Vullaby|Brave Bird|p1a: Lileep
|-damage|p1a: Lileep|164\/335
|-damage|p2a: Vullaby|179\/281|[from] Recoil|[of] p1a: Lileep
|move|p1a: Lileep|Ancient Power|p2a: Vullaby
|-supereffective|p2a: Vullaby
|-damage|p2a: Vullaby|119\/281
|-boost|p1a: Lileep|atk|1
|-boost|p1a: Lileep|def|1
|-boost|p1a: Lileep|spa|1
|-boost|p1a: Lileep|spd|1
|-boost|p1a: Lileep|spe|1
|
|upkeep
|turn|9
|c|☆clemilepipi|joke
|choice|move recover|move toxic
|
|move|p2a: Vullaby|Toxic|p1a: Lileep
|-status|p1a: Lileep|tox
|move|p1a: Lileep|Recover|p1a: Lileep
|-heal|p1a: Lileep|332\/335 tox
|
|-damage|p1a: Lileep|312\/335 tox|[from] psn
|upkeep
|turn|10
|choice|move ancientpower|move roost
|
|move|p2a: Vullaby|Roost|p2a: Vullaby
|-heal|p2a: Vullaby|260\/281
|move|p1a: Lileep|Ancient Power|p2a: Vullaby
|-damage|p2a: Vullaby|212\/281
|
|-damage|p1a: Lileep|272\/335 tox|[from] psn
|upkeep
|turn|11
|c|☆NotET|that vullaby
|c|☆NotET|is a joke
|choice|move ancientpower|move roost
|
|move|p2a: Vullaby|Roost|p2a: Vullaby
|-heal|p2a: Vullaby|281\/281
|move|p1a: Lileep|Ancient Power|p2a: Vullaby
|-damage|p2a: Vullaby|236\/281
|
|-damage|p1a: Lileep|212\/335 tox|[from] psn
|upkeep
|turn|12
|choice|move ancientpower|move roost
|
|move|p2a: Vullaby|Roost|p2a: Vullaby
|-heal|p2a: Vullaby|281\/281
|move|p1a: Lileep|Ancient Power|p2a: Vullaby
|-damage|p2a: Vullaby|238\/281
|
|-damage|p1a: Lileep|132\/335 tox|[from] psn
|upkeep
|turn|13
|choice|move ancientpower|move roost
|
|move|p2a: Vullaby|Roost|p2a: Vullaby
|-heal|p2a: Vullaby|281\/281
|move|p1a: Lileep|Ancient Power|p2a: Vullaby
|-crit|p2a: Vullaby
|-damage|p2a: Vullaby|206\/281
|
|-damage|p1a: Lileep|32\/335 tox|[from] psn
|upkeep
|turn|14
|choice|move ancientpower|move roost
|
|move|p2a: Vullaby|Roost|p2a: Vullaby
|-heal|p2a: Vullaby|281\/281
|move|p1a: Lileep|Ancient Power|p2a: Vullaby
|-damage|p2a: Vullaby|235\/281
|
|-damage|p1a: Lileep|0 fnt|[from] psn
|upkeep
|faint|p1a: Lileep
|choice|switch 2|
|
|switch|p1a: Tangela|Tangela, M|334\/334
|turn|15
|choice|move knockoff|move bravebird
|
|move|p2a: Vullaby|Brave Bird|p1a: Tangela
|-supereffective|p1a: Tangela
|-damage|p1a: Tangela|250\/334
|-damage|p2a: Vullaby|207\/281|[from] Recoil|[of] p1a: Tangela
|move|p1a: Tangela|Knock Off|p2a: Vullaby
|-resisted|p2a: Vullaby
|-damage|p2a: Vullaby|195\/281
|-ability|p2a: Vullaby|Weak Armor|boost
|-unboost|p2a: Vullaby|def|1
|-boost|p2a: Vullaby|spe|1
|-enditem|p2a: Vullaby|Eviolite|[from] move: Knock Off|[of] p1a: Tangela
|
|upkeep
|turn|16
|choice|switch 6|move knockoff
|
|switch|p1a: Roselia|Roselia, F|232\/304
|move|p2a: Vullaby|Knock Off|p1a: Roselia
|-damage|p1a: Roselia|136\/304
|-enditem|p1a: Roselia|Eviolite|[from] move: Knock Off|[of] p2a: Vullaby
|
|upkeep
|turn|17
|choice|move sludgebomb|move bravebird
|
|move|p2a: Vullaby|Brave Bird|p1a: Roselia
|-supereffective|p1a: Roselia
|-damage|p1a: Roselia|0 fnt
|-damage|p2a: Vullaby|150\/281|[from] Recoil|[of] p1a: Roselia
|faint|p1a: Roselia
|
|upkeep
|choice|switch 5|
|
|switch|p1a: Jumpluff|Jumpluff, M|291\/291
|turn|18
|choice|move sleeppowder|move knockoff
|
|move|p1a: Jumpluff|Sleep Powder|p2a: Vullaby
|-status|p2a: Vullaby|slp
|cant|p2a: Vullaby|slp
|
|upkeep
|turn|19
|choice|move swordsdance|switch 3
|
|switch|p2a: Raichu|Raichu, M|261\/261
|-damage|p2a: Raichu|229\/261|[from] Spikes
|-damage|p2a: Raichu|197\/261|[from] Stealth Rock
|move|p1a: Jumpluff|Swords Dance|p1a: Jumpluff
|-boost|p1a: Jumpluff|atk|2
|
|upkeep
|turn|20
|choice|move seedbomb|move volttackle
|
|move|p1a: Jumpluff|Seed Bomb|p2a: Raichu
|-damage|p2a: Raichu|0 fnt
|faint|p2a: Raichu
|
|upkeep
|c|☆NotET|and so it all comes down to this
|choice||switch 4
|
|switch|p2a: Combusken|Combusken, F|262\/262
|-damage|p2a: Combusken|230\/262|[from] Spikes
|-damage|p2a: Combusken|198\/262|[from] Stealth Rock
|turn|21
|choice|move acrobatics|move flareblitz
|
|move|p1a: Jumpluff|Acrobatics|p2a: Combusken
|-supereffective|p2a: Combusken
|-damage|p2a: Combusken|0 fnt
|faint|p2a: Combusken
|
|upkeep
|-message|clemilepipi forfeited.
|
|win|NotET
|l|clemilepipi</script>
</div>
<div class="battle-log battle-log-inline"><div class="inner"><div class="battle-options"></div><div class="inner"><div class="chat"><small>NotET joined.</small></div><div class="chat"><small>clemilepipi joined.</small></div><div class=""><small>Format:</small> <br><strong>PU</strong></div><div class="rated"><strong>Rated battle</strong></div><div class=""><small><em>Sleep Clause Mod:</em> Limit one foe put to sleep</small></div><div class=""><small><em>Species Clause:</em> Limit one of each Pokémon</small></div><div class=""><small><em>OHKO Clause:</em> OHKO moves are banned</small></div><div class=""><small><em>Moody Clause:</em> Moody is banned</small></div><div class=""><small><em>Evasion Moves Clause:</em> Evasion moves are banned</small></div><div class=""><small><em>Endless Battle Clause:</em> Forcing endless battles is banned</small></div><div class=""><small><em>HP Percentage Mod:</em> HP is shown in percentages</small></div><div class=""><small><em>Swagger Clause:</em> Swagger is banned</small></div><div class=""><small><em>Baton Pass Clause:</em> Limit one Baton Passer, can't pass Spe and other stats simultaneously</small></div><div class="chat battle-history"><strong>NotET's team:</strong> <em style="color:#445566;display:block;">Simisage / Tangela / Roselia / Lileep / Jumpluff / Sawsbuck</em></div><div class="chat battle-history"><strong>clemilepipi's team:</strong> <em style="color:#445566;display:block;">Dragonair / Glaceon / Raichu / Combusken / Gorebyss / Vullaby</em></div><div class="spacer battle-history"><br></div><div class="battle-history">Battle started between NotET and clemilepipi!<br></div><div class="spacer battle-history"><br></div><div class="battle-history">Go! <strong>Simisage</strong>!<br></div><div class="spacer battle-history"><br></div><div class="battle-history">clemilepipi sent out <strong>Dragonair</strong>!<br></div><div class="spacer battle-history"><br></div><h2 class="battle-history">Turn 1</h2><div class="spacer battle-history"><br></div><div class="battle-history">Simisage used <strong>Knock Off</strong>!<br></div><div class="battle-history"><small>(The opposing Dragonair lost <abbr title="−56/326">17.2%</abbr> of its health!)</small><br></div><div class="battle-history"><small>Simisage knocked off the opposing Dragonair's Eviolite!</small><br></div><div class="spacer battle-history"><br></div><div class="battle-history">The opposing Dragonair used <strong>Dragon Tail</strong>!<br></div><div class="battle-history"><small>(Simisage lost <abbr title="−91/291">31.3%</abbr> of its health!)</small><br></div><div class="spacer battle-history"><br></div><div class="battle-history"><strong>Roselia</strong> was dragged out!<br></div><div class="spacer battle-history"><br></div><h2 class="battle-history">Turn 2</h2><div class="spacer battle-history"><br></div><div class="battle-history">Roselia used <strong>Spikes</strong>!<br></div><div class="battle-history"><small>Spikes were scattered on the ground all around the opposing team!</small><br></div><div class="spacer battle-history"><br></div><div class="battle-history">The opposing Dragonair used <strong>Dragon Tail</strong>!<br></div><div class="battle-history"><small>(Roselia lost <abbr title="−72/304">23.7%</abbr> of its health!)</small><br></div><div class="spacer battle-history"><br></div><div class="battle-history"><strong>Sawsbuck</strong> was dragged out!<br></div><div class="spacer battle-history"><br></div><h2 class="battle-history">Turn 3</h2><div class="spacer battle-history"><br></div><div class="battle-history">Sawsbuck used <strong>Double-Edge</strong>!<br></div><div class="battle-history"><small>(The opposing Dragonair lost <abbr title="−232/326">71.2%</abbr> of its health!)</small><br></div><div class="battle-history"><small>Sawsbuck is damaged by the recoil!</small><br></div><div class="spacer battle-history"><br></div><div class="battle-history">The opposing Dragonair used <strong>Dragon Tail</strong>!<br></div><div class="battle-history"><small>Sawsbuck avoided the attack!</small><br></div><div class="spacer battle-history"><br></div><h2 class="battle-history">Turn 4</h2><div class="spacer battle-history"><br></div><div class="battle-history">Sawsbuck used <strong>Double-Edge</strong>!<br></div><div class="battle-history"><small>(The opposing Dragonair lost <abbr title="−38/326">11.7%</abbr> of its health!)</small><br></div><div class="battle-history"><small>Sawsbuck is damaged by the recoil!</small><br></div><div class="spacer battle-history"><br></div><div class="battle-history">The opposing Dragonair fainted!<br></div><div class="spacer battle-history"><br></div><div class="battle-history">clemilepipi sent out <strong>Glaceon</strong>!<br></div><div class="battle-history"><small>The opposing Glaceon is hurt by the spikes!</small><br></div><div class="spacer battle-history"><br></div><h2 class="battle-history">Turn 5</h2><div class="spacer battle-history"><br></div><div class="battle-history">Sawsbuck used <strong>Double-Edge</strong>!<br></div><div class="battle-history"><small>(The opposing Glaceon lost <abbr title="−238/271">87.8%</abbr> of its health!)</small><br></div><div class="battle-history"><small>Sawsbuck is damaged by the recoil!</small><br></div><div class="spacer battle-history"><br></div><div class="battle-history">The opposing Glaceon fainted!<br></div><div class="chat chatmessage-notet"><strong style="color:hsl(2,41%,52.47424994334579%)"><small>☆</small><span class="username" data-name="NotET">NotET</span>:</strong> <em>ah yes</em></div><div class="chat chatmessage-notet"><strong style="color:hsl(2,41%,52.47424994334579%)"><small>☆</small><span class="username" data-name="NotET">NotET</span>:</strong> <em>perfect</em></div><div class="spacer battle-history"><br></div><div class="battle-history">clemilepipi sent out <strong>Vullaby</strong>!<br></div><div class="spacer battle-history"><br></div><h2 class="battle-history">Turn 6</h2><div class="spacer battle-history"><br></div><div class="battle-history">Sawsbuck, come back!<br></div><div class="battle-history">Go! <strong>Simisage</strong>!<br></div><div class="spacer battle-history"><br></div><div class="battle-history">The opposing Vullaby used <strong>Brave Bird</strong>!<br></div><div class="battle-history"><small>It's super effective!</small><br></div><div class="battle-history"><small>(Simisage lost <abbr title="−200/291">68.7%</abbr> of its health!)</small><br></div><div class="battle-history"><small>The opposing Vullaby is damaged by the recoil!</small><br></div><div class="spacer battle-history"><br></div><div class="battle-history">Simisage fainted!<br></div><div class="spacer battle-history"><br></div><div class="battle-history">Go! <strong>Lileep</strong>!<br></div><div class="spacer battle-history"><br></div><h2 class="battle-history">Turn 7</h2><div class="chat message-error">Battle timer is ON: inactive players will automatically lose when time's up. (requested by NotET)</div><div class="spacer battle-history"><br></div><div class="battle-history">The opposing Vullaby used <strong>Knock Off</strong>!<br></div><div class="battle-history"><small>(Lileep lost <abbr title="−63/335">18.8%</abbr> of its health!)</small><br></div><div class="battle-history"><small>The opposing Vullaby knocked off Lileep's Eviolite!</small><br></div><div class="spacer battle-history"><br></div><div class="battle-history">Lileep used <strong>Stealth Rock</strong>!<br></div><div class="battle-history"><small>Pointed stones float in the air around the opposing team!</small><br></div><div class="spacer battle-history"><br></div><h2 class="battle-history">Turn 8</h2><div class="spacer battle-history"><br></div><div class="battle-history">The opposing Vullaby used <strong>Brave Bird</strong>!<br></div><div class="battle-history"><small>(Lileep lost <abbr title="−108/335">32.2%</abbr> of its health!)</small><br></div><div class="battle-history"><small>The opposing Vullaby is damaged by the recoil!</small><br></div><div class="spacer battle-history"><br></div><div class="battle-history">Lileep used <strong>Ancient Power</strong>!<br></div><div class="battle-history"><small>It's super effective!</small><br></div><div class="battle-history"><small>(The opposing Vullaby lost <abbr title="−60/281">21.4%</abbr> of its health!)</small><br></div><div class="battle-history"><small>Lileep's Attack rose!</small><br></div><div class="battle-history"><small>Lileep's Defense rose!</small><br></div><div class="battle-history"><small>Lileep's Special Attack rose!</small><br></div><div class="battle-history"><small>Lileep's Special Defense rose!</small><br></div><div class="battle-history"><small>Lileep's Speed rose!</small><br></div><div class="spacer battle-history"><br></div><h2 class="battle-history">Turn 9</h2><div class="chat chatmessage-clemilepipi"><strong style="color:hsl(291,60%,49.374617952115216%)"><small>☆</small><span class="username" data-name="clemilepipi">clemilepipi</span>:</strong> <em>joke</em></div><div class="spacer battle-history"><br></div><div class="battle-history">The opposing Vullaby used <strong>Toxic</strong>!<br></div><div class="battle-history"><small>Lileep was badly poisoned!</small><br></div><div class="spacer battle-history"><br></div><div class="battle-history">Lileep used <strong>Recover</strong>!<br></div><div class="battle-history"><small>Lileep restored its HP.</small><br></div><div class="spacer battle-history"><br></div><div class="battle-history"><small>Lileep was hurt by poison!</small><br></div><div class="spacer battle-history"><br></div><h2 class="battle-history">Turn 10</h2><div class="spacer battle-history"><br></div><div class="battle-history">The opposing Vullaby used <strong>Roost</strong>!<br></div><div class="battle-history"><small>The opposing Vullaby restored its HP.</small><br></div><div class="spacer battle-history"><br></div><div class="battle-history">Lileep used <strong>Ancient Power</strong>!<br></div><div class="battle-history"><small>(The opposing Vullaby lost <abbr title="−48/281">17.1%</abbr> of its health!)</small><br></div><div class="spacer battle-history"><br></div><div class="battle-history"><small>Lileep was hurt by poison!</small><br></div><div class="spacer battle-history"><br></div><h2 class="battle-history">Turn 11</h2><div class="chat chatmessage-notet"><strong style="color:hsl(2,41%,52.47424994334579%)"><small>☆</small><span class="username" data-name="NotET">NotET</span>:</strong> <em>that vullaby</em></div><div class="chat chatmessage-notet"><strong style="color:hsl(2,41%,52.47424994334579%)"><small>☆</small><span class="username" data-name="NotET">NotET</span>:</strong> <em>is a joke</em></div><div class="spacer battle-history"><br></div><div class="battle-history">The opposing Vullaby used <strong>Roost</strong>!<br></div><div class="battle-history"><small>The opposing Vullaby restored its HP.</small><br></div><div class="spacer battle-history"><br></div><div class="battle-history">Lileep used <strong>Ancient Power</strong>!<br></div><div class="battle-history"><small>(The opposing Vullaby lost <abbr title="−45/281">16.0%</abbr> of its health!)</small><br></div><div class="spacer battle-history"><br></div><div class="battle-history"><small>Lileep was hurt by poison!</small><br></div><div class="spacer battle-history"><br></div><h2 class="battle-history">Turn 12</h2><div class="spacer battle-history"><br></div><div class="battle-history">The opposing Vullaby used <strong>Roost</strong>!<br></div><div class="battle-history"><small>The opposing Vullaby restored its HP.</small><br></div><div class="spacer battle-history"><br></div><div class="battle-history">Lileep used <strong>Ancient Power</strong>!<br></div><div class="battle-history"><small>(The opposing Vullaby lost <abbr title="−43/281">15.3%</abbr> of its health!)</small><br></div><div class="spacer battle-history"><br></div><div class="battle-history"><small>Lileep was hurt by poison!</small><br></div><div class="spacer battle-history"><br></div><h2 class="battle-history">Turn 13</h2><div class="spacer battle-history"><br></div><div class="battle-history">The opposing Vullaby used <strong>Roost</strong>!<br></div><div class="battle-history"><small>The opposing Vullaby restored its HP.</small><br></div><div class="spacer battle-history"><br></div><div class="battle-history">Lileep used <strong>Ancient Power</strong>!<br></div><div class="battle-history"><small>A critical hit!</small><br></div><div class="battle-history"><small>(The opposing Vullaby lost <abbr title="−75/281">26.7%</abbr> of its health!)</small><br></div><div class="spacer battle-history"><br></div><div class="battle-history"><small>Lileep was hurt by poison!</small><br></div><div class="spacer battle-history"><br></div><h2 class="battle-history">Turn 14</h2><div class="spacer battle-history"><br></div><div class="battle-history">The opposing Vullaby used <strong>Roost</strong>!<br></div><div class="battle-history"><small>The opposing Vullaby restored its HP.</small><br></div><div class="spacer battle-history"><br></div><div class="battle-history">Lileep used <strong>Ancient Power</strong>!<br></div><div class="battle-history"><small>(The opposing Vullaby lost <abbr title="−46/281">16.4%</abbr> of its health!)</small><br></div><div class="spacer battle-history"><br></div><div class="battle-history"><small>Lileep was hurt by poison!</small><br></div><div class="spacer battle-history"><br></div><div class="battle-history">Lileep fainted!<br></div><div class="spacer battle-history"><br></div><div class="battle-history">Go! <strong>Tangela</strong>!<br></div><div class="spacer battle-history"><br></div><h2 class="battle-history">Turn 15</h2><div class="spacer battle-history"><br></div><div class="battle-history">The opposing Vullaby used <strong>Brave Bird</strong>!<br></div><div class="battle-history"><small>It's super effective!</small><br></div><div class="battle-history"><small>(Tangela lost <abbr title="−84/334">25.1%</abbr> of its health!)</small><br></div><div class="battle-history"><small>The opposing Vullaby is damaged by the recoil!</small><br></div><div class="spacer battle-history"><br></div><div class="battle-history">Tangela used <strong>Knock Off</strong>!<br></div><div class="battle-history"><small>It's not very effective...</small><br></div><div class="battle-history"><small>(The opposing Vullaby lost <abbr title="−12/281">4.3%</abbr> of its health!)</small><br></div><div class="battle-history"><small>[The opposing Vullaby's Weak Armor]</small><br></div><div class="battle-history"><small>The opposing Vullaby's Defense fell!</small><br></div><div class="battle-history"><small>The opposing Vullaby's Speed rose!</small><br></div><div class="battle-history"><small>Tangela knocked off the opposing Vullaby's Eviolite!</small><br></div><div class="spacer battle-history"><br></div><h2 class="battle-history">Turn 16</h2><div class="spacer battle-history"><br></div><div class="battle-history">Tangela, come back!<br></div><div class="battle-history">Go! <strong>Roselia</strong>!<br></div><div class="spacer battle-history"><br></div><div class="battle-history">The opposing Vullaby used <strong>Knock Off</strong>!<br></div><div class="battle-history"><small>(Roselia lost <abbr title="−96/304">31.6%</abbr> of its health!)</small><br></div><div class="battle-history"><small>The opposing Vullaby knocked off Roselia's Eviolite!</small><br></div><div class="spacer battle-history"><br></div><h2 class="battle-history">Turn 17</h2><div class="spacer battle-history"><br></div><div class="battle-history">The opposing Vullaby used <strong>Brave Bird</strong>!<br></div><div class="battle-history"><small>It's super effective!</small><br></div><div class="battle-history"><small>(Roselia lost <abbr title="−136/304">44.7%</abbr> of its health!)</small><br></div><div class="battle-history"><small>The opposing Vullaby is damaged by the recoil!</small><br></div><div class="spacer battle-history"><br></div><div class="battle-history">Roselia fainted!<br></div><div class="spacer battle-history"><br></div><div class="battle-history">Go! <strong>Jumpluff</strong>!<br></div><div class="spacer battle-history"><br></div><h2 class="battle-history">Turn 18</h2><div class="spacer battle-history"><br></div><div class="battle-history">Jumpluff used <strong>Sleep Powder</strong>!<br></div><div class="battle-history"><small>The opposing Vullaby fell asleep!</small><br></div><div class="spacer battle-history"><br></div><div class="battle-history">The opposing Vullaby is fast asleep.<br></div><div class="spacer battle-history"><br></div><h2 class="battle-history">Turn 19</h2><div class="spacer battle-history"><br></div><div class="battle-history">clemilepipi withdrew Vullaby!<br></div><div class="battle-history">clemilepipi sent out <strong>Raichu</strong>!<br></div><div class="battle-history"><small>The opposing Raichu is hurt by the spikes!</small><br></div><div class="battle-history"><small>Pointed stones dug into the opposing Raichu!</small><br></div><div class="spacer battle-history"><br></div><div class="battle-history">Jumpluff used <strong>Swords Dance</strong>!<br></div><div class="battle-history"><small>Jumpluff's Attack rose sharply!</small><br></div><div class="spacer battle-history"><br></div><h2 class="battle-history">Turn 20</h2><div class="spacer battle-history"><br></div><div class="battle-history">Jumpluff used <strong>Seed Bomb</strong>!<br></div><div class="battle-history"><small>(The opposing Raichu lost <abbr title="−197/261">75.5%</abbr> of its health!)</small><br></div><div class="spacer battle-history"><br></div><div class="battle-history">The opposing Raichu fainted!<br></div><div class="chat chatmessage-notet"><strong style="color:hsl(2,41%,52.47424994334579%)"><small>☆</small><span class="username" data-name="NotET">NotET</span>:</strong> <em>and so it all comes down to this</em></div><div class="spacer battle-history"><br></div><div class="battle-history">clemilepipi sent out <strong>Combusken</strong>!<br></div><div class="battle-history"><small>The opposing Combusken is hurt by the spikes!</small><br></div><div class="battle-history"><small>Pointed stones dug into the opposing Combusken!</small><br></div><div class="spacer battle-history"><br></div><h2 class="battle-history">Turn 21</h2><div class="spacer battle-history"><br></div><div class="battle-history">Jumpluff used <strong>Acrobatics</strong>!<br></div><div class="battle-history"><small>It's super effective!</small><br></div><div class="battle-history"><small>(The opposing Combusken lost <abbr title="−198/262">75.6%</abbr> of its health!)</small><br></div><div class="spacer battle-history"><br></div><div class="battle-history">The opposing Combusken fainted!<br></div><div class="spacer battle-history"><br></div><div class="battle-history"><small>clemilepipi forfeited.</small><br></div><div class="spacer battle-history"><br></div><div class="battle-history"><strong>NotET</strong> won the battle!<br></div><div class="chat"><small>clemilepipi left.</small></div></div><div class="inner-preempt"></div></div></div>
</div>
<script>
let daily = Math.floor(Date.now()/1000/60/60/24);document.write('<script src="https://play.pokemonshowdown.com/js/replay-embed.js?version'+daily+'"></'+'script>');
</script>
