<!DOCTYPE html>
<meta charset="utf-8" />
<!-- version 1 -->
<title>PU replay: Gymlead11b vs. masterdre</title>
<style>
html,body {font-family:Verdana, sans-serif;font-size:10pt;margin:0;padding:0;}body{padding:12px 0;} .battle-log {font-family:Verdana, sans-serif;font-size:10pt;} .battle-log-inline {border:1px solid #AAAAAA;background:#EEF2F5;color:black;max-width:640px;margin:0 auto 80px;padding-bottom:5px;} .battle-log .inner {padding:4px 8px 0px 8px;} .battle-log .inner-preempt {padding:0 8px 4px 8px;} .battle-log .inner-after {margin-top:0.5em;} .battle-log h2 {margin:0.5em -8px;padding:4px 8px;border:1px solid #AAAAAA;background:#E0E7EA;border-left:0;border-right:0;font-family:Verdana, sans-serif;font-size:13pt;} .battle-log .chat {vertical-align:middle;padding:3px 0 3px 0;font-size:8pt;} .battle-log .chat strong {color:#40576A;} .battle-log .chat em {padding:1px 4px 1px 3px;color:#000000;font-style:normal;} .chat.mine {background:rgba(0,0,0,0.05);margin-left:-8px;margin-right:-8px;padding-left:8px;padding-right:8px;} .spoiler {color:#BBBBBB;background:#BBBBBB;padding:0px 3px;} .spoiler:hover, .spoiler:active, .spoiler-shown {color:#000000;background:#E2E2E2;padding:0px 3px;} .spoiler a {color:#BBBBBB;} .spoiler:hover a, .spoiler:active a, .spoiler-shown a {color:#2288CC;} .chat code, .chat .spoiler:hover code, .chat .spoiler:active code, .chat .spoiler-shown code {border:1px solid #C0C0C0;background:#EEEEEE;color:black;padding:0 2px;} .chat .spoiler code {border:1px solid #CCCCCC;background:#CCCCCC;color:#CCCCCC;} .battle-log .rated {padding:3px 4px;} .battle-log .rated strong {color:white;background:#89A;padding:1px 4px;border-radius:4px;} .spacer {margin-top:0.5em;} .message-announce {background:#6688AA;color:white;padding:1px 4px 2px;} .message-announce a, .broadcast-green a, .broadcast-blue a, .broadcast-red a {color:#DDEEFF;} .broadcast-green {background-color:#559955;color:white;padding:2px 4px;} .broadcast-blue {background-color:#6688AA;color:white;padding:2px 4px;} .infobox {border:1px solid #6688AA;padding:2px 4px;} .infobox-limited {max-height:200px;overflow:auto;overflow-x:hidden;} .broadcast-red {background-color:#AA5544;color:white;padding:2px 4px;} .message-learn-canlearn {font-weight:bold;color:#228822;text-decoration:underline;} .message-learn-cannotlearn {font-weight:bold;color:#CC2222;text-decoration:underline;} .message-effect-weak {font-weight:bold;color:#CC2222;} .message-effect-resist {font-weight:bold;color:#6688AA;} .message-effect-immune {font-weight:bold;color:#666666;} .message-learn-list {margin-top:0;margin-bottom:0;} .message-throttle-notice, .message-error {color:#992222;} .message-overflow, .chat small.message-overflow {font-size:0pt;} .message-overflow::before {font-size:9pt;content:'...';} .subtle {color:#3A4A66;}
</style>
<div class="wrapper replay-wrapper" style="max-width:1180px;margin:0 auto">
<input type="hidden" name="replayid" value="pu-575711664" />
<div class="battle"></div><div class="battle-log"></div><div class="replay-controls"></div><div class="replay-controls-2"></div>
<h1 style="font-weight:normal;text-align:center"><strong>PU</strong><br /><a href="http://pokemonshowdown.com/users/gymlead11b" class="subtle" target="_blank">Gymlead11b</a> vs. <a href="http://pokemonshowdown.com/users/masterdre" class="subtle" target="_blank">masterdre</a></h1>
<script type="text/plain" class="battle-log-data">|j|Gymlead11b
|j|masterdre
|player|p1|Gymlead11b|189
|player|p2|masterdre|161
|gametype|singles
|gen|6
|tier|PU
|rated
|seed|45334,15443,48278,29023
|rule|Sleep Clause Mod: Limit one foe put to sleep
|rule|Species Clause: Limit one of each Pokémon
|rule|OHKO Clause: OHKO moves are banned
|rule|Moody Clause: Moody is banned
|rule|Evasion Moves Clause: Evasion moves are banned
|rule|Endless Battle Clause: Forcing endless battles is banned
|rule|HP Percentage Mod: HP is shown in percentages
|clearpoke
|poke|p1|Altaria, M|item
|poke|p1|Carnivine, F|item
|poke|p1|Floatzel, M|item
|poke|p1|Huntail, M|item
|poke|p1|Mawile, M|item
|poke|p1|Drifblim, F|item
|poke|p2|Regigigas|item
|poke|p2|Shelgon, M|item
|poke|p2|Kadabra, M|item
|poke|p2|Lapras, F|item
|poke|p2|Flareon, F|item
|poke|p2|Gogoat, F|item
|rule|Swagger Clause: Swagger is banned
|rule|Baton Pass Clause: Limit one Baton Passer, can't pass Spe and other stats simultaneously
|teampreview
|inactive|Battle timer is ON: inactive players will automatically lose when time's up. (requested by Gymlead11b)
|choice|team 5, team 2, team 3, team 4, team 1, team 6|team 3, team 2, team 1, team 4, team 5, team 6
|
|start
|switch|p1a: Mawile|Mawile, M|304\/304
|switch|p2a: Kadabra|Kadabra, M|221\/221
|-ability|p1a: Mawile|Intimidate|boost
|-unboost|p2a: Kadabra|atk|1
|turn|1
|choice|move knockoff|move shadowball
|
|move|p2a: Kadabra|Shadow Ball|p1a: Mawile
|-damage|p1a: Mawile|152\/304
|move|p1a: Mawile|Knock Off|p2a: Kadabra
|-supereffective|p2a: Kadabra
|-enditem|p2a: Kadabra|Focus Sash
|-damage|p2a: Kadabra|1\/221
|
|-heal|p1a: Mawile|171\/304|[from] item: Leftovers
|upkeep
|turn|2
|choice|move knockoff|move shadowball
|
|move|p2a: Kadabra|Shadow Ball|p1a: Mawile
|-damage|p1a: Mawile|26\/304
|move|p1a: Mawile|Knock Off|p2a: Kadabra
|-supereffective|p2a: Kadabra
|-damage|p2a: Kadabra|0 fnt
|faint|p2a: Kadabra
|
|-heal|p1a: Mawile|45\/304|[from] item: Leftovers
|upkeep
|choice||switch 5
|
|switch|p2a: Flareon|Flareon, F|271\/271
|turn|3
|choice|move stealthrock|move flareblitz
|
|move|p2a: Flareon|Flare Blitz|p1a: Mawile
|-supereffective|p1a: Mawile
|-damage|p1a: Mawile|0 fnt
|-damage|p2a: Flareon|256\/271|[from] Recoil|[of] p1a: Mawile
|faint|p1a: Mawile
|
|upkeep
|choice|switch 3|
|
|switch|p1a: Floatzel|Floatzel, M|311\/311
|turn|4
|choice|move surf|switch 4
|
|switch|p2a: Lapras|Lapras, F|464\/464
|move|p1a: Floatzel|Surf|p2a: Lapras
|-resisted|p2a: Lapras
|-damage|p2a: Lapras|390\/464
|-damage|p1a: Floatzel|280\/311|[from] item: Life Orb
|
|-heal|p2a: Lapras|419\/464|[from] item: Leftovers
|upkeep
|turn|5
|choice|move hiddenpower|move freezedry
|
|move|p1a: Floatzel|Hidden Power|p2a: Lapras
|-supereffective|p2a: Lapras
|-damage|p2a: Lapras|271\/464
|-damage|p1a: Floatzel|249\/311|[from] item: Life Orb
|move|p2a: Lapras|Freeze-Dry|p1a: Floatzel
|-supereffective|p1a: Floatzel
|-damage|p1a: Floatzel|0 fnt
|faint|p1a: Floatzel
|
|-heal|p2a: Lapras|300\/464|[from] item: Leftovers
|upkeep
|choice|switch 2|
|
|switch|p1a: Carnivine|Carnivine, F|336\/336
|turn|6
|choice|move powerwhip|move freezedry
|
|move|p2a: Lapras|Freeze-Dry|p1a: Carnivine
|-supereffective|p1a: Carnivine
|-damage|p1a: Carnivine|78\/336
|move|p1a: Carnivine|Power Whip|p2a: Lapras
|-supereffective|p2a: Lapras
|-damage|p2a: Lapras|0 fnt
|faint|p2a: Lapras
|
|upkeep
|choice||switch 4
|
|switch|p2a: Flareon|Flareon, F|256\/271
|turn|7
|choice|move knockoff|move flareblitz
|
|move|p2a: Flareon|Flare Blitz|p1a: Carnivine
|-supereffective|p1a: Carnivine
|-damage|p1a: Carnivine|0 fnt
|-damage|p2a: Flareon|230\/271|[from] Recoil|[of] p1a: Carnivine
|faint|p1a: Carnivine
|
|upkeep
|choice|switch 4|
|
|switch|p1a: Huntail|Huntail, M|251\/251
|turn|8
|choice|move waterfall|switch 6
|
|switch|p2a: Gogoat|Gogoat, F|450\/450
|move|p1a: Huntail|Waterfall|p2a: Gogoat
|-resisted|p2a: Gogoat
|-damage|p2a: Gogoat|353\/450
|
|upkeep
|turn|9
|choice|move icebeam|move hornleech
|
|move|p1a: Huntail|Ice Beam|p2a: Gogoat
|-supereffective|p2a: Gogoat
|-damage|p2a: Gogoat|237\/450
|-status|p2a: Gogoat|frz
|-curestatus|p2a: Gogoat|frz|[msg]
|move|p2a: Gogoat|Horn Leech|p1a: Huntail
|-supereffective|p1a: Huntail
|-crit|p1a: Huntail
|-damage|p1a: Huntail|0 fnt
|-heal|p2a: Gogoat|363\/450|[from] drain|[of] p1a: Huntail
|faint|p1a: Huntail
|
|upkeep
|choice|switch 5|
|
|switch|p1a: Altaria|Altaria, M|353\/353
|turn|10
|choice|move flamethrower|move wildcharge
|
|move|p1a: Altaria|Flamethrower|p2a: Gogoat
|-supereffective|p2a: Gogoat
|-damage|p2a: Gogoat|281\/450
|move|p2a: Gogoat|Wild Charge|p1a: Altaria
|-damage|p1a: Altaria|274\/353
|-damage|p2a: Gogoat|261\/450|[from] Recoil|[of] p1a: Altaria
|
|-heal|p1a: Altaria|296\/353|[from] item: Leftovers
|upkeep
|turn|11
|choice|move flamethrower|move zenheadbutt
|
|move|p1a: Altaria|Flamethrower|p2a: Gogoat
|-supereffective|p2a: Gogoat
|-damage|p2a: Gogoat|171\/450
|-status|p2a: Gogoat|brn
|move|p2a: Gogoat|Zen Headbutt|p1a: Altaria
|-damage|p1a: Altaria|261\/353
|
|-heal|p1a: Altaria|283\/353|[from] item: Leftovers
|-damage|p2a: Gogoat|115\/450 brn|[from] brn
|upkeep
|turn|12
|choice|move flamethrower|move zenheadbutt
|
|move|p1a: Altaria|Flamethrower|p2a: Gogoat
|-supereffective|p2a: Gogoat
|-damage|p2a: Gogoat|29\/450 brn
|move|p2a: Gogoat|Zen Headbutt|p1a: Altaria
|-damage|p1a: Altaria|245\/353
|
|-heal|p1a: Altaria|267\/353|[from] item: Leftovers
|-damage|p2a: Gogoat|0 fnt|[from] brn
|upkeep
|faint|p2a: Gogoat
|choice||switch 2
|
|switch|p2a: Shelgon|Shelgon, M|334\/334
|turn|13
|choice|move dragonpulse|move dragonclaw
|
|move|p1a: Altaria|Dragon Pulse|p2a: Shelgon
|-supereffective|p2a: Shelgon
|-damage|p2a: Shelgon|172\/334
|move|p2a: Shelgon|Dragon Claw|p1a: Altaria
|-supereffective|p1a: Altaria
|-damage|p1a: Altaria|57\/353
|
|-heal|p1a: Altaria|79\/353|[from] item: Leftovers
|upkeep
|turn|14
|choice|move dragonpulse|move dragonclaw
|
|move|p1a: Altaria|Dragon Pulse|p2a: Shelgon
|-supereffective|p2a: Shelgon
|-damage|p2a: Shelgon|0 fnt
|faint|p2a: Shelgon
|
|-heal|p1a: Altaria|101\/353|[from] item: Leftovers
|upkeep
|choice||switch 6
|
|switch|p2a: Flareon|Flareon, F|230\/271
|turn|15
|choice|move dragonpulse|move flareblitz
|
|move|p2a: Flareon|Flare Blitz|p1a: Altaria
|-resisted|p1a: Altaria
|-damage|p1a: Altaria|9\/353
|-damage|p2a: Flareon|200\/271|[from] Recoil|[of] p1a: Altaria
|move|p1a: Altaria|Dragon Pulse|p2a: Flareon
|-damage|p2a: Flareon|127\/271
|
|-heal|p1a: Altaria|31\/353|[from] item: Leftovers
|upkeep
|turn|16
|choice|move dragonpulse|move flareblitz
|
|move|p2a: Flareon|Flare Blitz|p1a: Altaria
|-resisted|p1a: Altaria
|-damage|p1a: Altaria|0 fnt
|-damage|p2a: Flareon|117\/271|[from] Recoil|[of] p1a: Altaria
|faint|p1a: Altaria
|
|upkeep
|choice|switch 6|
|
|switch|p1a: Drifblim|Drifblim, F|444\/444
|turn|17
|c|☆Gymlead11b|wtf cry
|choice|move acrobatics|move flareblitz
|
|move|p2a: Flareon|Flare Blitz|p1a: Drifblim
|-damage|p1a: Drifblim|29\/444
|-damage|p2a: Flareon|0 fnt|[from] Recoil|[of] p1a: Drifblim
|-enditem|p1a: Drifblim|Liechi Berry|[eat]
|-boost|p1a: Drifblim|atk|1
|faint|p2a: Flareon
|move|p1a: Drifblim|Acrobatics|p2: Flareon|[notarget]
|-notarget
|
|upkeep
|choice||switch 3
|
|switch|p2a: Regigigas|Regigigas|423\/423
|-start|p2a: Regigigas|ability: Slow Start
|turn|18
|choice|move acrobatics|move knockoff
|
|move|p1a: Drifblim|Acrobatics|p2a: Regigigas
|-damage|p2a: Regigigas|212\/423
|move|p2a: Regigigas|Knock Off|p1a: Drifblim
|-supereffective|p1a: Drifblim
|-damage|p1a: Drifblim|0 fnt
|faint|p1a: Drifblim
|
|win|masterdre
|raw|Gymlead11b's rating: 1088 &rarr; <strong>1059<\/strong><br \/>(-29 for losing)
|raw|masterdre's rating: 1000 &rarr; <strong>1050<\/strong><br \/>(+50 for winning)
|l|masterdre</script>
</div>
<div class="battle-log battle-log-inline"><div class="inner"><div class="battle-options"></div><div class="inner"><div class="chat"><small>Gymlead11b joined.</small></div><div class="chat"><small>masterdre joined.</small></div><div class=""><small>Format:</small> <br><strong>PU</strong></div><div class="rated"><strong>Rated battle</strong></div><div class=""><small><em>Sleep Clause Mod:</em> Limit one foe put to sleep</small></div><div class=""><small><em>Species Clause:</em> Limit one of each Pokémon</small></div><div class=""><small><em>OHKO Clause:</em> OHKO moves are banned</small></div><div class=""><small><em>Moody Clause:</em> Moody is banned</small></div><div class=""><small><em>Evasion Moves Clause:</em> Evasion moves are banned</small></div><div class=""><small><em>Endless Battle Clause:</em> Forcing endless battles is banned</small></div><div class=""><small><em>HP Percentage Mod:</em> HP is shown in percentages</small></div><div class=""><small><em>Swagger Clause:</em> Swagger is banned</small></div><div class=""><small><em>Baton Pass Clause:</em> Limit one Baton Passer, can't pass Spe and other stats simultaneously</small></div><div class="chat battle-history"><strong>Gymlead11b's team:</strong> <em style="color:#445566;display:block;">Altaria / Carnivine / Floatzel / Huntail / Mawile / Drifblim</em></div><div class="chat battle-history"><strong>masterdre's team:</strong> <em style="color:#445566;display:block;">Regigigas / Shelgon / Kadabra / Lapras / Flareon / Gogoat</em></div><div class="chat message-error">Battle timer is ON: inactive players will automatically lose when time's up. (requested by Gymlead11b)</div><div class="spacer battle-history"><br></div><div class="battle-history">Battle started between Gymlead11b and masterdre!<br></div><div class="spacer battle-history"><br></div><div class="battle-history">Go! <strong>Mawile</strong>!<br></div><div class="spacer battle-history"><br></div><div class="battle-history">masterdre sent out <strong>Kadabra</strong>!<br></div><div class="battle-history"><small>[Mawile's Intimidate]</small><br></div><div class="battle-history"><small>The opposing Kadabra's Attack fell!</small><br></div><div class="spacer battle-history"><br></div><h2 class="battle-history">Turn 1</h2><div class="spacer battle-history"><br></div><div class="battle-history">The opposing Kadabra used <strong>Shadow Ball</strong>!<br></div><div class="battle-history"><small>(Mawile lost <abbr title="−152/304">50%</abbr> of its health!)</small><br></div><div class="spacer battle-history"><br></div><div class="battle-history">Mawile used <strong>Knock Off</strong>!<br></div><div class="battle-history"><small>It's super effective!</small><br></div><div class="battle-history"><small>The opposing Kadabra hung on using its Focus Sash!</small><br></div><div class="battle-history"><small>(The opposing Kadabra lost <abbr title="−220/221">99.5%</abbr> of its health!)</small><br></div><div class="spacer battle-history"><br></div><div class="battle-history"><small>Mawile restored a little HP using its Leftovers!</small><br></div><div class="spacer battle-history"><br></div><h2 class="battle-history">Turn 2</h2><div class="spacer battle-history"><br></div><div class="battle-history">The opposing Kadabra used <strong>Shadow Ball</strong>!<br></div><div class="battle-history"><small>(Mawile lost <abbr title="−145/304">47.7%</abbr> of its health!)</small><br></div><div class="spacer battle-history"><br></div><div class="battle-history">Mawile used <strong>Knock Off</strong>!<br></div><div class="battle-history"><small>It's super effective!</small><br></div><div class="battle-history"><small>(The opposing Kadabra lost <abbr title="−1/221">0.5%</abbr> of its health!)</small><br></div><div class="spacer battle-history"><br></div><div class="battle-history">The opposing Kadabra fainted!<br></div><div class="spacer battle-history"><br></div><div class="battle-history"><small>Mawile restored a little HP using its Leftovers!</small><br></div><div class="spacer battle-history"><br></div><div class="battle-history">masterdre sent out <strong>Flareon</strong>!<br></div><div class="spacer battle-history"><br></div><h2 class="battle-history">Turn 3</h2><div class="spacer battle-history"><br></div><div class="battle-history">The opposing Flareon used <strong>Flare Blitz</strong>!<br></div><div class="battle-history"><small>It's super effective!</small><br></div><div class="battle-history"><small>(Mawile lost <abbr title="−45/304">14.8%</abbr> of its health!)</small><br></div><div class="battle-history"><small>The opposing Flareon is damaged by the recoil!</small><br></div><div class="spacer battle-history"><br></div><div class="battle-history">Mawile fainted!<br></div><div class="spacer battle-history"><br></div><div class="battle-history">Go! <strong>Floatzel</strong>!<br></div><div class="spacer battle-history"><br></div><h2 class="battle-history">Turn 4</h2><div class="spacer battle-history"><br></div><div class="battle-history">masterdre withdrew Flareon!<br></div><div class="battle-history">masterdre sent out <strong>Lapras</strong>!<br></div><div class="spacer battle-history"><br></div><div class="battle-history">Floatzel used <strong>Surf</strong>!<br></div><div class="battle-history"><small>It's not very effective...</small><br></div><div class="battle-history"><small>(The opposing Lapras lost <abbr title="−74/464">15.9%</abbr> of its health!)</small><br></div><div class="battle-history"><small>Floatzel lost some of its HP!</small><br></div><div class="spacer battle-history"><br></div><div class="battle-history"><small>The opposing Lapras restored a little HP using its Leftovers!</small><br></div><div class="spacer battle-history"><br></div><h2 class="battle-history">Turn 5</h2><div class="spacer battle-history"><br></div><div class="battle-history">Floatzel used <strong>Hidden Power</strong>!<br></div><div class="battle-history"><small>It's super effective!</small><br></div><div class="battle-history"><small>(The opposing Lapras lost <abbr title="−148/464">31.9%</abbr> of its health!)</small><br></div><div class="battle-history"><small>Floatzel lost some of its HP!</small><br></div><div class="spacer battle-history"><br></div><div class="battle-history">The opposing Lapras used <strong>Freeze-Dry</strong>!<br></div><div class="battle-history"><small>It's super effective!</small><br></div><div class="battle-history"><small>(Floatzel lost <abbr title="−249/311">80.1%</abbr> of its health!)</small><br></div><div class="spacer battle-history"><br></div><div class="battle-history">Floatzel fainted!<br></div><div class="spacer battle-history"><br></div><div class="battle-history"><small>The opposing Lapras restored a little HP using its Leftovers!</small><br></div><div class="spacer battle-history"><br></div><div class="battle-history">Go! <strong>Carnivine</strong>!<br></div><div class="spacer battle-history"><br></div><h2 class="battle-history">Turn 6</h2><div class="spacer battle-history"><br></div><div class="battle-history">The opposing Lapras used <strong>Freeze-Dry</strong>!<br></div><div class="battle-history"><small>It's super effective!</small><br></div><div class="battle-history"><small>(Carnivine lost <abbr title="−258/336">76.8%</abbr> of its health!)</small><br></div><div class="spacer battle-history"><br></div><div class="battle-history">Carnivine used <strong>Power Whip</strong>!<br></div><div class="battle-history"><small>It's super effective!</small><br></div><div class="battle-history"><small>(The opposing Lapras lost <abbr title="−300/464">64.7%</abbr> of its health!)</small><br></div><div class="spacer battle-history"><br></div><div class="battle-history">The opposing Lapras fainted!<br></div><div class="spacer battle-history"><br></div><div class="battle-history">masterdre sent out <strong>Flareon</strong>!<br></div><div class="spacer battle-history"><br></div><h2 class="battle-history">Turn 7</h2><div class="spacer battle-history"><br></div><div class="battle-history">The opposing Flareon used <strong>Flare Blitz</strong>!<br></div><div class="battle-history"><small>It's super effective!</small><br></div><div class="battle-history"><small>(Carnivine lost <abbr title="−78/336">23.2%</abbr> of its health!)</small><br></div><div class="battle-history"><small>The opposing Flareon is damaged by the recoil!</small><br></div><div class="spacer battle-history"><br></div><div class="battle-history">Carnivine fainted!<br></div><div class="spacer battle-history"><br></div><div class="battle-history">Go! <strong>Huntail</strong>!<br></div><div class="spacer battle-history"><br></div><h2 class="battle-history">Turn 8</h2><div class="spacer battle-history"><br></div><div class="battle-history">masterdre withdrew Flareon!<br></div><div class="battle-history">masterdre sent out <strong>Gogoat</strong>!<br></div><div class="spacer battle-history"><br></div><div class="battle-history">Huntail used <strong>Waterfall</strong>!<br></div><div class="battle-history"><small>It's not very effective...</small><br></div><div class="battle-history"><small>(The opposing Gogoat lost <abbr title="−97/450">21.6%</abbr> of its health!)</small><br></div><div class="spacer battle-history"><br></div><h2 class="battle-history">Turn 9</h2><div class="spacer battle-history"><br></div><div class="battle-history">Huntail used <strong>Ice Beam</strong>!<br></div><div class="battle-history"><small>It's super effective!</small><br></div><div class="battle-history"><small>(The opposing Gogoat lost <abbr title="−116/450">25.8%</abbr> of its health!)</small><br></div><div class="battle-history"><small>The opposing Gogoat was frozen solid!</small><br></div><div class="battle-history"><small>The opposing Gogoat thawed out!</small><br></div><div class="spacer battle-history"><br></div><div class="battle-history">The opposing Gogoat used <strong>Horn Leech</strong>!<br></div><div class="battle-history"><small>It's super effective!</small><br></div><div class="battle-history"><small>A critical hit!</small><br></div><div class="battle-history"><small>(Huntail lost <abbr title="−251/251">100%</abbr> of its health!)</small><br></div><div class="battle-history"><small>Huntail had its energy drained!</small><br></div><div class="spacer battle-history"><br></div><div class="battle-history">Huntail fainted!<br></div><div class="spacer battle-history"><br></div><div class="battle-history">Go! <strong>Altaria</strong>!<br></div><div class="spacer battle-history"><br></div><h2 class="battle-history">Turn 10</h2><div class="spacer battle-history"><br></div><div class="battle-history">Altaria used <strong>Flamethrower</strong>!<br></div><div class="battle-history"><small>It's super effective!</small><br></div><div class="battle-history"><small>(The opposing Gogoat lost <abbr title="−82/450">18.2%</abbr> of its health!)</small><br></div><div class="spacer battle-history"><br></div><div class="battle-history">The opposing Gogoat used <strong>Wild Charge</strong>!<br></div><div class="battle-history"><small>(Altaria lost <abbr title="−79/353">22.4%</abbr> of its health!)</small><br></div><div class="battle-history"><small>The opposing Gogoat is damaged by the recoil!</small><br></div><div class="spacer battle-history"><br></div><div class="battle-history"><small>Altaria restored a little HP using its Leftovers!</small><br></div><div class="spacer battle-history"><br></div><h2 class="battle-history">Turn 11</h2><div class="spacer battle-history"><br></div><div class="battle-history">Altaria used <strong>Flamethrower</strong>!<br></div><div class="battle-history"><small>It's super effective!</small><br></div><div class="battle-history"><small>(The opposing Gogoat lost <abbr title="−90/450">20%</abbr> of its health!)</small><br></div><div class="battle-history"><small>The opposing Gogoat was burned!</small><br></div><div class="spacer battle-history"><br></div><div class="battle-history">The opposing Gogoat used <strong>Zen Headbutt</strong>!<br></div><div class="battle-history"><small>(Altaria lost <abbr title="−35/353">9.9%</abbr> of its health!)</small><br></div><div class="spacer battle-history"><br></div><div class="battle-history"><small>Altaria restored a little HP using its Leftovers!</small><br></div><div class="battle-history"><small>The opposing Gogoat was hurt by its burn!</small><br></div><div class="spacer battle-history"><br></div><h2 class="battle-history">Turn 12</h2><div class="spacer battle-history"><br></div><div class="battle-history">Altaria used <strong>Flamethrower</strong>!<br></div><div class="battle-history"><small>It's super effective!</small><br></div><div class="battle-history"><small>(The opposing Gogoat lost <abbr title="−86/450">19.1%</abbr> of its health!)</small><br></div><div class="spacer battle-history"><br></div><div class="battle-history">The opposing Gogoat used <strong>Zen Headbutt</strong>!<br></div><div class="battle-history"><small>(Altaria lost <abbr title="−38/353">10.8%</abbr> of its health!)</small><br></div><div class="spacer battle-history"><br></div><div class="battle-history"><small>Altaria restored a little HP using its Leftovers!</small><br></div><div class="battle-history"><small>The opposing Gogoat was hurt by its burn!</small><br></div><div class="spacer battle-history"><br></div><div class="battle-history">The opposing Gogoat fainted!<br></div><div class="spacer battle-history"><br></div><div class="battle-history">masterdre sent out <strong>Shelgon</strong>!<br></div><div class="spacer battle-history"><br></div><h2 class="battle-history">Turn 13</h2><div class="spacer battle-history"><br></div><div class="battle-history">Altaria used <strong>Dragon Pulse</strong>!<br></div><div class="battle-history"><small>It's super effective!</small><br></div><div class="battle-history"><small>(The opposing Shelgon lost <abbr title="−162/334">48.5%</abbr> of its health!)</small><br></div><div class="spacer battle-history"><br></div><div class="battle-history">The opposing Shelgon used <strong>Dragon Claw</strong>!<br></div><div class="battle-history"><small>It's super effective!</small><br></div><div class="battle-history"><small>(Altaria lost <abbr title="−210/353">59.5%</abbr> of its health!)</small><br></div><div class="spacer battle-history"><br></div><div class="battle-history"><small>Altaria restored a little HP using its Leftovers!</small><br></div><div class="spacer battle-history"><br></div><h2 class="battle-history">Turn 14</h2><div class="spacer battle-history"><br></div><div class="battle-history">Altaria used <strong>Dragon Pulse</strong>!<br></div><div class="battle-history"><small>It's super effective!</small><br></div><div class="battle-history"><small>(The opposing Shelgon lost <abbr title="−172/334">51.5%</abbr> of its health!)</small><br></div><div class="spacer battle-history"><br></div><div class="battle-history">The opposing Shelgon fainted!<br></div><div class="spacer battle-history"><br></div><div class="battle-history"><small>Altaria restored a little HP using its Leftovers!</small><br></div><div class="spacer battle-history"><br></div><div class="battle-history">masterdre sent out <strong>Flareon</strong>!<br></div><div class="spacer battle-history"><br></div><h2 class="battle-history">Turn 15</h2><div class="spacer battle-history"><br></div><div class="battle-history">The opposing Flareon used <strong>Flare Blitz</strong>!<br></div><div class="battle-history"><small>It's not very effective...</small><br></div><div class="battle-history"><small>(Altaria lost <abbr title="−92/353">26.1%</abbr> of its health!)</small><br></div><div class="battle-history"><small>The opposing Flareon is damaged by the recoil!</small><br></div><div class="spacer battle-history"><br></div><div class="battle-history">Altaria used <strong>Dragon Pulse</strong>!<br></div><div class="battle-history"><small>(The opposing Flareon lost <abbr title="−73/271">26.9%</abbr> of its health!)</small><br></div><div class="spacer battle-history"><br></div><div class="battle-history"><small>Altaria restored a little HP using its Leftovers!</small><br></div><div class="spacer battle-history"><br></div><h2 class="battle-history">Turn 16</h2><div class="spacer battle-history"><br></div><div class="battle-history">The opposing Flareon used <strong>Flare Blitz</strong>!<br></div><div class="battle-history"><small>It's not very effective...</small><br></div><div class="battle-history"><small>(Altaria lost <abbr title="−31/353">8.8%</abbr> of its health!)</small><br></div><div class="battle-history"><small>The opposing Flareon is damaged by the recoil!</small><br></div><div class="spacer battle-history"><br></div><div class="battle-history">Altaria fainted!<br></div><div class="spacer battle-history"><br></div><div class="battle-history">Go! <strong>Drifblim</strong>!<br></div><div class="spacer battle-history"><br></div><h2 class="battle-history">Turn 17</h2><div class="chat chatmessage-gymlead11b"><strong style="color:hsl(68,50%,41.4883765675%)"><small>☆</small><span class="username" data-name="Gymlead11b">Gymlead11b</span>:</strong> <em>wtf cry</em></div><div class="spacer battle-history"><br></div><div class="battle-history">The opposing Flareon used <strong>Flare Blitz</strong>!<br></div><div class="battle-history"><small>(Drifblim lost <abbr title="−415/444">93.5%</abbr> of its health!)</small><br></div><div class="battle-history"><small>The opposing Flareon is damaged by the recoil!</small><br></div><div class="battle-history"><small>Drifblim ate its Liechi Berry!</small><br></div><div class="battle-history"><small>Drifblim's Attack rose!</small><br></div><div class="spacer battle-history"><br></div><div class="battle-history">The opposing Flareon fainted!<br></div><div class="battle-history">Drifblim used <strong>Acrobatics</strong>!<br></div><div class="battle-history"><small>But there was no target...</small><br></div><div class="spacer battle-history"><br></div><div class="battle-history">masterdre sent out <strong>Regigigas</strong>!<br></div><div class="battle-history"><small>[The opposing Regigigas's Slow Start]</small><br><small>The opposing Regigigas can't get it going!</small><br></div><div class="spacer battle-history"><br></div><h2 class="battle-history">Turn 18</h2><div class="spacer battle-history"><br></div><div class="battle-history">Drifblim used <strong>Acrobatics</strong>!<br></div><div class="battle-history"><small>(The opposing Regigigas lost <abbr title="−211/423">49.9%</abbr> of its health!)</small><br></div><div class="spacer battle-history"><br></div><div class="battle-history">The opposing Regigigas used <strong>Knock Off</strong>!<br></div><div class="battle-history"><small>It's super effective!</small><br></div><div class="battle-history"><small>(Drifblim lost <abbr title="−29/444">6.5%</abbr> of its health!)</small><br></div><div class="spacer battle-history"><br></div><div class="battle-history">Drifblim fainted!<br></div><div class="spacer battle-history"><br></div><div class="battle-history"><strong>masterdre</strong> won the battle!<br></div><div class="chat">Gymlead11b's rating: 1088 → <strong>1059</strong><br>(-29 for losing)</div><div class="chat">masterdre's rating: 1000 → <strong>1050</strong><br>(+50 for winning)</div><div class="chat"><small>masterdre left.</small></div></div><div class="inner-preempt"></div></div></div>
</div>
<script>
let daily = Math.floor(Date.now()/1000/60/60/24);document.write('<script src="https://play.pokemonshowdown.com/js/replay-embed.js?version'+daily+'"></'+'script>');
</script>
