<!DOCTYPE html>
<meta charset="utf-8" />
<!-- version 1 -->
<title>PU replay: 2xTheAFK vs. PokemonMasterTJ</title>
<style>
html,body {font-family:Verdana, sans-serif;font-size:10pt;margin:0;padding:0;}body{padding:12px 0;} .battle-log {font-family:Verdana, sans-serif;font-size:10pt;} .battle-log-inline {border:1px solid #AAAAAA;background:#EEF2F5;color:black;max-width:640px;margin:0 auto 80px;padding-bottom:5px;} .battle-log .inner {padding:4px 8px 0px 8px;} .battle-log .inner-preempt {padding:0 8px 4px 8px;} .battle-log .inner-after {margin-top:0.5em;} .battle-log h2 {margin:0.5em -8px;padding:4px 8px;border:1px solid #AAAAAA;background:#E0E7EA;border-left:0;border-right:0;font-family:Verdana, sans-serif;font-size:13pt;} .battle-log .chat {vertical-align:middle;padding:3px 0 3px 0;font-size:8pt;} .battle-log .chat strong {color:#40576A;} .battle-log .chat em {padding:1px 4px 1px 3px;color:#000000;font-style:normal;} .chat.mine {background:rgba(0,0,0,0.05);margin-left:-8px;margin-right:-8px;padding-left:8px;padding-right:8px;} .spoiler {color:#BBBBBB;background:#BBBBBB;padding:0px 3px;} .spoiler:hover, .spoiler:active, .spoiler-shown {color:#000000;background:#E2E2E2;padding:0px 3px;} .spoiler a {color:#BBBBBB;} .spoiler:hover a, .spoiler:active a, .spoiler-shown a {color:#2288CC;} .chat code, .chat .spoiler:hover code, .chat .spoiler:active code, .chat .spoiler-shown code {border:1px solid #C0C0C0;background:#EEEEEE;color:black;padding:0 2px;} .chat .spoiler code {border:1px solid #CCCCCC;background:#CCCCCC;color:#CCCCCC;} .battle-log .rated {padding:3px 4px;} .battle-log .rated strong {color:white;background:#89A;padding:1px 4px;border-radius:4px;} .spacer {margin-top:0.5em;} .message-announce {background:#6688AA;color:white;padding:1px 4px 2px;} .message-announce a, .broadcast-green a, .broadcast-blue a, .broadcast-red a {color:#DDEEFF;} .broadcast-green {background-color:#559955;color:white;padding:2px 4px;} .broadcast-blue {background-color:#6688AA;color:white;padding:2px 4px;} .infobox {border:1px solid #6688AA;padding:2px 4px;} .infobox-limited {max-height:200px;overflow:auto;overflow-x:hidden;} .broadcast-red {background-color:#AA5544;color:white;padding:2px 4px;} .message-learn-canlearn {font-weight:bold;color:#228822;text-decoration:underline;} .message-learn-cannotlearn {font-weight:bold;color:#CC2222;text-decoration:underline;} .message-effect-weak {font-weight:bold;color:#CC2222;} .message-effect-resist {font-weight:bold;color:#6688AA;} .message-effect-immune {font-weight:bold;color:#666666;} .message-learn-list {margin-top:0;margin-bottom:0;} .message-throttle-notice, .message-error {color:#992222;} .message-overflow, .chat small.message-overflow {font-size:0pt;} .message-overflow::before {font-size:9pt;content:'...';} .subtle {color:#3A4A66;}
</style>
<div class="wrapper replay-wrapper" style="max-width:1180px;margin:0 auto">
<input type="hidden" name="replayid" value="pu-588628507" />
<div class="battle"></div><div class="battle-log"></div><div class="replay-controls"></div><div class="replay-controls-2"></div>
<h1 style="font-weight:normal;text-align:center"><strong>PU</strong><br /><a href="http://pokemonshowdown.com/users/2xtheafk" class="subtle" target="_blank">2xTheAFK</a> vs. <a href="http://pokemonshowdown.com/users/pokemonmastertj" class="subtle" target="_blank">PokemonMasterTJ</a></h1>
<script type="text/plain" class="battle-log-data">|j|2xTheAFK
|j|PokemonMasterTJ
|player|p1|2xTheAFK|#2xthetap
|teamsize|p1|6
|player|p2|PokemonMasterTJ|1
|teamsize|p2|6
|gametype|singles
|gen|6
|tier|PU
|seed|31418,12883,12809,11799
|rule|Sleep Clause Mod: Limit one foe put to sleep
|rule|Species Clause: Limit one of each Pokémon
|rule|OHKO Clause: OHKO moves are banned
|rule|Moody Clause: Moody is banned
|rule|Evasion Moves Clause: Evasion moves are banned
|rule|Endless Battle Clause: Forcing endless battles is banned
|rule|HP Percentage Mod: HP is shown in percentages
|clearpoke
|poke|p1|Muk, M|item
|poke|p1|Lumineon, M|item
|poke|p1|Mr. Mime, M|item
|poke|p1|Articuno, shiny|item
|poke|p1|Zebstrika, M|item
|poke|p1|Probopass, M|item
|poke|p2|Natu, F|item
|poke|p2|Regice|item
|poke|p2|Gourgeist-*, F|item
|poke|p2|Clefairy, F|item
|poke|p2|Zebstrika, M|item
|poke|p2|Muk, M|item
|rule|Swagger Clause: Swagger is banned
|rule|Baton Pass Clause: Limit one Baton Passer, can't pass Spe and other stats simultaneously
|teampreview
|choice|team 1, team 2, team 3, team 4, team 5, team 6|team 2, team 1, team 3, team 4, team 5, team 6
|
|start
|switch|p1a: Muk|Muk, M|413\/413
|switch|p2a: Regice|Regice|363\/363
|turn|1
|choice|move curse|switch 3
|
|switch|p2a: Gourgeist|Gourgeist-Super, F|374\/374
|-item|p1a: Muk|Black Sludge|[from] ability: Frisk|[of] p2a: Gourgeist|[identify]
|move|p1a: Muk|Curse|p1a: Muk
|-unboost|p1a: Muk|spe|1
|-boost|p1a: Muk|atk|1
|-boost|p1a: Muk|def|1
|
|upkeep
|turn|2
|choice|move poisonjab|move leechseed
|
|move|p2a: Gourgeist|Leech Seed|p1a: Muk
|-start|p1a: Muk|move: Leech Seed
|move|p1a: Muk|Poison Jab|p2a: Gourgeist
|-damage|p2a: Gourgeist|278\/374
|
|-damage|p1a: Muk|362\/413|[from] Leech Seed|[of] p2a: Gourgeist
|-heal|p2a: Gourgeist|329\/374|[silent]
|upkeep
|turn|3
|choice|move curse|switch 6
|
|switch|p2a: Muk|Muk, M|414\/414
|move|p1a: Muk|Curse|p1a: Muk
|-unboost|p1a: Muk|spe|1
|-boost|p1a: Muk|atk|1
|-boost|p1a: Muk|def|1
|
|-heal|p1a: Muk|387\/413|[from] item: Black Sludge
|-damage|p1a: Muk|336\/413|[from] Leech Seed|[of] p2a: Muk
|upkeep
|turn|4
|choice|move curse|move curse
|
|move|p2a: Muk|Curse|p2a: Muk
|-unboost|p2a: Muk|spe|1
|-boost|p2a: Muk|atk|1
|-boost|p2a: Muk|def|1
|move|p1a: Muk|Curse|p1a: Muk
|-unboost|p1a: Muk|spe|1
|-boost|p1a: Muk|atk|1
|-boost|p1a: Muk|def|1
|
|-heal|p1a: Muk|361\/413|[from] item: Black Sludge
|-damage|p1a: Muk|310\/413|[from] Leech Seed|[of] p2a: Muk
|upkeep
|turn|5
|choice|move poisonjab|move curse
|
|move|p2a: Muk|Curse|p2a: Muk
|-unboost|p2a: Muk|spe|1
|-boost|p2a: Muk|atk|1
|-boost|p2a: Muk|def|1
|move|p1a: Muk|Poison Jab|p2a: Muk
|-resisted|p2a: Muk
|-damage|p2a: Muk|331\/414
|
|-heal|p2a: Muk|356\/414|[from] item: Black Sludge
|-heal|p1a: Muk|335\/413|[from] item: Black Sludge
|-damage|p1a: Muk|284\/413|[from] Leech Seed|[of] p2a: Muk
|-heal|p2a: Muk|407\/414|[silent]
|upkeep
|turn|6
|choice|switch 6|move curse
|
|switch|p1a: Probopass|Probopass, M|289\/289
|-item|p1a: Probopass|Air Balloon
|move|p2a: Muk|Curse|p2a: Muk
|-unboost|p2a: Muk|spe|1
|-boost|p2a: Muk|atk|1
|-boost|p2a: Muk|def|1
|
|-heal|p2a: Muk|414\/414|[from] item: Black Sludge
|upkeep
|turn|7
|choice|move earthpower|move curse
|
|move|p1a: Probopass|Earth Power|p2a: Muk
|-supereffective|p2a: Muk
|-damage|p2a: Muk|290\/414
|move|p2a: Muk|Curse|p2a: Muk
|-unboost|p2a: Muk|spe|1
|-boost|p2a: Muk|atk|1
|-boost|p2a: Muk|def|1
|
|-heal|p2a: Muk|315\/414|[from] item: Black Sludge
|upkeep
|turn|8
|choice|move earthpower|move firepunch
|
|move|p1a: Probopass|Earth Power|p2a: Muk
|-supereffective|p2a: Muk
|-damage|p2a: Muk|201\/414
|move|p2a: Muk|Fire Punch|p1a: Probopass
|-damage|p1a: Probopass|153\/289
|-enditem|p1a: Probopass|Air Balloon
|
|-heal|p2a: Muk|226\/414|[from] item: Black Sludge
|upkeep
|turn|9
|c|☆PokemonMasterTJ|weak
|choice|move earthpower|move rest
|
|move|p1a: Probopass|Earth Power|p2a: Muk
|-supereffective|p2a: Muk
|-damage|p2a: Muk|102\/414
|move|p2a: Muk|Rest|p2a: Muk
|-status|p2a: Muk|slp
|-heal|p2a: Muk|414\/414 slp|[silent]
|-status|p2a: Muk|slp|[from] move: Rest
|
|upkeep
|turn|10
|choice|move earthpower|move sleeptalk
|
|move|p1a: Probopass|Earth Power|p2a: Muk
|-supereffective|p2a: Muk
|-damage|p2a: Muk|304\/414 slp
|cant|p2a: Muk|slp
|move|p2a: Muk|Sleep Talk|p2a: Muk
|move|p2a: Muk|Rest|p2a: Muk|[from]Sleep Talk
|-fail|p2a: Muk
|
|-heal|p2a: Muk|329\/414 slp|[from] item: Black Sludge
|upkeep
|turn|11
|choice|move earthpower|move sleeptalk
|
|move|p1a: Probopass|Earth Power|p2a: Muk
|-supereffective|p2a: Muk
|-damage|p2a: Muk|219\/414 slp
|cant|p2a: Muk|slp
|move|p2a: Muk|Sleep Talk|p2a: Muk
|move|p2a: Muk|Rest|p2a: Muk|[from]Sleep Talk
|-fail|p2a: Muk
|
|-heal|p2a: Muk|244\/414 slp|[from] item: Black Sludge
|upkeep
|turn|12
|choice|move earthpower|move rest
|
|move|p1a: Probopass|Earth Power|p2a: Muk
|-supereffective|p2a: Muk
|-damage|p2a: Muk|120\/414 slp
|-curestatus|p2a: Muk|slp|[msg]
|move|p2a: Muk|Rest|p2a: Muk
|-status|p2a: Muk|slp
|-heal|p2a: Muk|414\/414 slp|[silent]
|-status|p2a: Muk|slp|[from] move: Rest
|
|upkeep
|turn|13
|choice|move earthpower|move sleeptalk
|
|move|p1a: Probopass|Earth Power|p2a: Muk
|-supereffective|p2a: Muk
|-damage|p2a: Muk|298\/414 slp
|-unboost|p2a: Muk|spd|1
|cant|p2a: Muk|slp
|move|p2a: Muk|Sleep Talk|p2a: Muk
|move|p2a: Muk|Fire Punch|p1a: Probopass|[from]Sleep Talk
|-damage|p1a: Probopass|14\/289
|
|-heal|p2a: Muk|323\/414 slp|[from] item: Black Sludge
|upkeep
|turn|14
|choice|move earthpower|switch 3
|
|switch|p2a: Regice|Regice|363\/363
|move|p1a: Probopass|Earth Power|p2a: Regice
|-damage|p2a: Regice|319\/363
|
|-heal|p2a: Regice|341\/363|[from] item: Leftovers
|upkeep
|turn|15
|j|caiooliveira
|l|caiooliveira
|choice|move stealthrock|move icebeam
|
|move|p1a: Probopass|Stealth Rock|p2a: Regice
|-sidestart|p2: PokemonMasterTJ|move: Stealth Rock
|move|p2a: Regice|Ice Beam|p1a: Probopass
|-resisted|p1a: Probopass
|-damage|p1a: Probopass|0 fnt
|faint|p1a: Probopass
|
|-heal|p2a: Regice|363\/363|[from] item: Leftovers
|upkeep
|choice|switch 6|
|
|switch|p1a: Muk|Muk, M|284\/413
|turn|16
|choice|move curse|switch 6
|
|switch|p2a: Gourgeist|Gourgeist-Super, F|329\/374
|-damage|p2a: Gourgeist|283\/374|[from] Stealth Rock
|-item|p1a: Muk|Black Sludge|[from] ability: Frisk|[of] p2a: Gourgeist|[identify]
|move|p1a: Muk|Curse|p1a: Muk
|-unboost|p1a: Muk|spe|1
|-boost|p1a: Muk|atk|1
|-boost|p1a: Muk|def|1
|
|-heal|p1a: Muk|309\/413|[from] item: Black Sludge
|upkeep
|turn|17
|choice|switch 4|move leechseed
|
|switch|p1a: Articuno|Articuno, shiny|319\/319
|-ability|p1a: Articuno|Pressure
|move|p2a: Gourgeist|Leech Seed|p1a: Articuno
|-start|p1a: Articuno|move: Leech Seed
|
|-damage|p1a: Articuno|280\/319|[from] Leech Seed|[of] p2a: Gourgeist
|-heal|p2a: Gourgeist|322\/374|[silent]
|upkeep
|turn|18
|choice|move hurricane|switch 6
|
|switch|p2a: Regice|Regice|363\/363
|-damage|p2a: Regice|273\/363|[from] Stealth Rock
|move|p1a: Articuno|Hurricane|p2a: Regice
|-damage|p2a: Regice|148\/363
|-damage|p1a: Articuno|249\/319|[from] item: Life Orb
|
|-heal|p2a: Regice|170\/363|[from] item: Leftovers
|-damage|p1a: Articuno|210\/319|[from] Leech Seed|[of] p2a: Regice
|-heal|p2a: Regice|209\/363|[silent]
|upkeep
|turn|19
|choice|switch 5|move thunderwave
|
|switch|p1a: Zebstrika|Zebstrika, M|289\/289
|move|p2a: Regice|Thunder Wave|p1a: Zebstrika
|-ability|p1a: Zebstrika|Lightning Rod|boost
|-boost|p1a: Zebstrika|spa|1
|
|-heal|p2a: Regice|231\/363|[from] item: Leftovers
|upkeep
|turn|20
|choice|move overheat|move icebeam
|
|move|p1a: Zebstrika|Overheat|p2a: Regice
|-supereffective|p2a: Regice
|-damage|p2a: Regice|0 fnt
|-unboost|p1a: Zebstrika|spa|2
|-damage|p1a: Zebstrika|261\/289|[from] item: Life Orb
|faint|p2a: Regice
|
|upkeep
|choice||switch 3
|
|switch|p2a: Muk|Muk, M|323\/414 slp
|-damage|p2a: Muk|272\/414 slp|[from] Stealth Rock
|turn|21
|choice|move voltswitch|move sleeptalk
|
|move|p1a: Zebstrika|Volt Switch|p2a: Muk
|-damage|p2a: Muk|220\/414 slp
|-damage|p1a: Zebstrika|233\/289|[from] item: Life Orb
|choice|switch 3|
|
|switch|p1a: Mr. Mime|Mr. Mime, M|221\/221
|cant|p2a: Muk|slp
|move|p2a: Muk|Sleep Talk|p2a: Muk
|move|p2a: Muk|Curse|p2a: Muk|[from]Sleep Talk
|-unboost|p2a: Muk|spe|1
|-boost|p2a: Muk|atk|1
|-boost|p2a: Muk|def|1
|
|-heal|p2a: Muk|245\/414 slp|[from] item: Black Sludge
|upkeep
|turn|22
|choice|move psyshock|move firepunch
|
|move|p1a: Mr. Mime|Psyshock|p2a: Muk
|-supereffective|p2a: Muk
|-damage|p2a: Muk|53\/414 slp
|-curestatus|p2a: Muk|slp|[msg]
|move|p2a: Muk|Fire Punch|p1a: Mr. Mime
|-damage|p1a: Mr. Mime|95\/221
|
|-heal|p2a: Muk|78\/414|[from] item: Black Sludge
|upkeep
|turn|23
|choice|move psyshock|switch 2
|
|switch|p2a: Natu|Natu, F|283\/283
|-damage|p2a: Natu|213\/283|[from] Stealth Rock
|move|p1a: Mr. Mime|Psyshock|p2a: Natu
|-resisted|p2a: Natu
|-damage|p2a: Natu|167\/283
|
|upkeep
|turn|24
|choice|switch 4|move uturn
|
|switch|p1a: Muk|Muk, M|309\/413
|move|p2a: Natu|U-turn|p1a: Muk
|-resisted|p1a: Muk
|-damage|p1a: Muk|291\/413
|choice||switch 6
|
|switch|p2a: Gourgeist|Gourgeist-Super, F|322\/374
|-damage|p2a: Gourgeist|276\/374|[from] Stealth Rock
|-item|p1a: Muk|Black Sludge|[from] ability: Frisk|[of] p2a: Gourgeist|[identify]
|
|-heal|p1a: Muk|316\/413|[from] item: Black Sludge
|upkeep
|turn|25
|choice|move poisonjab|move leechseed
|
|move|p2a: Gourgeist|Leech Seed|p1a: Muk
|-start|p1a: Muk|move: Leech Seed
|move|p1a: Muk|Poison Jab|p2a: Gourgeist
|-damage|p2a: Gourgeist|219\/374
|-status|p2a: Gourgeist|psn
|
|-heal|p1a: Muk|341\/413|[from] item: Black Sludge
|-damage|p1a: Muk|290\/413|[from] Leech Seed|[of] p2a: Gourgeist
|-heal|p2a: Gourgeist|270\/374 psn|[silent]
|-damage|p2a: Gourgeist|224\/374 psn|[from] psn
|upkeep
|turn|26
|choice|switch 5|move willowisp
|
|switch|p1a: Articuno|Articuno, shiny|210\/319
|-ability|p1a: Articuno|Pressure
|move|p2a: Gourgeist|Will-O-Wisp|p1a: Articuno
|-status|p1a: Articuno|brn
|
|-damage|p1a: Articuno|171\/319 brn|[from] brn
|-damage|p2a: Gourgeist|178\/374 psn|[from] psn
|upkeep
|turn|27
|choice|switch 5|switch 4
|
|switch|p1a: Muk|Muk, M|290\/413
|switch|p2a: Clefairy|Clefairy, F|344\/344
|
|-heal|p1a: Muk|315\/413|[from] item: Black Sludge
|upkeep
|turn|28
|c|☆PokemonMasterTJ|rip
|c|☆PokemonMasterTJ|gg
|choice|move curse|move thunderwave
|
|move|p1a: Muk|Curse|p1a: Muk
|-unboost|p1a: Muk|spe|1
|-boost|p1a: Muk|atk|1
|-boost|p1a: Muk|def|1
|move|p2a: Clefairy|Thunder Wave|p1a: Muk
|-status|p1a: Muk|par
|
|-heal|p1a: Muk|340\/413 par|[from] item: Black Sludge
|upkeep
|turn|29
|c|☆2xTheAFK|maybe
|choice|move poisonjab|switch 2
|
|switch|p2a: Muk|Muk, M|78\/414
|-damage|p2a: Muk|27\/414|[from] Stealth Rock
|cant|p1a: Muk|par
|
|-heal|p2a: Muk|52\/414|[from] item: Black Sludge
|-heal|p1a: Muk|365\/413 par|[from] item: Black Sludge
|upkeep
|turn|30
|c|☆2xTheAFK|I clicked jab
|c|☆2xTheAFK|lol
|choice|move rest|move rest
|
|move|p2a: Muk|Rest|p2a: Muk
|-status|p2a: Muk|slp
|-heal|p2a: Muk|414\/414 slp|[silent]
|-status|p2a: Muk|slp|[from] move: Rest
|move|p1a: Muk|Rest|p1a: Muk
|-status|p1a: Muk|slp
|-heal|p1a: Muk|413\/413 slp|[silent]
|-status|p1a: Muk|slp|[from] move: Rest
|
|upkeep
|turn|31
|c|☆PokemonMasterTJ|rip
|choice|move sleeptalk|move sleeptalk
|
|cant|p2a: Muk|slp
|move|p2a: Muk|Sleep Talk|p2a: Muk
|move|p2a: Muk|Curse|p2a: Muk|[from]Sleep Talk
|-unboost|p2a: Muk|spe|1
|-boost|p2a: Muk|atk|1
|-boost|p2a: Muk|def|1
|cant|p1a: Muk|slp
|move|p1a: Muk|Sleep Talk|p1a: Muk
|move|p1a: Muk|Curse|p1a: Muk|[from]Sleep Talk
|-unboost|p1a: Muk|spe|1
|-boost|p1a: Muk|atk|1
|-boost|p1a: Muk|def|1
|
|upkeep
|turn|32
|choice|move sleeptalk|move sleeptalk
|
|cant|p2a: Muk|slp
|move|p2a: Muk|Sleep Talk|p2a: Muk
|move|p2a: Muk|Curse|p2a: Muk|[from]Sleep Talk
|-unboost|p2a: Muk|spe|1
|-boost|p2a: Muk|atk|1
|-boost|p2a: Muk|def|1
|cant|p1a: Muk|slp
|move|p1a: Muk|Sleep Talk|p1a: Muk
|move|p1a: Muk|Rest|p1a: Muk|[from]Sleep Talk
|-fail|p1a: Muk
|
|upkeep
|turn|33
|c|☆2xTheAFK|this meta is garbage lol
|c|☆2xTheAFK|why does this always happen
|choice|move curse|move curse
|
|-curestatus|p1a: Muk|slp|[msg]
|move|p1a: Muk|Curse|p1a: Muk
|-unboost|p1a: Muk|spe|1
|-boost|p1a: Muk|atk|1
|-boost|p1a: Muk|def|1
|-curestatus|p2a: Muk|slp|[msg]
|move|p2a: Muk|Curse|p2a: Muk
|-unboost|p2a: Muk|spe|1
|-boost|p2a: Muk|atk|1
|-boost|p2a: Muk|def|1
|
|upkeep
|turn|34
|choice|move curse|move curse
|
|move|p1a: Muk|Curse|p1a: Muk
|-unboost|p1a: Muk|spe|1
|-boost|p1a: Muk|atk|1
|-boost|p1a: Muk|def|1
|move|p2a: Muk|Curse|p2a: Muk
|-unboost|p2a: Muk|spe|1
|-boost|p2a: Muk|atk|1
|-boost|p2a: Muk|def|1
|
|upkeep
|turn|35
|choice|move curse|move curse
|
|move|p1a: Muk|Curse|p1a: Muk
|-unboost|p1a: Muk|spe|1
|-boost|p1a: Muk|atk|1
|-boost|p1a: Muk|def|1
|move|p2a: Muk|Curse|p2a: Muk
|-unboost|p2a: Muk|spe|1
|-boost|p2a: Muk|atk|1
|-boost|p2a: Muk|def|1
|
|upkeep
|turn|36
|choice|move curse|move curse
|
|move|p1a: Muk|Curse|p1a: Muk
|-unboost|p1a: Muk|spe|1
|-boost|p1a: Muk|atk|1
|-boost|p1a: Muk|def|1
|move|p2a: Muk|Curse|p2a: Muk
|-unboost|p2a: Muk|spe|1
|-boost|p2a: Muk|atk|1
|-boost|p2a: Muk|def|1
|
|upkeep
|turn|37
|choice|move poisonjab|move firepunch
|
|move|p2a: Muk|Fire Punch|p1a: Muk
|-damage|p1a: Muk|329\/413
|move|p1a: Muk|Poison Jab|p2a: Muk
|-resisted|p2a: Muk
|-crit|p2a: Muk
|-damage|p2a: Muk|69\/414
|
|-heal|p2a: Muk|94\/414|[from] item: Black Sludge
|-heal|p1a: Muk|354\/413|[from] item: Black Sludge
|upkeep
|turn|38
|choice|move poisonjab|move rest
|
|move|p2a: Muk|Rest|p2a: Muk
|-status|p2a: Muk|slp
|-heal|p2a: Muk|414\/414 slp|[silent]
|-status|p2a: Muk|slp|[from] move: Rest
|move|p1a: Muk|Poison Jab|p2a: Muk
|-resisted|p2a: Muk
|-crit|p2a: Muk
|-damage|p2a: Muk|62\/414 slp
|
|-heal|p1a: Muk|379\/413|[from] item: Black Sludge
|-heal|p2a: Muk|87\/414 slp|[from] item: Black Sludge
|upkeep
|turn|39
|choice|move poisonjab|move sleeptalk
|
|cant|p2a: Muk|slp
|move|p2a: Muk|Sleep Talk|p2a: Muk
|move|p2a: Muk|Fire Punch|p1a: Muk|[from]Sleep Talk
|-damage|p1a: Muk|302\/413
|move|p1a: Muk|Poison Jab|p2a: Muk
|-resisted|p2a: Muk
|-damage|p2a: Muk|24\/414 slp
|
|-heal|p1a: Muk|327\/413|[from] item: Black Sludge
|-heal|p2a: Muk|49\/414 slp|[from] item: Black Sludge
|upkeep
|turn|40
|choice|move poisonjab|move rest
|
|move|p1a: Muk|Poison Jab|p2a: Muk
|-resisted|p2a: Muk
|-damage|p2a: Muk|0 fnt
|faint|p2a: Muk
|
|-heal|p1a: Muk|352\/413|[from] item: Black Sludge
|upkeep
|c|☆PokemonMasterTJ|gg
|c|☆2xTheAFK|gg
|-message|PokemonMasterTJ forfeited.
|
|win|2xTheAFK
|c|☆2xTheAFK|crits were gross
|c|☆2xTheAFK|fire punch wouldve won
|c|☆PokemonMasterTJ|yea but
|c|☆PokemonMasterTJ|the para
|c|☆2xTheAFK|the para was bad too lol
|c|☆PokemonMasterTJ|have u used fire punch?
|c|☆2xTheAFK|yeah a bit
|c|☆2xTheAFK|PuP too
|c|☆PokemonMasterTJ|oh cool
|c|☆2xTheAFK|it's so passive
|c|☆2xTheAFK|and golem is pretty common
|c|☆2xTheAFK|all it takes is a double from something muk walls to golem
|c|☆PokemonMasterTJ|gotta creep run giga
|c|☆2xTheAFK|yeah
|c|☆2xTheAFK|or double from muk to something that threatens golem like vibrava
|c|☆2xTheAFK|but that can be risky, switching vibrava in straight to something that muk walls like zeb lol
|c|☆PokemonMasterTJ|yea so jab\/giga icepunch and maybe fire punch on like av idk
|c|☆2xTheAFK|I like that set with fire blast too
|c|☆2xTheAFK|paired with dodrio or stout
|c|☆PokemonMasterTJ|i used sub punch when we first got muk and people said it was bad =\/
|c|☆2xTheAFK|on lure muk, I do brick break \/ giga drain \/ fire blast \/ gunk shot
|c|☆2xTheAFK|subpunch is never bad
|c|☆PokemonMasterTJ|i love it in dpp
|c|☆2xTheAFK|subpunch poliwrath
|c|☆2xTheAFK|is also nice there
|c|☆2xTheAFK|with bulk up
|c|☆2xTheAFK|it beats gastrodon</script>
</div>
<div class="battle-log battle-log-inline"><div class="inner"><div class="battle-options"></div><div class="inner"><div class="chat"><small>2xTheAFK joined.</small></div><div class="chat"><small>PokemonMasterTJ joined.</small></div><div class=""><small>Format:</small> <br><strong>PU</strong></div><div class=""><small><em>Sleep Clause Mod:</em> Limit one foe put to sleep</small></div><div class=""><small><em>Species Clause:</em> Limit one of each Pokémon</small></div><div class=""><small><em>OHKO Clause:</em> OHKO moves are banned</small></div><div class=""><small><em>Moody Clause:</em> Moody is banned</small></div><div class=""><small><em>Evasion Moves Clause:</em> Evasion moves are banned</small></div><div class=""><small><em>Endless Battle Clause:</em> Forcing endless battles is banned</small></div><div class=""><small><em>HP Percentage Mod:</em> HP is shown in percentages</small></div><div class=""><small><em>Swagger Clause:</em> Swagger is banned</small></div><div class=""><small><em>Baton Pass Clause:</em> Limit one Baton Passer, can't pass Spe and other stats simultaneously</small></div><div class="chat battle-history"><strong>2xTheAFK's team:</strong> <em style="color:#445566;display:block;">Muk / Lumineon / Mr. Mime / Articuno / Zebstrika / Probopass</em></div><div class="chat battle-history"><strong>PokemonMasterTJ's team:</strong> <em style="color:#445566;display:block;">Natu / Regice / Gourgeist-* / Clefairy / Zebstrika / Muk</em></div><div class="spacer battle-history"><br></div><div class="battle-history">Battle started between 2xTheAFK and PokemonMasterTJ!<br></div><div class="spacer battle-history"><br></div><div class="battle-history">Go! <strong>Muk</strong>!<br></div><div class="spacer battle-history"><br></div><div class="battle-history">PokemonMasterTJ sent out <strong>Regice</strong>!<br></div><div class="spacer battle-history"><br></div><h2 class="battle-history">Turn 1</h2><div class="spacer battle-history"><br></div><div class="battle-history">PokemonMasterTJ withdrew Regice!<br></div><div class="battle-history">PokemonMasterTJ sent out Gourgeist (<strong>Gourgeist-Super</strong>)!<br></div><div class="battle-history"><small>[The opposing Gourgeist's Frisk]</small><br><small>The opposing Gourgeist frisked Muk and found its Black Sludge!</small><br></div><div class="spacer battle-history"><br></div><div class="battle-history">Muk used <strong>Curse</strong>!<br></div><div class="battle-history"><small>Muk's Speed fell!</small><br></div><div class="battle-history"><small>Muk's Attack rose!</small><br></div><div class="battle-history"><small>Muk's Defense rose!</small><br></div><div class="spacer battle-history"><br></div><h2 class="battle-history">Turn 2</h2><div class="spacer battle-history"><br></div><div class="battle-history">The opposing Gourgeist used <strong>Leech Seed</strong>!<br></div><div class="battle-history"><small>Muk was seeded!</small><br></div><div class="spacer battle-history"><br></div><div class="battle-history">Muk used <strong>Poison Jab</strong>!<br></div><div class="battle-history"><small>(The opposing Gourgeist lost <abbr title="−96/374">25.7%</abbr> of its health!)</small><br></div><div class="spacer battle-history"><br></div><div class="battle-history"><small>Muk's health is sapped by Leech Seed!</small><br></div><div class="spacer battle-history"><br></div><h2 class="battle-history">Turn 3</h2><div class="spacer battle-history"><br></div><div class="battle-history">PokemonMasterTJ withdrew Gourgeist!<br></div><div class="battle-history">PokemonMasterTJ sent out <strong>Muk</strong>!<br></div><div class="spacer battle-history"><br></div><div class="battle-history">Muk used <strong>Curse</strong>!<br></div><div class="battle-history"><small>Muk's Speed fell!</small><br></div><div class="battle-history"><small>Muk's Attack rose!</small><br></div><div class="battle-history"><small>Muk's Defense rose!</small><br></div><div class="spacer battle-history"><br></div><div class="battle-history"><small>Muk restored a little HP using its Black Sludge!</small><br></div><div class="battle-history"><small>Muk's health is sapped by Leech Seed!</small><br></div><div class="spacer battle-history"><br></div><h2 class="battle-history">Turn 4</h2><div class="spacer battle-history"><br></div><div class="battle-history">The opposing Muk used <strong>Curse</strong>!<br></div><div class="battle-history"><small>The opposing Muk's Speed fell!</small><br></div><div class="battle-history"><small>The opposing Muk's Attack rose!</small><br></div><div class="battle-history"><small>The opposing Muk's Defense rose!</small><br></div><div class="spacer battle-history"><br></div><div class="battle-history">Muk used <strong>Curse</strong>!<br></div><div class="battle-history"><small>Muk's Speed fell!</small><br></div><div class="battle-history"><small>Muk's Attack rose!</small><br></div><div class="battle-history"><small>Muk's Defense rose!</small><br></div><div class="spacer battle-history"><br></div><div class="battle-history"><small>Muk restored a little HP using its Black Sludge!</small><br></div><div class="battle-history"><small>Muk's health is sapped by Leech Seed!</small><br></div><div class="spacer battle-history"><br></div><h2 class="battle-history">Turn 5</h2><div class="spacer battle-history"><br></div><div class="battle-history">The opposing Muk used <strong>Curse</strong>!<br></div><div class="battle-history"><small>The opposing Muk's Speed fell!</small><br></div><div class="battle-history"><small>The opposing Muk's Attack rose!</small><br></div><div class="battle-history"><small>The opposing Muk's Defense rose!</small><br></div><div class="spacer battle-history"><br></div><div class="battle-history">Muk used <strong>Poison Jab</strong>!<br></div><div class="battle-history"><small>It's not very effective...</small><br></div><div class="battle-history"><small>(The opposing Muk lost <abbr title="−83/414">20.0%</abbr> of its health!)</small><br></div><div class="spacer battle-history"><br></div><div class="battle-history"><small>The opposing Muk restored a little HP using its Black Sludge!</small><br></div><div class="battle-history"><small>Muk restored a little HP using its Black Sludge!</small><br></div><div class="battle-history"><small>Muk's health is sapped by Leech Seed!</small><br></div><div class="spacer battle-history"><br></div><h2 class="battle-history">Turn 6</h2><div class="spacer battle-history"><br></div><div class="battle-history">Muk, come back!<br></div><div class="battle-history">Go! <strong>Probopass</strong>!<br></div><div class="battle-history"><small>Probopass floats in the air with its Air Balloon!</small><br></div><div class="spacer battle-history"><br></div><div class="battle-history">The opposing Muk used <strong>Curse</strong>!<br></div><div class="battle-history"><small>The opposing Muk's Speed fell!</small><br></div><div class="battle-history"><small>The opposing Muk's Attack rose!</small><br></div><div class="battle-history"><small>The opposing Muk's Defense rose!</small><br></div><div class="spacer battle-history"><br></div><div class="battle-history"><small>The opposing Muk restored a little HP using its Black Sludge!</small><br></div><div class="spacer battle-history"><br></div><h2 class="battle-history">Turn 7</h2><div class="spacer battle-history"><br></div><div class="battle-history">Probopass used <strong>Earth Power</strong>!<br></div><div class="battle-history"><small>It's super effective!</small><br></div><div class="battle-history"><small>(The opposing Muk lost <abbr title="−124/414">30.0%</abbr> of its health!)</small><br></div><div class="spacer battle-history"><br></div><div class="battle-history">The opposing Muk used <strong>Curse</strong>!<br></div><div class="battle-history"><small>The opposing Muk's Speed fell!</small><br></div><div class="battle-history"><small>The opposing Muk's Attack rose!</small><br></div><div class="battle-history"><small>The opposing Muk's Defense rose!</small><br></div><div class="spacer battle-history"><br></div><div class="battle-history"><small>The opposing Muk restored a little HP using its Black Sludge!</small><br></div><div class="spacer battle-history"><br></div><h2 class="battle-history">Turn 8</h2><div class="spacer battle-history"><br></div><div class="battle-history">Probopass used <strong>Earth Power</strong>!<br></div><div class="battle-history"><small>It's super effective!</small><br></div><div class="battle-history"><small>(The opposing Muk lost <abbr title="−114/414">27.5%</abbr> of its health!)</small><br></div><div class="spacer battle-history"><br></div><div class="battle-history">The opposing Muk used <strong>Fire Punch</strong>!<br></div><div class="battle-history"><small>(Probopass lost <abbr title="−136/289">47.1%</abbr> of its health!)</small><br></div><div class="battle-history"><small>Probopass's Air Balloon popped!</small><br></div><div class="spacer battle-history"><br></div><div class="battle-history"><small>The opposing Muk restored a little HP using its Black Sludge!</small><br></div><div class="spacer battle-history"><br></div><h2 class="battle-history">Turn 9</h2><div class="chat chatmessage-pokemonmastertj"><strong style="color:hsl(26,75%,48%)"><small>☆</small><span class="username" data-name="PokemonMasterTJ">PokemonMasterTJ</span>:</strong> <em>weak</em></div><div class="spacer battle-history"><br></div><div class="battle-history">Probopass used <strong>Earth Power</strong>!<br></div><div class="battle-history"><small>It's super effective!</small><br></div><div class="battle-history"><small>(The opposing Muk lost <abbr title="−124/414">30.0%</abbr> of its health!)</small><br></div><div class="spacer battle-history"><br></div><div class="battle-history">The opposing Muk used <strong>Rest</strong>!<br></div><div class="battle-history"><small>The opposing Muk fell asleep!</small><br></div><div class="battle-history"><small>The opposing Muk slept and became healthy!</small><br></div><div class="spacer battle-history"><br></div><h2 class="battle-history">Turn 10</h2><div class="spacer battle-history"><br></div><div class="battle-history">Probopass used <strong>Earth Power</strong>!<br></div><div class="battle-history"><small>It's super effective!</small><br></div><div class="battle-history"><small>(The opposing Muk lost <abbr title="−110/414">26.6%</abbr> of its health!)</small><br></div><div class="spacer battle-history"><br></div><div class="battle-history">The opposing Muk is fast asleep.<br></div><div class="spacer battle-history"><br></div><div class="battle-history">The opposing Muk used <strong>Sleep Talk</strong>!<br></div><div class="spacer battle-history"><br></div><div class="battle-history">The opposing Muk used <strong>Rest</strong>!<br></div><div class="battle-history"><small>But it failed!</small><br></div><div class="spacer battle-history"><br></div><div class="battle-history"><small>The opposing Muk restored a little HP using its Black Sludge!</small><br></div><div class="spacer battle-history"><br></div><h2 class="battle-history">Turn 11</h2><div class="spacer battle-history"><br></div><div class="battle-history">Probopass used <strong>Earth Power</strong>!<br></div><div class="battle-history"><small>It's super effective!</small><br></div><div class="battle-history"><small>(The opposing Muk lost <abbr title="−110/414">26.6%</abbr> of its health!)</small><br></div><div class="spacer battle-history"><br></div><div class="battle-history">The opposing Muk is fast asleep.<br></div><div class="spacer battle-history"><br></div><div class="battle-history">The opposing Muk used <strong>Sleep Talk</strong>!<br></div><div class="spacer battle-history"><br></div><div class="battle-history">The opposing Muk used <strong>Rest</strong>!<br></div><div class="battle-history"><small>But it failed!</small><br></div><div class="spacer battle-history"><br></div><div class="battle-history"><small>The opposing Muk restored a little HP using its Black Sludge!</small><br></div><div class="spacer battle-history"><br></div><h2 class="battle-history">Turn 12</h2><div class="spacer battle-history"><br></div><div class="battle-history">Probopass used <strong>Earth Power</strong>!<br></div><div class="battle-history"><small>It's super effective!</small><br></div><div class="battle-history"><small>(The opposing Muk lost <abbr title="−124/414">30.0%</abbr> of its health!)</small><br></div><div class="battle-history"><small>The opposing Muk woke up!</small><br></div><div class="spacer battle-history"><br></div><div class="battle-history">The opposing Muk used <strong>Rest</strong>!<br></div><div class="battle-history"><small>The opposing Muk fell asleep!</small><br></div><div class="battle-history"><small>The opposing Muk slept and became healthy!</small><br></div><div class="spacer battle-history"><br></div><h2 class="battle-history">Turn 13</h2><div class="spacer battle-history"><br></div><div class="battle-history">Probopass used <strong>Earth Power</strong>!<br></div><div class="battle-history"><small>It's super effective!</small><br></div><div class="battle-history"><small>(The opposing Muk lost <abbr title="−116/414">28.0%</abbr> of its health!)</small><br></div><div class="battle-history"><small>The opposing Muk's Special Defense fell!</small><br></div><div class="spacer battle-history"><br></div><div class="battle-history">The opposing Muk is fast asleep.<br></div><div class="spacer battle-history"><br></div><div class="battle-history">The opposing Muk used <strong>Sleep Talk</strong>!<br></div><div class="spacer battle-history"><br></div><div class="battle-history">The opposing Muk used <strong>Fire Punch</strong>!<br></div><div class="battle-history"><small>(Probopass lost <abbr title="−139/289">48.1%</abbr> of its health!)</small><br></div><div class="spacer battle-history"><br></div><div class="battle-history"><small>The opposing Muk restored a little HP using its Black Sludge!</small><br></div><div class="spacer battle-history"><br></div><h2 class="battle-history">Turn 14</h2><div class="spacer battle-history"><br></div><div class="battle-history">PokemonMasterTJ withdrew Muk!<br></div><div class="battle-history">PokemonMasterTJ sent out <strong>Regice</strong>!<br></div><div class="spacer battle-history"><br></div><div class="battle-history">Probopass used <strong>Earth Power</strong>!<br></div><div class="battle-history"><small>(The opposing Regice lost <abbr title="−44/363">12.1%</abbr> of its health!)</small><br></div><div class="spacer battle-history"><br></div><div class="battle-history"><small>The opposing Regice restored a little HP using its Leftovers!</small><br></div><div class="spacer battle-history"><br></div><h2 class="battle-history">Turn 15</h2><div class="chat"><small>caiooliveira joined.</small></div><div class="chat"><small>caiooliveira left.</small></div><div class="spacer battle-history"><br></div><div class="battle-history">Probopass used <strong>Stealth Rock</strong>!<br></div><div class="battle-history"><small>Pointed stones float in the air around the opposing team!</small><br></div><div class="spacer battle-history"><br></div><div class="battle-history">The opposing Regice used <strong>Ice Beam</strong>!<br></div><div class="battle-history"><small>It's not very effective...</small><br></div><div class="battle-history"><small>(Probopass lost <abbr title="−14/289">4.8%</abbr> of its health!)</small><br></div><div class="spacer battle-history"><br></div><div class="battle-history">Probopass fainted!<br></div><div class="spacer battle-history"><br></div><div class="battle-history"><small>The opposing Regice restored a little HP using its Leftovers!</small><br></div><div class="spacer battle-history"><br></div><div class="battle-history">Go! <strong>Muk</strong>!<br></div><div class="spacer battle-history"><br></div><h2 class="battle-history">Turn 16</h2><div class="spacer battle-history"><br></div><div class="battle-history">PokemonMasterTJ withdrew Regice!<br></div><div class="battle-history">PokemonMasterTJ sent out Gourgeist (<strong>Gourgeist-Super</strong>)!<br></div><div class="battle-history"><small>Pointed stones dug into the opposing Gourgeist!</small><br></div><div class="battle-history"><small>[The opposing Gourgeist's Frisk]</small><br><small>The opposing Gourgeist frisked Muk and found its Black Sludge!</small><br></div><div class="spacer battle-history"><br></div><div class="battle-history">Muk used <strong>Curse</strong>!<br></div><div class="battle-history"><small>Muk's Speed fell!</small><br></div><div class="battle-history"><small>Muk's Attack rose!</small><br></div><div class="battle-history"><small>Muk's Defense rose!</small><br></div><div class="spacer battle-history"><br></div><div class="battle-history"><small>Muk restored a little HP using its Black Sludge!</small><br></div><div class="spacer battle-history"><br></div><h2 class="battle-history">Turn 17</h2><div class="spacer battle-history"><br></div><div class="battle-history">Muk, come back!<br></div><div class="battle-history">Go! <strong>Articuno</strong>!<br></div><div class="battle-history"><small>[Articuno's Pressure]</small><br><small>Articuno is exerting its pressure!</small><br></div><div class="spacer battle-history"><br></div><div class="battle-history">The opposing Gourgeist used <strong>Leech Seed</strong>!<br></div><div class="battle-history"><small>Articuno was seeded!</small><br></div><div class="spacer battle-history"><br></div><div class="battle-history"><small>Articuno's health is sapped by Leech Seed!</small><br></div><div class="spacer battle-history"><br></div><h2 class="battle-history">Turn 18</h2><div class="spacer battle-history"><br></div><div class="battle-history">PokemonMasterTJ withdrew Gourgeist!<br></div><div class="battle-history">PokemonMasterTJ sent out <strong>Regice</strong>!<br></div><div class="battle-history"><small>Pointed stones dug into the opposing Regice!</small><br></div><div class="spacer battle-history"><br></div><div class="battle-history">Articuno used <strong>Hurricane</strong>!<br></div><div class="battle-history"><small>(The opposing Regice lost <abbr title="−125/363">34.4%</abbr> of its health!)</small><br></div><div class="battle-history"><small>Articuno lost some of its HP!</small><br></div><div class="spacer battle-history"><br></div><div class="battle-history"><small>The opposing Regice restored a little HP using its Leftovers!</small><br></div><div class="battle-history"><small>Articuno's health is sapped by Leech Seed!</small><br></div><div class="spacer battle-history"><br></div><h2 class="battle-history">Turn 19</h2><div class="spacer battle-history"><br></div><div class="battle-history">Articuno, come back!<br></div><div class="battle-history">Go! <strong>Zebstrika</strong>!<br></div><div class="spacer battle-history"><br></div><div class="battle-history">The opposing Regice used <strong>Thunder Wave</strong>!<br></div><div class="battle-history"><small>[Zebstrika's Lightning Rod]</small><br></div><div class="battle-history"><small>Zebstrika's Special Attack rose!</small><br></div><div class="spacer battle-history"><br></div><div class="battle-history"><small>The opposing Regice restored a little HP using its Leftovers!</small><br></div><div class="spacer battle-history"><br></div><h2 class="battle-history">Turn 20</h2><div class="spacer battle-history"><br></div><div class="battle-history">Zebstrika used <strong>Overheat</strong>!<br></div><div class="battle-history"><small>It's super effective!</small><br></div><div class="battle-history"><small>(The opposing Regice lost <abbr title="−231/363">63.6%</abbr> of its health!)</small><br></div><div class="battle-history"><small>Zebstrika's Special Attack fell harshly!</small><br></div><div class="battle-history"><small>Zebstrika lost some of its HP!</small><br></div><div class="spacer battle-history"><br></div><div class="battle-history">The opposing Regice fainted!<br></div><div class="spacer battle-history"><br></div><div class="battle-history">PokemonMasterTJ sent out <strong>Muk</strong>!<br></div><div class="battle-history"><small>Pointed stones dug into the opposing Muk!</small><br></div><div class="spacer battle-history"><br></div><h2 class="battle-history">Turn 21</h2><div class="spacer battle-history"><br></div><div class="battle-history">Zebstrika used <strong>Volt Switch</strong>!<br></div><div class="battle-history"><small>(The opposing Muk lost <abbr title="−52/414">12.6%</abbr> of its health!)</small><br></div><div class="battle-history"><small>Zebstrika lost some of its HP!</small><br></div><div class="spacer battle-history"><br></div><div class="battle-history">Zebstrika went back to 2xTheAFK!<br></div><div class="battle-history">Go! <strong>Mr. Mime</strong>!<br></div><div class="spacer battle-history"><br></div><div class="battle-history">The opposing Muk is fast asleep.<br></div><div class="spacer battle-history"><br></div><div class="battle-history">The opposing Muk used <strong>Sleep Talk</strong>!<br></div><div class="spacer battle-history"><br></div><div class="battle-history">The opposing Muk used <strong>Curse</strong>!<br></div><div class="battle-history"><small>The opposing Muk's Speed fell!</small><br></div><div class="battle-history"><small>The opposing Muk's Attack rose!</small><br></div><div class="battle-history"><small>The opposing Muk's Defense rose!</small><br></div><div class="spacer battle-history"><br></div><div class="battle-history"><small>The opposing Muk restored a little HP using its Black Sludge!</small><br></div><div class="spacer battle-history"><br></div><h2 class="battle-history">Turn 22</h2><div class="spacer battle-history"><br></div><div class="battle-history">Mr. Mime used <strong>Psyshock</strong>!<br></div><div class="battle-history"><small>It's super effective!</small><br></div><div class="battle-history"><small>(The opposing Muk lost <abbr title="−192/414">46.4%</abbr> of its health!)</small><br></div><div class="battle-history"><small>The opposing Muk woke up!</small><br></div><div class="spacer battle-history"><br></div><div class="battle-history">The opposing Muk used <strong>Fire Punch</strong>!<br></div><div class="battle-history"><small>(Mr. Mime lost <abbr title="−126/221">57.0%</abbr> of its health!)</small><br></div><div class="spacer battle-history"><br></div><div class="battle-history"><small>The opposing Muk restored a little HP using its Black Sludge!</small><br></div><div class="spacer battle-history"><br></div><h2 class="battle-history">Turn 23</h2><div class="spacer battle-history"><br></div><div class="battle-history">PokemonMasterTJ withdrew Muk!<br></div><div class="battle-history">PokemonMasterTJ sent out <strong>Natu</strong>!<br></div><div class="battle-history"><small>Pointed stones dug into the opposing Natu!</small><br></div><div class="spacer battle-history"><br></div><div class="battle-history">Mr. Mime used <strong>Psyshock</strong>!<br></div><div class="battle-history"><small>It's not very effective...</small><br></div><div class="battle-history"><small>(The opposing Natu lost <abbr title="−46/283">16.3%</abbr> of its health!)</small><br></div><div class="spacer battle-history"><br></div><h2 class="battle-history">Turn 24</h2><div class="spacer battle-history"><br></div><div class="battle-history">Mr. Mime, come back!<br></div><div class="battle-history">Go! <strong>Muk</strong>!<br></div><div class="spacer battle-history"><br></div><div class="battle-history">The opposing Natu used <strong>U-turn</strong>!<br></div><div class="battle-history"><small>It's not very effective...</small><br></div><div class="battle-history"><small>(Muk lost <abbr title="−18/413">4.4%</abbr> of its health!)</small><br></div><div class="spacer battle-history"><br></div><div class="battle-history">The opposing Natu went back to PokemonMasterTJ!<br></div><div class="battle-history">PokemonMasterTJ sent out Gourgeist (<strong>Gourgeist-Super</strong>)!<br></div><div class="battle-history"><small>Pointed stones dug into the opposing Gourgeist!</small><br></div><div class="battle-history"><small>[The opposing Gourgeist's Frisk]</small><br><small>The opposing Gourgeist frisked Muk and found its Black Sludge!</small><br></div><div class="spacer battle-history"><br></div><div class="battle-history"><small>Muk restored a little HP using its Black Sludge!</small><br></div><div class="spacer battle-history"><br></div><h2 class="battle-history">Turn 25</h2><div class="spacer battle-history"><br></div><div class="battle-history">The opposing Gourgeist used <strong>Leech Seed</strong>!<br></div><div class="battle-history"><small>Muk was seeded!</small><br></div><div class="spacer battle-history"><br></div><div class="battle-history">Muk used <strong>Poison Jab</strong>!<br></div><div class="battle-history"><small>(The opposing Gourgeist lost <abbr title="−57/374">15.2%</abbr> of its health!)</small><br></div><div class="battle-history"><small>The opposing Gourgeist was poisoned!</small><br></div><div class="spacer battle-history"><br></div><div class="battle-history"><small>Muk restored a little HP using its Black Sludge!</small><br></div><div class="battle-history"><small>Muk's health is sapped by Leech Seed!</small><br></div><div class="battle-history"><small>The opposing Gourgeist was hurt by poison!</small><br></div><div class="spacer battle-history"><br></div><h2 class="battle-history">Turn 26</h2><div class="spacer battle-history"><br></div><div class="battle-history">Muk, come back!<br></div><div class="battle-history">Go! <strong>Articuno</strong>!<br></div><div class="battle-history"><small>[Articuno's Pressure]</small><br><small>Articuno is exerting its pressure!</small><br></div><div class="spacer battle-history"><br></div><div class="battle-history">The opposing Gourgeist used <strong>Will-O-Wisp</strong>!<br></div><div class="battle-history"><small>Articuno was burned!</small><br></div><div class="spacer battle-history"><br></div><div class="battle-history"><small>Articuno was hurt by its burn!</small><br></div><div class="battle-history"><small>The opposing Gourgeist was hurt by poison!</small><br></div><div class="spacer battle-history"><br></div><h2 class="battle-history">Turn 27</h2><div class="spacer battle-history"><br></div><div class="battle-history">Articuno, come back!<br></div><div class="battle-history">Go! <strong>Muk</strong>!<br></div><div class="spacer battle-history"><br></div><div class="battle-history">PokemonMasterTJ withdrew Gourgeist!<br></div><div class="battle-history">PokemonMasterTJ sent out <strong>Clefairy</strong>!<br></div><div class="spacer battle-history"><br></div><div class="battle-history"><small>Muk restored a little HP using its Black Sludge!</small><br></div><div class="spacer battle-history"><br></div><h2 class="battle-history">Turn 28</h2><div class="chat chatmessage-pokemonmastertj"><strong style="color:hsl(26,75%,48%)"><small>☆</small><span class="username" data-name="PokemonMasterTJ">PokemonMasterTJ</span>:</strong> <em>rip</em></div><div class="chat chatmessage-pokemonmastertj"><strong style="color:hsl(26,75%,48%)"><small>☆</small><span class="username" data-name="PokemonMasterTJ">PokemonMasterTJ</span>:</strong> <em>gg</em></div><div class="spacer battle-history"><br></div><div class="battle-history">Muk used <strong>Curse</strong>!<br></div><div class="battle-history"><small>Muk's Speed fell!</small><br></div><div class="battle-history"><small>Muk's Attack rose!</small><br></div><div class="battle-history"><small>Muk's Defense rose!</small><br></div><div class="spacer battle-history"><br></div><div class="battle-history">The opposing Clefairy used <strong>Thunder Wave</strong>!<br></div><div class="battle-history"><small>Muk is paralyzed! It may be unable to move!</small><br></div><div class="spacer battle-history"><br></div><div class="battle-history"><small>Muk restored a little HP using its Black Sludge!</small><br></div><div class="spacer battle-history"><br></div><h2 class="battle-history">Turn 29</h2><div class="chat chatmessage-2xtheafk"><strong style="color:hsl(263,68%,56.742643603584376%)"><small>☆</small><span class="username" data-name="2xTheAFK">2xTheAFK</span>:</strong> <em>maybe</em></div><div class="spacer battle-history"><br></div><div class="battle-history">PokemonMasterTJ withdrew Clefairy!<br></div><div class="battle-history">PokemonMasterTJ sent out <strong>Muk</strong>!<br></div><div class="battle-history"><small>Pointed stones dug into the opposing Muk!</small><br></div><div class="spacer battle-history"><br></div><div class="battle-history">Muk is paralyzed! It can't move!<br></div><div class="spacer battle-history"><br></div><div class="battle-history"><small>The opposing Muk restored a little HP using its Black Sludge!</small><br></div><div class="battle-history"><small>Muk restored a little HP using its Black Sludge!</small><br></div><div class="spacer battle-history"><br></div><h2 class="battle-history">Turn 30</h2><div class="chat chatmessage-2xtheafk"><strong style="color:hsl(263,68%,56.742643603584376%)"><small>☆</small><span class="username" data-name="2xTheAFK">2xTheAFK</span>:</strong> <em>I clicked jab</em></div><div class="chat chatmessage-2xtheafk"><strong style="color:hsl(263,68%,56.742643603584376%)"><small>☆</small><span class="username" data-name="2xTheAFK">2xTheAFK</span>:</strong> <em>lol</em></div><div class="spacer battle-history"><br></div><div class="battle-history">The opposing Muk used <strong>Rest</strong>!<br></div><div class="battle-history"><small>The opposing Muk fell asleep!</small><br></div><div class="battle-history"><small>The opposing Muk slept and became healthy!</small><br></div><div class="spacer battle-history"><br></div><div class="battle-history">Muk used <strong>Rest</strong>!<br></div><div class="battle-history"><small>Muk fell asleep!</small><br></div><div class="battle-history"><small>Muk slept and became healthy!</small><br></div><div class="spacer battle-history"><br></div><h2 class="battle-history">Turn 31</h2><div class="chat chatmessage-pokemonmastertj"><strong style="color:hsl(26,75%,48%)"><small>☆</small><span class="username" data-name="PokemonMasterTJ">PokemonMasterTJ</span>:</strong> <em>rip</em></div><div class="spacer battle-history"><br></div><div class="battle-history">The opposing Muk is fast asleep.<br></div><div class="spacer battle-history"><br></div><div class="battle-history">The opposing Muk used <strong>Sleep Talk</strong>!<br></div><div class="spacer battle-history"><br></div><div class="battle-history">The opposing Muk used <strong>Curse</strong>!<br></div><div class="battle-history"><small>The opposing Muk's Speed fell!</small><br></div><div class="battle-history"><small>The opposing Muk's Attack rose!</small><br></div><div class="battle-history"><small>The opposing Muk's Defense rose!</small><br></div><div class="spacer battle-history"><br></div><div class="battle-history">Muk is fast asleep.<br></div><div class="spacer battle-history"><br></div><div class="battle-history">Muk used <strong>Sleep Talk</strong>!<br></div><div class="spacer battle-history"><br></div><div class="battle-history">Muk used <strong>Curse</strong>!<br></div><div class="battle-history"><small>Muk's Speed fell!</small><br></div><div class="battle-history"><small>Muk's Attack rose!</small><br></div><div class="battle-history"><small>Muk's Defense rose!</small><br></div><div class="spacer battle-history"><br></div><h2 class="battle-history">Turn 32</h2><div class="spacer battle-history"><br></div><div class="battle-history">The opposing Muk is fast asleep.<br></div><div class="spacer battle-history"><br></div><div class="battle-history">The opposing Muk used <strong>Sleep Talk</strong>!<br></div><div class="spacer battle-history"><br></div><div class="battle-history">The opposing Muk used <strong>Curse</strong>!<br></div><div class="battle-history"><small>The opposing Muk's Speed fell!</small><br></div><div class="battle-history"><small>The opposing Muk's Attack rose!</small><br></div><div class="battle-history"><small>The opposing Muk's Defense rose!</small><br></div><div class="spacer battle-history"><br></div><div class="battle-history">Muk is fast asleep.<br></div><div class="spacer battle-history"><br></div><div class="battle-history">Muk used <strong>Sleep Talk</strong>!<br></div><div class="spacer battle-history"><br></div><div class="battle-history">Muk used <strong>Rest</strong>!<br></div><div class="battle-history"><small>But it failed!</small><br></div><div class="spacer battle-history"><br></div><h2 class="battle-history">Turn 33</h2><div class="chat chatmessage-2xtheafk"><strong style="color:hsl(263,68%,56.742643603584376%)"><small>☆</small><span class="username" data-name="2xTheAFK">2xTheAFK</span>:</strong> <em>this meta is garbage lol</em></div><div class="chat chatmessage-2xtheafk"><strong style="color:hsl(263,68%,56.742643603584376%)"><small>☆</small><span class="username" data-name="2xTheAFK">2xTheAFK</span>:</strong> <em>why does this always happen</em></div><div class="spacer battle-history"><br></div><div class="battle-history"><small>Muk woke up!</small><br></div><div class="spacer battle-history"><br></div><div class="battle-history">Muk used <strong>Curse</strong>!<br></div><div class="battle-history"><small>Muk's Speed fell!</small><br></div><div class="battle-history"><small>Muk's Attack rose!</small><br></div><div class="battle-history"><small>Muk's Defense rose!</small><br></div><div class="battle-history"><small>The opposing Muk woke up!</small><br></div><div class="spacer battle-history"><br></div><div class="battle-history">The opposing Muk used <strong>Curse</strong>!<br></div><div class="battle-history"><small>The opposing Muk's Speed fell!</small><br></div><div class="battle-history"><small>The opposing Muk's Attack rose!</small><br></div><div class="battle-history"><small>The opposing Muk's Defense rose!</small><br></div><div class="spacer battle-history"><br></div><h2 class="battle-history">Turn 34</h2><div class="spacer battle-history"><br></div><div class="battle-history">Muk used <strong>Curse</strong>!<br></div><div class="battle-history"><small>Muk's Speed fell!</small><br></div><div class="battle-history"><small>Muk's Attack rose!</small><br></div><div class="battle-history"><small>Muk's Defense rose!</small><br></div><div class="spacer battle-history"><br></div><div class="battle-history">The opposing Muk used <strong>Curse</strong>!<br></div><div class="battle-history"><small>The opposing Muk's Speed fell!</small><br></div><div class="battle-history"><small>The opposing Muk's Attack rose!</small><br></div><div class="battle-history"><small>The opposing Muk's Defense rose!</small><br></div><div class="spacer battle-history"><br></div><h2 class="battle-history">Turn 35</h2><div class="spacer battle-history"><br></div><div class="battle-history">Muk used <strong>Curse</strong>!<br></div><div class="battle-history"><small>Muk's Speed fell!</small><br></div><div class="battle-history"><small>Muk's Attack rose!</small><br></div><div class="battle-history"><small>Muk's Defense rose!</small><br></div><div class="spacer battle-history"><br></div><div class="battle-history">The opposing Muk used <strong>Curse</strong>!<br></div><div class="battle-history"><small>The opposing Muk's Speed fell!</small><br></div><div class="battle-history"><small>The opposing Muk's Attack rose!</small><br></div><div class="battle-history"><small>The opposing Muk's Defense rose!</small><br></div><div class="spacer battle-history"><br></div><h2 class="battle-history">Turn 36</h2><div class="spacer battle-history"><br></div><div class="battle-history">Muk used <strong>Curse</strong>!<br></div><div class="battle-history"><small>Muk's Speed fell!</small><br></div><div class="battle-history"><small>Muk's Attack rose!</small><br></div><div class="battle-history"><small>Muk's Defense rose!</small><br></div><div class="spacer battle-history"><br></div><div class="battle-history">The opposing Muk used <strong>Curse</strong>!<br></div><div class="battle-history"><small>The opposing Muk's Speed fell!</small><br></div><div class="battle-history"><small>The opposing Muk's Attack rose!</small><br></div><div class="battle-history"><small>The opposing Muk's Defense rose!</small><br></div><div class="spacer battle-history"><br></div><h2 class="battle-history">Turn 37</h2><div class="spacer battle-history"><br></div><div class="battle-history">The opposing Muk used <strong>Fire Punch</strong>!<br></div><div class="battle-history"><small>(Muk lost <abbr title="−84/413">20.3%</abbr> of its health!)</small><br></div><div class="spacer battle-history"><br></div><div class="battle-history">Muk used <strong>Poison Jab</strong>!<br></div><div class="battle-history"><small>It's not very effective...</small><br></div><div class="battle-history"><small>A critical hit!</small><br></div><div class="battle-history"><small>(The opposing Muk lost <abbr title="−345/414">83.3%</abbr> of its health!)</small><br></div><div class="spacer battle-history"><br></div><div class="battle-history"><small>The opposing Muk restored a little HP using its Black Sludge!</small><br></div><div class="battle-history"><small>Muk restored a little HP using its Black Sludge!</small><br></div><div class="spacer battle-history"><br></div><h2 class="battle-history">Turn 38</h2><div class="spacer battle-history"><br></div><div class="battle-history">The opposing Muk used <strong>Rest</strong>!<br></div><div class="battle-history"><small>The opposing Muk fell asleep!</small><br></div><div class="battle-history"><small>The opposing Muk slept and became healthy!</small><br></div><div class="spacer battle-history"><br></div><div class="battle-history">Muk used <strong>Poison Jab</strong>!<br></div><div class="battle-history"><small>It's not very effective...</small><br></div><div class="battle-history"><small>A critical hit!</small><br></div><div class="battle-history"><small>(The opposing Muk lost <abbr title="−352/414">85.0%</abbr> of its health!)</small><br></div><div class="spacer battle-history"><br></div><div class="battle-history"><small>Muk restored a little HP using its Black Sludge!</small><br></div><div class="battle-history"><small>The opposing Muk restored a little HP using its Black Sludge!</small><br></div><div class="spacer battle-history"><br></div><h2 class="battle-history">Turn 39</h2><div class="spacer battle-history"><br></div><div class="battle-history">The opposing Muk is fast asleep.<br></div><div class="spacer battle-history"><br></div><div class="battle-history">The opposing Muk used <strong>Sleep Talk</strong>!<br></div><div class="spacer battle-history"><br></div><div class="battle-history">The opposing Muk used <strong>Fire Punch</strong>!<br></div><div class="battle-history"><small>(Muk lost <abbr title="−77/413">18.6%</abbr> of its health!)</small><br></div><div class="spacer battle-history"><br></div><div class="battle-history">Muk used <strong>Poison Jab</strong>!<br></div><div class="battle-history"><small>It's not very effective...</small><br></div><div class="battle-history"><small>(The opposing Muk lost <abbr title="−63/414">15.2%</abbr> of its health!)</small><br></div><div class="spacer battle-history"><br></div><div class="battle-history"><small>Muk restored a little HP using its Black Sludge!</small><br></div><div class="battle-history"><small>The opposing Muk restored a little HP using its Black Sludge!</small><br></div><div class="spacer battle-history"><br></div><h2 class="battle-history">Turn 40</h2><div class="spacer battle-history"><br></div><div class="battle-history">Muk used <strong>Poison Jab</strong>!<br></div><div class="battle-history"><small>It's not very effective...</small><br></div><div class="battle-history"><small>(The opposing Muk lost <abbr title="−49/414">11.8%</abbr> of its health!)</small><br></div><div class="spacer battle-history"><br></div><div class="battle-history">The opposing Muk fainted!<br></div><div class="spacer battle-history"><br></div><div class="battle-history"><small>Muk restored a little HP using its Black Sludge!</small><br></div><div class="chat chatmessage-pokemonmastertj"><strong style="color:hsl(26,75%,48%)"><small>☆</small><span class="username" data-name="PokemonMasterTJ">PokemonMasterTJ</span>:</strong> <em>gg</em></div><div class="chat chatmessage-2xtheafk"><strong style="color:hsl(263,68%,56.742643603584376%)"><small>☆</small><span class="username" data-name="2xTheAFK">2xTheAFK</span>:</strong> <em>gg</em></div><div class="spacer battle-history"><br></div><div class="battle-history"><small>PokemonMasterTJ forfeited.</small><br></div><div class="spacer battle-history"><br></div><div class="battle-history"><strong>2xTheAFK</strong> won the battle!<br></div><div class="chat chatmessage-2xtheafk"><strong style="color:hsl(263,68%,56.742643603584376%)"><small>☆</small><span class="username" data-name="2xTheAFK">2xTheAFK</span>:</strong> <em>crits were gross</em></div><div class="chat chatmessage-2xtheafk"><strong style="color:hsl(263,68%,56.742643603584376%)"><small>☆</small><span class="username" data-name="2xTheAFK">2xTheAFK</span>:</strong> <em>fire punch wouldve won</em></div><div class="chat chatmessage-pokemonmastertj"><strong style="color:hsl(26,75%,48%)"><small>☆</small><span class="username" data-name="PokemonMasterTJ">PokemonMasterTJ</span>:</strong> <em>yea but</em></div><div class="chat chatmessage-pokemonmastertj"><strong style="color:hsl(26,75%,48%)"><small>☆</small><span class="username" data-name="PokemonMasterTJ">PokemonMasterTJ</span>:</strong> <em>the para</em></div><div class="chat chatmessage-2xtheafk"><strong style="color:hsl(263,68%,56.742643603584376%)"><small>☆</small><span class="username" data-name="2xTheAFK">2xTheAFK</span>:</strong> <em>the para was bad too lol</em></div><div class="chat chatmessage-pokemonmastertj"><strong style="color:hsl(26,75%,48%)"><small>☆</small><span class="username" data-name="PokemonMasterTJ">PokemonMasterTJ</span>:</strong> <em>have u used fire punch?</em></div><div class="chat chatmessage-2xtheafk"><strong style="color:hsl(263,68%,56.742643603584376%)"><small>☆</small><span class="username" data-name="2xTheAFK">2xTheAFK</span>:</strong> <em>yeah a bit</em></div><div class="chat chatmessage-2xtheafk"><strong style="color:hsl(263,68%,56.742643603584376%)"><small>☆</small><span class="username" data-name="2xTheAFK">2xTheAFK</span>:</strong> <em>PuP too</em></div><div class="chat chatmessage-pokemonmastertj"><strong style="color:hsl(26,75%,48%)"><small>☆</small><span class="username" data-name="PokemonMasterTJ">PokemonMasterTJ</span>:</strong> <em>oh cool</em></div><div class="chat chatmessage-2xtheafk"><strong style="color:hsl(263,68%,56.742643603584376%)"><small>☆</small><span class="username" data-name="2xTheAFK">2xTheAFK</span>:</strong> <em>it's so passive</em></div><div class="chat chatmessage-2xtheafk"><strong style="color:hsl(263,68%,56.742643603584376%)"><small>☆</small><span class="username" data-name="2xTheAFK">2xTheAFK</span>:</strong> <em>and golem is pretty common</em></div><div class="chat chatmessage-2xtheafk"><strong style="color:hsl(263,68%,56.742643603584376%)"><small>☆</small><span class="username" data-name="2xTheAFK">2xTheAFK</span>:</strong> <em>all it takes is a double from something muk walls to golem</em></div><div class="chat chatmessage-pokemonmastertj"><strong style="color:hsl(26,75%,48%)"><small>☆</small><span class="username" data-name="PokemonMasterTJ">PokemonMasterTJ</span>:</strong> <em>gotta creep run giga</em></div><div class="chat chatmessage-2xtheafk"><strong style="color:hsl(263,68%,56.742643603584376%)"><small>☆</small><span class="username" data-name="2xTheAFK">2xTheAFK</span>:</strong> <em>yeah</em></div><div class="chat chatmessage-2xtheafk"><strong style="color:hsl(263,68%,56.742643603584376%)"><small>☆</small><span class="username" data-name="2xTheAFK">2xTheAFK</span>:</strong> <em>or double from muk to something that threatens golem like vibrava</em></div><div class="chat chatmessage-2xtheafk"><strong style="color:hsl(263,68%,56.742643603584376%)"><small>☆</small><span class="username" data-name="2xTheAFK">2xTheAFK</span>:</strong> <em>but that can be risky, switching vibrava in straight to something that muk walls like zeb lol</em></div><div class="chat chatmessage-pokemonmastertj"><strong style="color:hsl(26,75%,48%)"><small>☆</small><span class="username" data-name="PokemonMasterTJ">PokemonMasterTJ</span>:</strong> <em>yea so jab/giga icepunch and maybe fire punch on like av idk</em></div><div class="chat chatmessage-2xtheafk"><strong style="color:hsl(263,68%,56.742643603584376%)"><small>☆</small><span class="username" data-name="2xTheAFK">2xTheAFK</span>:</strong> <em>I like that set with fire blast too</em></div><div class="chat chatmessage-2xtheafk"><strong style="color:hsl(263,68%,56.742643603584376%)"><small>☆</small><span class="username" data-name="2xTheAFK">2xTheAFK</span>:</strong> <em>paired with dodrio or stout</em></div><div class="chat chatmessage-pokemonmastertj"><strong style="color:hsl(26,75%,48%)"><small>☆</small><span class="username" data-name="PokemonMasterTJ">PokemonMasterTJ</span>:</strong> <em>i used sub punch when we first got muk and people said it was bad =/</em></div><div class="chat chatmessage-2xtheafk"><strong style="color:hsl(263,68%,56.742643603584376%)"><small>☆</small><span class="username" data-name="2xTheAFK">2xTheAFK</span>:</strong> <em>on lure muk, I do brick break / giga drain / fire blast / gunk shot</em></div><div class="chat chatmessage-2xtheafk"><strong style="color:hsl(263,68%,56.742643603584376%)"><small>☆</small><span class="username" data-name="2xTheAFK">2xTheAFK</span>:</strong> <em>subpunch is never bad</em></div><div class="chat chatmessage-pokemonmastertj"><strong style="color:hsl(26,75%,48%)"><small>☆</small><span class="username" data-name="PokemonMasterTJ">PokemonMasterTJ</span>:</strong> <em>i love it in dpp</em></div><div class="chat chatmessage-2xtheafk"><strong style="color:hsl(263,68%,56.742643603584376%)"><small>☆</small><span class="username" data-name="2xTheAFK">2xTheAFK</span>:</strong> <em>subpunch poliwrath</em></div><div class="chat chatmessage-2xtheafk"><strong style="color:hsl(263,68%,56.742643603584376%)"><small>☆</small><span class="username" data-name="2xTheAFK">2xTheAFK</span>:</strong> <em>is also nice there</em></div><div class="chat chatmessage-2xtheafk"><strong style="color:hsl(263,68%,56.742643603584376%)"><small>☆</small><span class="username" data-name="2xTheAFK">2xTheAFK</span>:</strong> <em>with bulk up</em></div><div class="chat chatmessage-2xtheafk"><strong style="color:hsl(263,68%,56.742643603584376%)"><small>☆</small><span class="username" data-name="2xTheAFK">2xTheAFK</span>:</strong> <em>it beats gastrodon</em></div></div><div class="inner-preempt"></div></div></div>
</div>
<script>
let daily = Math.floor(Date.now()/1000/60/60/24);document.write('<script src="https://play.pokemonshowdown.com/js/replay-embed.js?version'+daily+'"></'+'script>');
</script>
