<!DOCTYPE html>
<meta charset="utf-8" />
<!-- version 1 -->
<title>PU replay: sirdarkin vs. ShirubaRoketto</title>
<style>
html,body {font-family:Verdana, sans-serif;font-size:10pt;margin:0;padding:0;}body{padding:12px 0;} .battle-log {font-family:Verdana, sans-serif;font-size:10pt;} .battle-log-inline {border:1px solid #AAAAAA;background:#EEF2F5;color:black;max-width:640px;margin:0 auto 80px;padding-bottom:5px;} .battle-log .inner {padding:4px 8px 0px 8px;} .battle-log .inner-preempt {padding:0 8px 4px 8px;} .battle-log .inner-after {margin-top:0.5em;} .battle-log h2 {margin:0.5em -8px;padding:4px 8px;border:1px solid #AAAAAA;background:#E0E7EA;border-left:0;border-right:0;font-family:Verdana, sans-serif;font-size:13pt;} .battle-log .chat {vertical-align:middle;padding:3px 0 3px 0;font-size:8pt;} .battle-log .chat strong {color:#40576A;} .battle-log .chat em {padding:1px 4px 1px 3px;color:#000000;font-style:normal;} .chat.mine {background:rgba(0,0,0,0.05);margin-left:-8px;margin-right:-8px;padding-left:8px;padding-right:8px;} .spoiler {color:#BBBBBB;background:#BBBBBB;padding:0px 3px;} .spoiler:hover, .spoiler:active, .spoiler-shown {color:#000000;background:#E2E2E2;padding:0px 3px;} .spoiler a {color:#BBBBBB;} .spoiler:hover a, .spoiler:active a, .spoiler-shown a {color:#2288CC;} .chat code, .chat .spoiler:hover code, .chat .spoiler:active code, .chat .spoiler-shown code {border:1px solid #C0C0C0;background:#EEEEEE;color:black;padding:0 2px;} .chat .spoiler code {border:1px solid #CCCCCC;background:#CCCCCC;color:#CCCCCC;} .battle-log .rated {padding:3px 4px;} .battle-log .rated strong {color:white;background:#89A;padding:1px 4px;border-radius:4px;} .spacer {margin-top:0.5em;} .message-announce {background:#6688AA;color:white;padding:1px 4px 2px;} .message-announce a, .broadcast-green a, .broadcast-blue a, .broadcast-red a {color:#DDEEFF;} .broadcast-green {background-color:#559955;color:white;padding:2px 4px;} .broadcast-blue {background-color:#6688AA;color:white;padding:2px 4px;} .infobox {border:1px solid #6688AA;padding:2px 4px;} .infobox-limited {max-height:200px;overflow:auto;overflow-x:hidden;} .broadcast-red {background-color:#AA5544;color:white;padding:2px 4px;} .message-learn-canlearn {font-weight:bold;color:#228822;text-decoration:underline;} .message-learn-cannotlearn {font-weight:bold;color:#CC2222;text-decoration:underline;} .message-effect-weak {font-weight:bold;color:#CC2222;} .message-effect-resist {font-weight:bold;color:#6688AA;} .message-effect-immune {font-weight:bold;color:#666666;} .message-learn-list {margin-top:0;margin-bottom:0;} .message-throttle-notice, .message-error {color:#992222;} .message-overflow, .chat small.message-overflow {font-size:0pt;} .message-overflow::before {font-size:9pt;content:'...';} .subtle {color:#3A4A66;}
</style>
<div class="wrapper replay-wrapper" style="max-width:1180px;margin:0 auto">
<input type="hidden" name="replayid" value="pu-582972803" />
<div class="battle"></div><div class="battle-log"></div><div class="replay-controls"></div><div class="replay-controls-2"></div>
<h1 style="font-weight:normal;text-align:center"><strong>PU</strong><br /><a href="http://pokemonshowdown.com/users/sirdarkin" class="subtle" target="_blank">sirdarkin</a> vs. <a href="http://pokemonshowdown.com/users/shirubaroketto" class="subtle" target="_blank">ShirubaRoketto</a></h1>
<script type="text/plain" class="battle-log-data">|j|sirdarkin
|j|ShirubaRoketto
|player|p1|sirdarkin|2
|teamsize|p1|6
|player|p2|ShirubaRoketto|10
|teamsize|p2|6
|gametype|singles
|gen|6
|tier|PU
|rated
|seed|10032,34892,10711,7417
|rule|Sleep Clause Mod: Limit one foe put to sleep
|rule|Species Clause: Limit one of each Pokémon
|rule|OHKO Clause: OHKO moves are banned
|rule|Moody Clause: Moody is banned
|rule|Evasion Moves Clause: Evasion moves are banned
|rule|Endless Battle Clause: Forcing endless battles is banned
|rule|HP Percentage Mod: HP is shown in percentages
|clearpoke
|poke|p1|Gogoat, M|item
|poke|p1|Seadra, M|item
|poke|p1|Dusknoir, F|item
|poke|p1|Regice|item
|poke|p1|Armaldo, M|item
|poke|p1|Shelgon, M|item
|poke|p2|Monferno, M, shiny|item
|poke|p2|Smeargle, M, shiny|item
|poke|p2|Spinda, M|item
|poke|p2|Purugly, M, shiny|item
|poke|p2|Delcatty, F|item
|poke|p2|Meowstic, M|item
|rule|Swagger Clause: Swagger is banned
|rule|Baton Pass Clause: Limit one Baton Passer, can't pass Spe and other stats simultaneously
|teampreview
|choice|team 5, team 2, team 3, team 4, team 1, team 6|team 2, team 1, team 3, team 4, team 5, team 6
|
|start
|switch|p1a: Armaldo|Armaldo, M|354\/354
|switch|p2a: Smeargle|Smeargle, M, shiny|251\/251
|turn|1
|choice|move stealthrock|move vcreate
|
|move|p2a: Smeargle|V-create|p1a: Armaldo
|-damage|p1a: Armaldo|249\/354
|-unboost|p2a: Smeargle|spe|1
|-unboost|p2a: Smeargle|def|1
|-unboost|p2a: Smeargle|spd|1
|move|p1a: Armaldo|Stealth Rock|p2a: Smeargle
|-sidestart|p2: ShirubaRoketto|move: Stealth Rock
|
|-heal|p1a: Armaldo|271\/354|[from] item: Leftovers
|upkeep
|turn|2
|choice|move xscissor|move vcreate
|
|move|p2a: Smeargle|V-create|p1a: Armaldo
|-damage|p1a: Armaldo|175\/354
|-unboost|p2a: Smeargle|spe|1
|-unboost|p2a: Smeargle|def|1
|-unboost|p2a: Smeargle|spd|1
|move|p1a: Armaldo|X-Scissor|p2a: Smeargle
|-damage|p2a: Smeargle|0 fnt
|faint|p2a: Smeargle
|
|-heal|p1a: Armaldo|197\/354|[from] item: Leftovers
|upkeep
|choice||switch 2
|
|switch|p2a: Monferno|Monferno, M, shiny|269\/269
|-damage|p2a: Monferno|236\/269|[from] Stealth Rock
|turn|3
|choice|move earthquake|move assist
|
|move|p2a: Monferno|Assist|p2a: Monferno
|move|p2a: Monferno|V-create|p1a: Armaldo|[from]Assist
|-damage|p1a: Armaldo|0 fnt
|-unboost|p2a: Monferno|spe|1
|-unboost|p2a: Monferno|def|1
|-unboost|p2a: Monferno|spd|1
|faint|p1a: Armaldo
|
|upkeep
|choice|switch 6|
|
|switch|p1a: Shelgon|Shelgon, M|291\/291
|turn|4
|choice|move dragondance|move assist
|
|move|p1a: Shelgon|Dragon Dance|p1a: Shelgon
|-boost|p1a: Shelgon|atk|1
|-boost|p1a: Shelgon|spe|1
|move|p2a: Monferno|Assist|p2a: Monferno
|move|p2a: Monferno|V-create|p1a: Shelgon|[from]Assist
|-resisted|p1a: Shelgon
|-damage|p1a: Shelgon|168\/291
|-unboost|p2a: Monferno|spe|1
|-unboost|p2a: Monferno|def|1
|-unboost|p2a: Monferno|spd|1
|
|upkeep
|turn|5
|choice|move dragonclaw|move assist
|
|move|p1a: Shelgon|Dragon Claw|p2a: Monferno
|-damage|p2a: Monferno|0 fnt
|faint|p2a: Monferno
|
|upkeep
|choice||switch 4
|
|switch|p2a: Purugly|Purugly, M, shiny|283\/283
|-damage|p2a: Purugly|248\/283|[from] Stealth Rock
|turn|6
|choice|move dragonclaw|move assist
|
|move|p2a: Purugly|Assist|p2a: Purugly
|move|p2a: Purugly|V-create|p1a: Shelgon|[from]Assist
|-resisted|p1a: Shelgon
|-damage|p1a: Shelgon|84\/291
|-unboost|p2a: Purugly|spe|1
|-unboost|p2a: Purugly|def|1
|-unboost|p2a: Purugly|spd|1
|move|p1a: Shelgon|Dragon Claw|p2a: Purugly
|-damage|p2a: Purugly|0 fnt
|faint|p2a: Purugly
|
|upkeep
|choice||switch 5
|
|switch|p2a: Delcatty|Delcatty, F|281\/281
|-damage|p2a: Delcatty|246\/281|[from] Stealth Rock
|turn|7
|choice|move dragondance|move assist
|
|move|p1a: Shelgon|Dragon Dance|p1a: Shelgon
|-boost|p1a: Shelgon|atk|1
|-boost|p1a: Shelgon|spe|1
|move|p2a: Delcatty|Assist|p2a: Delcatty
|move|p2a: Delcatty|V-create|p1a: Shelgon|[from]Assist
|-damage|p1a: Shelgon|0 fnt
|-unboost|p2a: Delcatty|spe|1
|-unboost|p2a: Delcatty|def|1
|-unboost|p2a: Delcatty|spd|1
|faint|p1a: Shelgon
|
|upkeep
|choice|switch 2|
|
|switch|p1a: Seadra|Seadra, M|314\/314
|turn|8
|choice|move scald|move assist
|
|move|p1a: Seadra|Scald|p2a: Delcatty
|-damage|p2a: Delcatty|29\/281
|move|p2a: Delcatty|Assist|p2a: Delcatty
|move|p2a: Delcatty|V-create|p1a: Seadra|[from]Assist
|-crit|p1a: Seadra
|-damage|p1a: Seadra|0 fnt
|-status|p2a: Delcatty|psn|[from] ability: Poison Point|[of] p1a: Seadra
|-unboost|p2a: Delcatty|spe|1
|-unboost|p2a: Delcatty|def|1
|-unboost|p2a: Delcatty|spd|1
|faint|p1a: Seadra
|
|-damage|p2a: Delcatty|0 fnt|[from] psn
|upkeep
|faint|p2a: Delcatty
|choice|switch 3|switch 3
|
|switch|p2a: Spinda|Spinda, M|261\/261
|switch|p1a: Dusknoir|Dusknoir, F|294\/294
|-damage|p2a: Spinda|229\/261|[from] Stealth Rock
|-ability|p1a: Dusknoir|Pressure
|turn|9
|choice|move willowisp|move assist
|
|move|p2a: Spinda|Assist|p2a: Spinda
|move|p2a: Spinda|V-create|p1a: Dusknoir|[from]Assist
|-damage|p1a: Dusknoir|123\/294
|-boost|p2a: Spinda|spe|1
|-boost|p2a: Spinda|def|1
|-boost|p2a: Spinda|spd|1
|move|p1a: Dusknoir|Will-O-Wisp|p2a: Spinda
|-status|p2a: Spinda|brn
|
|-heal|p1a: Dusknoir|141\/294|[from] item: Leftovers
|-damage|p2a: Spinda|197\/261 brn|[from] brn
|upkeep
|turn|10
|choice|move painsplit|move assist
|
|move|p2a: Spinda|Assist|p2a: Spinda
|move|p2a: Spinda|V-create|p1a: Dusknoir|[from]Assist
|-damage|p1a: Dusknoir|65\/294
|-boost|p2a: Spinda|spe|1
|-boost|p2a: Spinda|def|1
|-boost|p2a: Spinda|spd|1
|move|p1a: Dusknoir|Pain Split|p2a: Spinda
|-sethp|p2a: Spinda|131\/261 brn|p1a: Dusknoir|131\/294|[from] move: Pain Split
|
|-heal|p1a: Dusknoir|149\/294|[from] item: Leftovers
|-damage|p2a: Spinda|99\/261 brn|[from] brn
|upkeep
|turn|11
|choice|move seismictoss|move assist
|
|move|p2a: Spinda|Assist|p2a: Spinda
|move|p2a: Spinda|V-create|p1a: Dusknoir|[from]Assist
|-damage|p1a: Dusknoir|73\/294
|-boost|p2a: Spinda|spe|1
|-boost|p2a: Spinda|def|1
|-boost|p2a: Spinda|spd|1
|move|p1a: Dusknoir|Seismic Toss|p2a: Spinda
|-damage|p2a: Spinda|0 fnt
|faint|p2a: Spinda
|
|-heal|p1a: Dusknoir|91\/294|[from] item: Leftovers
|upkeep
|choice||switch 6
|
|switch|p2a: Meowstic|Meowstic, M|352\/352
|-damage|p2a: Meowstic|308\/352|[from] Stealth Rock
|turn|12
|choice|move willowisp|move assist
|
|move|p2a: Meowstic|Assist|p2a: Meowstic
|move|p2a: Meowstic|V-create|p1a: Dusknoir|[from]Assist
|-damage|p1a: Dusknoir|0 fnt
|-unboost|p2a: Meowstic|spe|1
|-unboost|p2a: Meowstic|def|1
|-unboost|p2a: Meowstic|spd|1
|faint|p1a: Dusknoir
|
|upkeep
|choice|switch 5|
|
|switch|p1a: Gogoat|Gogoat, M|450\/450
|turn|13
|choice|move hornleech|move assist
|
|move|p2a: Meowstic|Assist|p2a: Meowstic
|move|p2a: Meowstic|V-create|p1a: Gogoat|[from]Assist
|-supereffective|p1a: Gogoat
|-damage|p1a: Gogoat|0 fnt
|-unboost|p2a: Meowstic|spe|1
|-unboost|p2a: Meowstic|def|1
|-unboost|p2a: Meowstic|spd|1
|faint|p1a: Gogoat
|
|upkeep
|choice|switch 4|
|
|switch|p1a: Regice|Regice|364\/364
|turn|14
|choice|move curse|move assist
|
|move|p2a: Meowstic|Assist|p2a: Meowstic
|move|p2a: Meowstic|V-create|p1a: Regice|[from]Assist
|-supereffective|p1a: Regice
|-crit|p1a: Regice
|-damage|p1a: Regice|0 fnt
|-unboost|p2a: Meowstic|spe|1
|-unboost|p2a: Meowstic|def|1
|-unboost|p2a: Meowstic|spd|1
|faint|p1a: Regice
|
|win|ShirubaRoketto
|raw|sirdarkin's rating: 1242 &rarr; <strong>1227<\/strong><br \/>(-15 for losing)
|raw|ShirubaRoketto's rating: 1387 &rarr; <strong>1399<\/strong><br \/>(+12 for winning)
|l|sirdarkin</script>
</div>
<div class="battle-log battle-log-inline"><div class="inner"><div class="battle-options"></div><div class="inner"><div class="chat"><small>sirdarkin joined.</small></div><div class="chat"><small>ShirubaRoketto joined.</small></div><div class=""><small>Format:</small> <br><strong>PU</strong></div><div class="rated"><strong>Rated battle</strong></div><div class=""><small><em>Sleep Clause Mod:</em> Limit one foe put to sleep</small></div><div class=""><small><em>Species Clause:</em> Limit one of each Pokémon</small></div><div class=""><small><em>OHKO Clause:</em> OHKO moves are banned</small></div><div class=""><small><em>Moody Clause:</em> Moody is banned</small></div><div class=""><small><em>Evasion Moves Clause:</em> Evasion moves are banned</small></div><div class=""><small><em>Endless Battle Clause:</em> Forcing endless battles is banned</small></div><div class=""><small><em>HP Percentage Mod:</em> HP is shown in percentages</small></div><div class=""><small><em>Swagger Clause:</em> Swagger is banned</small></div><div class=""><small><em>Baton Pass Clause:</em> Limit one Baton Passer, can't pass Spe and other stats simultaneously</small></div><div class="chat battle-history"><strong>sirdarkin's team:</strong> <em style="color:#445566;display:block;">Gogoat / Seadra / Dusknoir / Regice / Armaldo / Shelgon</em></div><div class="chat battle-history"><strong>ShirubaRoketto's team:</strong> <em style="color:#445566;display:block;">Monferno / Smeargle / Spinda / Purugly / Delcatty / Meowstic</em></div><div class="spacer battle-history"><br></div><div class="battle-history">Battle started between sirdarkin and ShirubaRoketto!<br></div><div class="spacer battle-history"><br></div><div class="battle-history">Go! <strong>Armaldo</strong>!<br></div><div class="spacer battle-history"><br></div><div class="battle-history">ShirubaRoketto sent out <strong>Smeargle</strong>!<br></div><div class="spacer battle-history"><br></div><h2 class="battle-history">Turn 1</h2><div class="spacer battle-history"><br></div><div class="battle-history">The opposing Smeargle used <strong>V-create</strong>!<br></div><div class="battle-history"><small>(Armaldo lost <abbr title="−105/354">29.7%</abbr> of its health!)</small><br></div><div class="battle-history"><small>The opposing Smeargle's Speed fell!</small><br></div><div class="battle-history"><small>The opposing Smeargle's Defense fell!</small><br></div><div class="battle-history"><small>The opposing Smeargle's Special Defense fell!</small><br></div><div class="spacer battle-history"><br></div><div class="battle-history">Armaldo used <strong>Stealth Rock</strong>!<br></div><div class="battle-history"><small>Pointed stones float in the air around the opposing team!</small><br></div><div class="spacer battle-history"><br></div><div class="battle-history"><small>Armaldo restored a little HP using its Leftovers!</small><br></div><div class="spacer battle-history"><br></div><h2 class="battle-history">Turn 2</h2><div class="spacer battle-history"><br></div><div class="battle-history">The opposing Smeargle used <strong>V-create</strong>!<br></div><div class="battle-history"><small>(Armaldo lost <abbr title="−96/354">27.1%</abbr> of its health!)</small><br></div><div class="battle-history"><small>The opposing Smeargle's Speed fell!</small><br></div><div class="battle-history"><small>The opposing Smeargle's Defense fell!</small><br></div><div class="battle-history"><small>The opposing Smeargle's Special Defense fell!</small><br></div><div class="spacer battle-history"><br></div><div class="battle-history">Armaldo used <strong>X-Scissor</strong>!<br></div><div class="battle-history"><small>(The opposing Smeargle lost <abbr title="−251/251">100%</abbr> of its health!)</small><br></div><div class="spacer battle-history"><br></div><div class="battle-history">The opposing Smeargle fainted!<br></div><div class="spacer battle-history"><br></div><div class="battle-history"><small>Armaldo restored a little HP using its Leftovers!</small><br></div><div class="spacer battle-history"><br></div><div class="battle-history">ShirubaRoketto sent out <strong>Monferno</strong>!<br></div><div class="battle-history"><small>Pointed stones dug into the opposing Monferno!</small><br></div><div class="spacer battle-history"><br></div><h2 class="battle-history">Turn 3</h2><div class="spacer battle-history"><br></div><div class="battle-history">The opposing Monferno used <strong>Assist</strong>!<br></div><div class="spacer battle-history"><br></div><div class="battle-history">The opposing Monferno used <strong>V-create</strong>!<br></div><div class="battle-history"><small>(Armaldo lost <abbr title="−197/354">55.6%</abbr> of its health!)</small><br></div><div class="battle-history"><small>The opposing Monferno's Speed fell!</small><br></div><div class="battle-history"><small>The opposing Monferno's Defense fell!</small><br></div><div class="battle-history"><small>The opposing Monferno's Special Defense fell!</small><br></div><div class="spacer battle-history"><br></div><div class="battle-history">Armaldo fainted!<br></div><div class="spacer battle-history"><br></div><div class="battle-history">Go! <strong>Shelgon</strong>!<br></div><div class="spacer battle-history"><br></div><h2 class="battle-history">Turn 4</h2><div class="spacer battle-history"><br></div><div class="battle-history">Shelgon used <strong>Dragon Dance</strong>!<br></div><div class="battle-history"><small>Shelgon's Attack rose!</small><br></div><div class="battle-history"><small>Shelgon's Speed rose!</small><br></div><div class="spacer battle-history"><br></div><div class="battle-history">The opposing Monferno used <strong>Assist</strong>!<br></div><div class="spacer battle-history"><br></div><div class="battle-history">The opposing Monferno used <strong>V-create</strong>!<br></div><div class="battle-history"><small>It's not very effective...</small><br></div><div class="battle-history"><small>(Shelgon lost <abbr title="−123/291">42.3%</abbr> of its health!)</small><br></div><div class="battle-history"><small>The opposing Monferno's Speed fell!</small><br></div><div class="battle-history"><small>The opposing Monferno's Defense fell!</small><br></div><div class="battle-history"><small>The opposing Monferno's Special Defense fell!</small><br></div><div class="spacer battle-history"><br></div><h2 class="battle-history">Turn 5</h2><div class="spacer battle-history"><br></div><div class="battle-history">Shelgon used <strong>Dragon Claw</strong>!<br></div><div class="battle-history"><small>(The opposing Monferno lost <abbr title="−236/269">87.7%</abbr> of its health!)</small><br></div><div class="spacer battle-history"><br></div><div class="battle-history">The opposing Monferno fainted!<br></div><div class="spacer battle-history"><br></div><div class="battle-history">ShirubaRoketto sent out <strong>Purugly</strong>!<br></div><div class="battle-history"><small>Pointed stones dug into the opposing Purugly!</small><br></div><div class="spacer battle-history"><br></div><h2 class="battle-history">Turn 6</h2><div class="spacer battle-history"><br></div><div class="battle-history">The opposing Purugly used <strong>Assist</strong>!<br></div><div class="spacer battle-history"><br></div><div class="battle-history">The opposing Purugly used <strong>V-create</strong>!<br></div><div class="battle-history"><small>It's not very effective...</small><br></div><div class="battle-history"><small>(Shelgon lost <abbr title="−84/291">28.9%</abbr> of its health!)</small><br></div><div class="battle-history"><small>The opposing Purugly's Speed fell!</small><br></div><div class="battle-history"><small>The opposing Purugly's Defense fell!</small><br></div><div class="battle-history"><small>The opposing Purugly's Special Defense fell!</small><br></div><div class="spacer battle-history"><br></div><div class="battle-history">Shelgon used <strong>Dragon Claw</strong>!<br></div><div class="battle-history"><small>(The opposing Purugly lost <abbr title="−248/283">87.6%</abbr> of its health!)</small><br></div><div class="spacer battle-history"><br></div><div class="battle-history">The opposing Purugly fainted!<br></div><div class="spacer battle-history"><br></div><div class="battle-history">ShirubaRoketto sent out <strong>Delcatty</strong>!<br></div><div class="battle-history"><small>Pointed stones dug into the opposing Delcatty!</small><br></div><div class="spacer battle-history"><br></div><h2 class="battle-history">Turn 7</h2><div class="spacer battle-history"><br></div><div class="battle-history">Shelgon used <strong>Dragon Dance</strong>!<br></div><div class="battle-history"><small>Shelgon's Attack rose!</small><br></div><div class="battle-history"><small>Shelgon's Speed rose!</small><br></div><div class="spacer battle-history"><br></div><div class="battle-history">The opposing Delcatty used <strong>Assist</strong>!<br></div><div class="spacer battle-history"><br></div><div class="battle-history">The opposing Delcatty used <strong>V-create</strong>!<br></div><div class="battle-history"><small>(Shelgon lost <abbr title="−84/291">28.9%</abbr> of its health!)</small><br></div><div class="battle-history"><small>The opposing Delcatty's Speed fell!</small><br></div><div class="battle-history"><small>The opposing Delcatty's Defense fell!</small><br></div><div class="battle-history"><small>The opposing Delcatty's Special Defense fell!</small><br></div><div class="spacer battle-history"><br></div><div class="battle-history">Shelgon fainted!<br></div><div class="spacer battle-history"><br></div><div class="battle-history">Go! <strong>Seadra</strong>!<br></div><div class="spacer battle-history"><br></div><h2 class="battle-history">Turn 8</h2><div class="spacer battle-history"><br></div><div class="battle-history">Seadra used <strong>Scald</strong>!<br></div><div class="battle-history"><small>(The opposing Delcatty lost <abbr title="−217/281">77.2%</abbr> of its health!)</small><br></div><div class="spacer battle-history"><br></div><div class="battle-history">The opposing Delcatty used <strong>Assist</strong>!<br></div><div class="spacer battle-history"><br></div><div class="battle-history">The opposing Delcatty used <strong>V-create</strong>!<br></div><div class="battle-history"><small>A critical hit!</small><br></div><div class="battle-history"><small>(Seadra lost <abbr title="−314/314">100%</abbr> of its health!)</small><br></div><div class="battle-history"><small>[Seadra's Poison Point]</small><br><small>The opposing Delcatty was poisoned!</small><br></div><div class="battle-history"><small>The opposing Delcatty's Speed fell!</small><br></div><div class="battle-history"><small>The opposing Delcatty's Defense fell!</small><br></div><div class="battle-history"><small>The opposing Delcatty's Special Defense fell!</small><br></div><div class="spacer battle-history"><br></div><div class="battle-history">Seadra fainted!<br></div><div class="spacer battle-history"><br></div><div class="battle-history"><small>The opposing Delcatty was hurt by poison!</small><br></div><div class="spacer battle-history"><br></div><div class="battle-history">The opposing Delcatty fainted!<br></div><div class="spacer battle-history"><br></div><div class="battle-history">ShirubaRoketto sent out <strong>Spinda</strong>!<br></div><div class="spacer battle-history"><br></div><div class="battle-history">Go! <strong>Dusknoir</strong>!<br></div><div class="battle-history"><small>Pointed stones dug into the opposing Spinda!</small><br></div><div class="battle-history"><small>[Dusknoir's Pressure]</small><br><small>Dusknoir is exerting its pressure!</small><br></div><div class="spacer battle-history"><br></div><h2 class="battle-history">Turn 9</h2><div class="spacer battle-history"><br></div><div class="battle-history">The opposing Spinda used <strong>Assist</strong>!<br></div><div class="spacer battle-history"><br></div><div class="battle-history">The opposing Spinda used <strong>V-create</strong>!<br></div><div class="battle-history"><small>(Dusknoir lost <abbr title="−171/294">58.2%</abbr> of its health!)</small><br></div><div class="battle-history"><small>The opposing Spinda's Speed rose!</small><br></div><div class="battle-history"><small>The opposing Spinda's Defense rose!</small><br></div><div class="battle-history"><small>The opposing Spinda's Special Defense rose!</small><br></div><div class="spacer battle-history"><br></div><div class="battle-history">Dusknoir used <strong>Will-O-Wisp</strong>!<br></div><div class="battle-history"><small>The opposing Spinda was burned!</small><br></div><div class="spacer battle-history"><br></div><div class="battle-history"><small>Dusknoir restored a little HP using its Leftovers!</small><br></div><div class="battle-history"><small>The opposing Spinda was hurt by its burn!</small><br></div><div class="spacer battle-history"><br></div><h2 class="battle-history">Turn 10</h2><div class="spacer battle-history"><br></div><div class="battle-history">The opposing Spinda used <strong>Assist</strong>!<br></div><div class="spacer battle-history"><br></div><div class="battle-history">The opposing Spinda used <strong>V-create</strong>!<br></div><div class="battle-history"><small>(Dusknoir lost <abbr title="−76/294">25.9%</abbr> of its health!)</small><br></div><div class="battle-history"><small>The opposing Spinda's Speed rose!</small><br></div><div class="battle-history"><small>The opposing Spinda's Defense rose!</small><br></div><div class="battle-history"><small>The opposing Spinda's Special Defense rose!</small><br></div><div class="spacer battle-history"><br></div><div class="battle-history">Dusknoir used <strong>Pain Split</strong>!<br></div><div class="battle-history"><small>The battlers shared their pain!</small><br></div><div class="spacer battle-history"><br></div><div class="battle-history"><small>Dusknoir restored a little HP using its Leftovers!</small><br></div><div class="battle-history"><small>The opposing Spinda was hurt by its burn!</small><br></div><div class="spacer battle-history"><br></div><h2 class="battle-history">Turn 11</h2><div class="spacer battle-history"><br></div><div class="battle-history">The opposing Spinda used <strong>Assist</strong>!<br></div><div class="spacer battle-history"><br></div><div class="battle-history">The opposing Spinda used <strong>V-create</strong>!<br></div><div class="battle-history"><small>(Dusknoir lost <abbr title="−76/294">25.9%</abbr> of its health!)</small><br></div><div class="battle-history"><small>The opposing Spinda's Speed rose!</small><br></div><div class="battle-history"><small>The opposing Spinda's Defense rose!</small><br></div><div class="battle-history"><small>The opposing Spinda's Special Defense rose!</small><br></div><div class="spacer battle-history"><br></div><div class="battle-history">Dusknoir used <strong>Seismic Toss</strong>!<br></div><div class="battle-history"><small>(The opposing Spinda lost <abbr title="−99/261">37.9%</abbr> of its health!)</small><br></div><div class="spacer battle-history"><br></div><div class="battle-history">The opposing Spinda fainted!<br></div><div class="spacer battle-history"><br></div><div class="battle-history"><small>Dusknoir restored a little HP using its Leftovers!</small><br></div><div class="spacer battle-history"><br></div><div class="battle-history">ShirubaRoketto sent out <strong>Meowstic</strong>!<br></div><div class="battle-history"><small>Pointed stones dug into the opposing Meowstic!</small><br></div><div class="spacer battle-history"><br></div><h2 class="battle-history">Turn 12</h2><div class="spacer battle-history"><br></div><div class="battle-history">The opposing Meowstic used <strong>Assist</strong>!<br></div><div class="spacer battle-history"><br></div><div class="battle-history">The opposing Meowstic used <strong>V-create</strong>!<br></div><div class="battle-history"><small>(Dusknoir lost <abbr title="−91/294">31.0%</abbr> of its health!)</small><br></div><div class="battle-history"><small>The opposing Meowstic's Speed fell!</small><br></div><div class="battle-history"><small>The opposing Meowstic's Defense fell!</small><br></div><div class="battle-history"><small>The opposing Meowstic's Special Defense fell!</small><br></div><div class="spacer battle-history"><br></div><div class="battle-history">Dusknoir fainted!<br></div><div class="spacer battle-history"><br></div><div class="battle-history">Go! <strong>Gogoat</strong>!<br></div><div class="spacer battle-history"><br></div><h2 class="battle-history">Turn 13</h2><div class="spacer battle-history"><br></div><div class="battle-history">The opposing Meowstic used <strong>Assist</strong>!<br></div><div class="spacer battle-history"><br></div><div class="battle-history">The opposing Meowstic used <strong>V-create</strong>!<br></div><div class="battle-history"><small>It's super effective!</small><br></div><div class="battle-history"><small>(Gogoat lost <abbr title="−450/450">100%</abbr> of its health!)</small><br></div><div class="battle-history"><small>The opposing Meowstic's Speed fell!</small><br></div><div class="battle-history"><small>The opposing Meowstic's Defense fell!</small><br></div><div class="battle-history"><small>The opposing Meowstic's Special Defense fell!</small><br></div><div class="spacer battle-history"><br></div><div class="battle-history">Gogoat fainted!<br></div><div class="spacer battle-history"><br></div><div class="battle-history">Go! <strong>Regice</strong>!<br></div><div class="spacer battle-history"><br></div><h2 class="battle-history">Turn 14</h2><div class="spacer battle-history"><br></div><div class="battle-history">The opposing Meowstic used <strong>Assist</strong>!<br></div><div class="spacer battle-history"><br></div><div class="battle-history">The opposing Meowstic used <strong>V-create</strong>!<br></div><div class="battle-history"><small>It's super effective!</small><br></div><div class="battle-history"><small>A critical hit!</small><br></div><div class="battle-history"><small>(Regice lost <abbr title="−364/364">100%</abbr> of its health!)</small><br></div><div class="battle-history"><small>The opposing Meowstic's Speed fell!</small><br></div><div class="battle-history"><small>The opposing Meowstic's Defense fell!</small><br></div><div class="battle-history"><small>The opposing Meowstic's Special Defense fell!</small><br></div><div class="spacer battle-history"><br></div><div class="battle-history">Regice fainted!<br></div><div class="spacer battle-history"><br></div><div class="battle-history"><strong>ShirubaRoketto</strong> won the battle!<br></div><div class="chat">sirdarkin's rating: 1242 → <strong>1227</strong><br>(-15 for losing)</div><div class="chat">ShirubaRoketto's rating: 1387 → <strong>1399</strong><br>(+12 for winning)</div><div class="chat"><small>sirdarkin left.</small></div></div><div class="inner-preempt"></div></div></div>
</div>
<script>
let daily = Math.floor(Date.now()/1000/60/60/24);document.write('<script src="https://play.pokemonshowdown.com/js/replay-embed.js?version'+daily+'"></'+'script>');
</script>
