<!DOCTYPE html>
<meta charset="utf-8" />
<!-- version 1 -->
<title>PU replay: MonoET vs. green code</title>
<style>
html,body {font-family:Verdana, sans-serif;font-size:10pt;margin:0;padding:0;}body{padding:12px 0;} .battle-log {font-family:Verdana, sans-serif;font-size:10pt;} .battle-log-inline {border:1px solid #AAAAAA;background:#EEF2F5;color:black;max-width:640px;margin:0 auto 80px;padding-bottom:5px;} .battle-log .inner {padding:4px 8px 0px 8px;} .battle-log .inner-preempt {padding:0 8px 4px 8px;} .battle-log .inner-after {margin-top:0.5em;} .battle-log h2 {margin:0.5em -8px;padding:4px 8px;border:1px solid #AAAAAA;background:#E0E7EA;border-left:0;border-right:0;font-family:Verdana, sans-serif;font-size:13pt;} .battle-log .chat {vertical-align:middle;padding:3px 0 3px 0;font-size:8pt;} .battle-log .chat strong {color:#40576A;} .battle-log .chat em {padding:1px 4px 1px 3px;color:#000000;font-style:normal;} .chat.mine {background:rgba(0,0,0,0.05);margin-left:-8px;margin-right:-8px;padding-left:8px;padding-right:8px;} .spoiler {color:#BBBBBB;background:#BBBBBB;padding:0px 3px;} .spoiler:hover, .spoiler:active, .spoiler-shown {color:#000000;background:#E2E2E2;padding:0px 3px;} .spoiler a {color:#BBBBBB;} .spoiler:hover a, .spoiler:active a, .spoiler-shown a {color:#2288CC;} .chat code, .chat .spoiler:hover code, .chat .spoiler:active code, .chat .spoiler-shown code {border:1px solid #C0C0C0;background:#EEEEEE;color:black;padding:0 2px;} .chat .spoiler code {border:1px solid #CCCCCC;background:#CCCCCC;color:#CCCCCC;} .battle-log .rated {padding:3px 4px;} .battle-log .rated strong {color:white;background:#89A;padding:1px 4px;border-radius:4px;} .spacer {margin-top:0.5em;} .message-announce {background:#6688AA;color:white;padding:1px 4px 2px;} .message-announce a, .broadcast-green a, .broadcast-blue a, .broadcast-red a {color:#DDEEFF;} .broadcast-green {background-color:#559955;color:white;padding:2px 4px;} .broadcast-blue {background-color:#6688AA;color:white;padding:2px 4px;} .infobox {border:1px solid #6688AA;padding:2px 4px;} .infobox-limited {max-height:200px;overflow:auto;overflow-x:hidden;} .broadcast-red {background-color:#AA5544;color:white;padding:2px 4px;} .message-learn-canlearn {font-weight:bold;color:#228822;text-decoration:underline;} .message-learn-cannotlearn {font-weight:bold;color:#CC2222;text-decoration:underline;} .message-effect-weak {font-weight:bold;color:#CC2222;} .message-effect-resist {font-weight:bold;color:#6688AA;} .message-effect-immune {font-weight:bold;color:#666666;} .message-learn-list {margin-top:0;margin-bottom:0;} .message-throttle-notice, .message-error {color:#992222;} .message-overflow, .chat small.message-overflow {font-size:0pt;} .message-overflow::before {font-size:9pt;content:'...';} .subtle {color:#3A4A66;}
</style>
<div class="wrapper replay-wrapper" style="max-width:1180px;margin:0 auto">
<input type="hidden" name="replayid" value="pu-588367064" />
<div class="battle"></div><div class="battle-log"></div><div class="replay-controls"></div><div class="replay-controls-2"></div>
<h1 style="font-weight:normal;text-align:center"><strong>PU</strong><br /><a href="http://pokemonshowdown.com/users/monoet" class="subtle" target="_blank">MonoET</a> vs. <a href="http://pokemonshowdown.com/users/greencode" class="subtle" target="_blank">green code</a></h1>
<script type="text/plain" class="battle-log-data">|j|MonoET
|j|green code
|player|p1|MonoET|126
|teamsize|p1|6
|player|p2|green code|266
|teamsize|p2|6
|gametype|singles
|gen|6
|tier|PU
|rated
|seed|46422,55791,23046,41640
|rule|Sleep Clause Mod: Limit one foe put to sleep
|rule|Species Clause: Limit one of each Pokémon
|rule|OHKO Clause: OHKO moves are banned
|rule|Moody Clause: Moody is banned
|rule|Evasion Moves Clause: Evasion moves are banned
|rule|Endless Battle Clause: Forcing endless battles is banned
|rule|HP Percentage Mod: HP is shown in percentages
|clearpoke
|poke|p1|Clefairy, F|item
|poke|p1|Golem, M|item
|poke|p1|Mr. Mime, M|item
|poke|p1|Muk, M|item
|poke|p1|Electrode|item
|poke|p1|Tangela, M|item
|poke|p2|Crustle, F|item
|poke|p2|Misdreavus, M|item
|poke|p2|Stoutland, M|item
|poke|p2|Monferno, M|item
|poke|p2|Electrode|item
|poke|p2|Floatzel, M|item
|rule|Swagger Clause: Swagger is banned
|rule|Baton Pass Clause: Limit one Baton Passer, can't pass Spe and other stats simultaneously
|teampreview
|inactive|Battle timer is ON: inactive players will automatically lose when time's up. (requested by green code)
|choice|team 5, team 2, team 3, team 4, team 1, team 6|team 1, team 2, team 3, team 4, team 5, team 6
|
|start
|switch|p1a: Electrode|Electrode|261\/261
|switch|p2a: Crustle|Crustle, F|281\/281
|turn|1
|choice|move taunt|move stealthrock
|
|move|p1a: Electrode|Taunt|p2a: Crustle
|-start|p2a: Crustle|move: Taunt
|cant|p2a: Crustle|move: Taunt|Stealth Rock
|
|upkeep
|turn|2
|choice|move voltswitch|move knockoff
|
|move|p1a: Electrode|Volt Switch|p2a: Crustle
|-damage|p2a: Crustle|113\/281
|-damage|p1a: Electrode|235\/261|[from] item: Life Orb
|choice|switch 2|
|
|switch|p1a: Golem|Golem, M|364\/364
|move|p2a: Crustle|Knock Off|p1a: Golem
|-damage|p1a: Golem|285\/364
|-enditem|p1a: Golem|Leftovers|[from] move: Knock Off|[of] p2a: Crustle
|
|upkeep
|turn|3
|choice|move stoneedge|switch 2
|
|switch|p2a: Misdreavus|Misdreavus, M|261\/261
|move|p1a: Golem|Stone Edge|p2a: Misdreavus
|-damage|p2a: Misdreavus|114\/261
|
|upkeep
|turn|4
|choice|switch 5|move shadowball
|
|switch|p1a: Clefairy|Clefairy, F|344\/344
|move|p2a: Misdreavus|Shadow Ball|p1a: Clefairy
|-damage|p1a: Clefairy|233\/344
|
|upkeep
|turn|5
|choice|move calmmind|move taunt
|
|move|p2a: Misdreavus|Taunt|p1a: Clefairy
|-start|p1a: Clefairy|move: Taunt
|cant|p1a: Clefairy|move: Taunt|Calm Mind
|
|upkeep
|turn|6
|choice|move psyshock|switch 2
|
|switch|p2a: Crustle|Crustle, F|113\/281
|move|p1a: Clefairy|Psyshock|p2a: Crustle
|-damage|p2a: Crustle|81\/281
|
|upkeep
|turn|7
|choice|move moonblast|move stealthrock
|
|move|p2a: Crustle|Stealth Rock|p1a: Clefairy
|-sidestart|p1: MonoET|move: Stealth Rock
|move|p1a: Clefairy|Moonblast|p2a: Crustle
|-damage|p2a: Crustle|0 fnt
|faint|p2a: Crustle
|
|-end|p1a: Clefairy|move: Taunt
|upkeep
|choice||switch 3
|
|switch|p2a: Stoutland|Stoutland, M|311\/311
|turn|8
|choice|move moonblast|move frustration
|
|move|p2a: Stoutland|Frustration|p1a: Clefairy
|-damage|p1a: Clefairy|70\/344
|move|p1a: Clefairy|Moonblast|p2a: Stoutland
|-damage|p2a: Stoutland|230\/311
|
|upkeep
|turn|9
|choice|switch 6|move frustration
|
|switch|p1a: Tangela|Tangela, M|334\/334
|-damage|p1a: Tangela|293\/334|[from] Stealth Rock
|move|p2a: Stoutland|Frustration|p1a: Tangela
|-damage|p1a: Tangela|148\/334
|
|upkeep
|turn|10
|choice|move sleeppowder|switch 2
|
|switch|p2a: Misdreavus|Misdreavus, M|114\/261
|move|p1a: Tangela|Sleep Powder|p2a: Misdreavus|[miss]
|-miss|p1a: Tangela|p2a: Misdreavus
|
|upkeep
|turn|11
|choice|switch 6|move shadowball
|
|switch|p1a: Clefairy|Clefairy, F|70\/344
|move|p2a: Misdreavus|Shadow Ball|p1a: Clefairy
|-damage|p1a: Clefairy|0 fnt
|faint|p1a: Clefairy
|
|upkeep
|choice|switch 2|
|
|switch|p1a: Electrode|Electrode|235\/261
|-damage|p1a: Electrode|203\/261|[from] Stealth Rock
|turn|12
|choice|move thunderbolt|move shadowball
|
|move|p1a: Electrode|Thunderbolt|p2a: Misdreavus
|-crit|p2a: Misdreavus
|-damage|p2a: Misdreavus|0 fnt
|-damage|p1a: Electrode|177\/261|[from] item: Life Orb
|faint|p2a: Misdreavus
|
|upkeep
|choice||switch 2
|
|switch|p2a: Stoutland|Stoutland, M|230\/311
|turn|13
|choice|switch 6|move superpower
|
|switch|p1a: Tangela|Tangela, M|259\/334
|-damage|p1a: Tangela|218\/334|[from] Stealth Rock
|move|p2a: Stoutland|Superpower|p1a: Tangela
|-damage|p1a: Tangela|104\/334
|-unboost|p2a: Stoutland|atk|1
|-unboost|p2a: Stoutland|def|1
|
|upkeep
|turn|14
|choice|switch 4|move superpower
|
|switch|p1a: Muk|Muk, M|414\/414
|-damage|p1a: Muk|363\/414|[from] Stealth Rock
|move|p2a: Stoutland|Superpower|p1a: Muk
|-resisted|p1a: Muk
|-damage|p1a: Muk|285\/414
|-unboost|p2a: Stoutland|atk|1
|-unboost|p2a: Stoutland|def|1
|
|-heal|p1a: Muk|310\/414|[from] item: Black Sludge
|upkeep
|turn|15
|choice|move curse|switch 5
|
|switch|p2a: Electrode|Electrode|261\/261
|move|p1a: Muk|Curse|p1a: Muk
|-unboost|p1a: Muk|spe|1
|-boost|p1a: Muk|atk|1
|-boost|p1a: Muk|def|1
|
|-heal|p1a: Muk|335\/414|[from] item: Black Sludge
|upkeep
|turn|16
|c|☆MonoET|scarf stout is cool
|choice|move poisonjab|move thunderbolt
|
|move|p2a: Electrode|Thunderbolt|p1a: Muk
|-damage|p1a: Muk|218\/414
|-damage|p2a: Electrode|235\/261|[from] item: Life Orb
|move|p1a: Muk|Poison Jab|p2a: Electrode
|-damage|p2a: Electrode|28\/261
|
|-heal|p1a: Muk|243\/414|[from] item: Black Sludge
|upkeep
|turn|17
|c|☆green code|yes
|choice|move rest|move thunderbolt
|
|move|p2a: Electrode|Thunderbolt|p1a: Muk
|-damage|p1a: Muk|140\/414
|-damage|p2a: Electrode|2\/261|[from] item: Life Orb
|move|p1a: Muk|Rest|p1a: Muk
|-status|p1a: Muk|slp
|-heal|p1a: Muk|414\/414 slp|[silent]
|-status|p1a: Muk|slp|[from] move: Rest
|
|upkeep
|turn|18
|choice|move poisonjab|move thunderbolt
|
|move|p2a: Electrode|Thunderbolt|p1a: Muk
|-damage|p1a: Muk|313\/414 slp
|-damage|p2a: Electrode|0 fnt|[from] item: Life Orb
|faint|p2a: Electrode
|cant|p1a: Muk|slp
|
|-heal|p1a: Muk|338\/414 slp|[from] item: Black Sludge
|upkeep
|choice||switch 6
|
|switch|p2a: Floatzel|Floatzel, M|311\/311
|turn|19
|c|☆MonoET|pls
|choice|move poisonjab|move waterfall
|
|move|p2a: Floatzel|Waterfall|p1a: Muk
|-damage|p1a: Muk|198\/414 slp
|-damage|p2a: Floatzel|280\/311|[from] item: Life Orb
|cant|p1a: Muk|slp
|
|-heal|p1a: Muk|223\/414 slp|[from] item: Black Sludge
|upkeep
|turn|20
|choice|move poisonjab|move waterfall
|
|move|p2a: Floatzel|Waterfall|p1a: Muk
|-damage|p1a: Muk|94\/414 slp
|-damage|p2a: Floatzel|249\/311|[from] item: Life Orb
|-curestatus|p1a: Muk|slp|[msg]
|cant|p1a: Muk|flinch
|
|-heal|p1a: Muk|119\/414|[from] item: Black Sludge
|upkeep
|turn|21
|c|☆MonoET|rip
|choice|switch 4|move waterfall
|
|switch|p1a: Tangela|Tangela, M|215\/334
|-damage|p1a: Tangela|174\/334|[from] Stealth Rock
|move|p2a: Floatzel|Waterfall|p1a: Tangela
|-resisted|p1a: Tangela
|-damage|p1a: Tangela|123\/334
|-damage|p2a: Floatzel|218\/311|[from] item: Life Orb
|
|upkeep
|turn|22
|choice|move sleeppowder|move icebeam
|
|move|p2a: Floatzel|Ice Beam|p1a: Tangela
|-supereffective|p1a: Tangela
|-damage|p1a: Tangela|0 fnt
|-damage|p2a: Floatzel|187\/311|[from] item: Life Orb
|faint|p1a: Tangela
|
|upkeep
|choice|switch 3|
|
|switch|p1a: Mr. Mime|Mr. Mime, M|221\/221
|-damage|p1a: Mr. Mime|194\/221|[from] Stealth Rock
|turn|23
|choice|move psychic|move waterfall
|
|move|p1a: Mr. Mime|Psychic|p2a: Floatzel
|-damage|p2a: Floatzel|0 fnt
|faint|p2a: Floatzel
|
|upkeep
|choice||switch 5
|
|switch|p2a: Stoutland|Stoutland, M|230\/311
|turn|24
|choice|switch 5|move frustration
|
|switch|p1a: Golem|Golem, M|285\/364
|-damage|p1a: Golem|263\/364|[from] Stealth Rock
|move|p2a: Stoutland|Frustration|p1a: Golem
|-resisted|p1a: Golem
|-damage|p1a: Golem|174\/364
|
|upkeep
|turn|25
|choice|move earthquake|move frustration
|
|move|p2a: Stoutland|Frustration|p1a: Golem
|-resisted|p1a: Golem
|-damage|p1a: Golem|81\/364
|move|p1a: Golem|Earthquake|p2a: Stoutland
|-damage|p2a: Stoutland|76\/311
|
|upkeep
|turn|26
|choice|move stealthrock|move frustration
|
|move|p2a: Stoutland|Frustration|p1a: Golem
|-resisted|p1a: Golem
|-damage|p1a: Golem|0 fnt
|faint|p1a: Golem
|
|upkeep
|-message|green code forfeited.
|
|win|MonoET
|l|green code</script>
</div>
<div class="battle-log battle-log-inline"><div class="inner"><div class="battle-options"></div><div class="inner"><div class="chat"><small>MonoET joined.</small></div><div class="chat"><small>green code joined.</small></div><div class=""><small>Format:</small> <br><strong>PU</strong></div><div class="rated"><strong>Rated battle</strong></div><div class=""><small><em>Sleep Clause Mod:</em> Limit one foe put to sleep</small></div><div class=""><small><em>Species Clause:</em> Limit one of each Pokémon</small></div><div class=""><small><em>OHKO Clause:</em> OHKO moves are banned</small></div><div class=""><small><em>Moody Clause:</em> Moody is banned</small></div><div class=""><small><em>Evasion Moves Clause:</em> Evasion moves are banned</small></div><div class=""><small><em>Endless Battle Clause:</em> Forcing endless battles is banned</small></div><div class=""><small><em>HP Percentage Mod:</em> HP is shown in percentages</small></div><div class=""><small><em>Swagger Clause:</em> Swagger is banned</small></div><div class=""><small><em>Baton Pass Clause:</em> Limit one Baton Passer, can't pass Spe and other stats simultaneously</small></div><div class="chat battle-history"><strong>MonoET's team:</strong> <em style="color:#445566;display:block;">Clefairy / Golem / Mr. Mime / Muk / Electrode / Tangela</em></div><div class="chat battle-history"><strong>green code's team:</strong> <em style="color:#445566;display:block;">Crustle / Misdreavus / Stoutland / Monferno / Electrode / Floatzel</em></div><div class="chat message-error">Battle timer is ON: inactive players will automatically lose when time's up. (requested by green code)</div><div class="spacer battle-history"><br></div><div class="battle-history">Battle started between MonoET and green code!<br></div><div class="spacer battle-history"><br></div><div class="battle-history">Go! <strong>Electrode</strong>!<br></div><div class="spacer battle-history"><br></div><div class="battle-history">green code sent out <strong>Crustle</strong>!<br></div><div class="spacer battle-history"><br></div><h2 class="battle-history">Turn 1</h2><div class="spacer battle-history"><br></div><div class="battle-history">Electrode used <strong>Taunt</strong>!<br></div><div class="battle-history"><small>The opposing Crustle fell for the taunt!</small><br></div><div class="spacer battle-history"><br></div><div class="battle-history">The opposing Crustle can't use Stealth Rock after the taunt!<br></div><div class="spacer battle-history"><br></div><h2 class="battle-history">Turn 2</h2><div class="spacer battle-history"><br></div><div class="battle-history">Electrode used <strong>Volt Switch</strong>!<br></div><div class="battle-history"><small>(The opposing Crustle lost <abbr title="−168/281">59.8%</abbr> of its health!)</small><br></div><div class="battle-history"><small>Electrode lost some of its HP!</small><br></div><div class="spacer battle-history"><br></div><div class="battle-history">Electrode went back to MonoET!<br></div><div class="battle-history">Go! <strong>Golem</strong>!<br></div><div class="spacer battle-history"><br></div><div class="battle-history">The opposing Crustle used <strong>Knock Off</strong>!<br></div><div class="battle-history"><small>(Golem lost <abbr title="−79/364">21.7%</abbr> of its health!)</small><br></div><div class="battle-history"><small>The opposing Crustle knocked off Golem's Leftovers!</small><br></div><div class="spacer battle-history"><br></div><h2 class="battle-history">Turn 3</h2><div class="spacer battle-history"><br></div><div class="battle-history">green code withdrew Crustle!<br></div><div class="battle-history">green code sent out <strong>Misdreavus</strong>!<br></div><div class="spacer battle-history"><br></div><div class="battle-history">Golem used <strong>Stone Edge</strong>!<br></div><div class="battle-history"><small>(The opposing Misdreavus lost <abbr title="−147/261">56.3%</abbr> of its health!)</small><br></div><div class="spacer battle-history"><br></div><h2 class="battle-history">Turn 4</h2><div class="spacer battle-history"><br></div><div class="battle-history">Golem, come back!<br></div><div class="battle-history">Go! <strong>Clefairy</strong>!<br></div><div class="spacer battle-history"><br></div><div class="battle-history">The opposing Misdreavus used <strong>Shadow Ball</strong>!<br></div><div class="battle-history"><small>(Clefairy lost <abbr title="−111/344">32.3%</abbr> of its health!)</small><br></div><div class="spacer battle-history"><br></div><h2 class="battle-history">Turn 5</h2><div class="spacer battle-history"><br></div><div class="battle-history">The opposing Misdreavus used <strong>Taunt</strong>!<br></div><div class="battle-history"><small>Clefairy fell for the taunt!</small><br></div><div class="spacer battle-history"><br></div><div class="battle-history">Clefairy can't use Calm Mind after the taunt!<br></div><div class="spacer battle-history"><br></div><h2 class="battle-history">Turn 6</h2><div class="spacer battle-history"><br></div><div class="battle-history">green code withdrew Misdreavus!<br></div><div class="battle-history">green code sent out <strong>Crustle</strong>!<br></div><div class="spacer battle-history"><br></div><div class="battle-history">Clefairy used <strong>Psyshock</strong>!<br></div><div class="battle-history"><small>(The opposing Crustle lost <abbr title="−32/281">11.4%</abbr> of its health!)</small><br></div><div class="spacer battle-history"><br></div><h2 class="battle-history">Turn 7</h2><div class="spacer battle-history"><br></div><div class="battle-history">The opposing Crustle used <strong>Stealth Rock</strong>!<br></div><div class="battle-history"><small>Pointed stones float in the air around your team!</small><br></div><div class="spacer battle-history"><br></div><div class="battle-history">Clefairy used <strong>Moonblast</strong>!<br></div><div class="battle-history"><small>(The opposing Crustle lost <abbr title="−81/281">28.8%</abbr> of its health!)</small><br></div><div class="spacer battle-history"><br></div><div class="battle-history">The opposing Crustle fainted!<br></div><div class="spacer battle-history"><br></div><div class="battle-history"><small>Clefairy's taunt wore off!</small><br></div><div class="spacer battle-history"><br></div><div class="battle-history">green code sent out <strong>Stoutland</strong>!<br></div><div class="spacer battle-history"><br></div><h2 class="battle-history">Turn 8</h2><div class="spacer battle-history"><br></div><div class="battle-history">The opposing Stoutland used <strong>Frustration</strong>!<br></div><div class="battle-history"><small>(Clefairy lost <abbr title="−163/344">47.4%</abbr> of its health!)</small><br></div><div class="spacer battle-history"><br></div><div class="battle-history">Clefairy used <strong>Moonblast</strong>!<br></div><div class="battle-history"><small>(The opposing Stoutland lost <abbr title="−81/311">26.0%</abbr> of its health!)</small><br></div><div class="spacer battle-history"><br></div><h2 class="battle-history">Turn 9</h2><div class="spacer battle-history"><br></div><div class="battle-history">Clefairy, come back!<br></div><div class="battle-history">Go! <strong>Tangela</strong>!<br></div><div class="battle-history"><small>Pointed stones dug into Tangela!</small><br></div><div class="spacer battle-history"><br></div><div class="battle-history">The opposing Stoutland used <strong>Frustration</strong>!<br></div><div class="battle-history"><small>(Tangela lost <abbr title="−145/334">43.4%</abbr> of its health!)</small><br></div><div class="spacer battle-history"><br></div><h2 class="battle-history">Turn 10</h2><div class="spacer battle-history"><br></div><div class="battle-history">green code withdrew Stoutland!<br></div><div class="battle-history">green code sent out <strong>Misdreavus</strong>!<br></div><div class="spacer battle-history"><br></div><div class="battle-history">Tangela used <strong>Sleep Powder</strong>!<br></div><div class="battle-history"><small>The opposing Misdreavus avoided the attack!</small><br></div><div class="spacer battle-history"><br></div><h2 class="battle-history">Turn 11</h2><div class="spacer battle-history"><br></div><div class="battle-history">Tangela, come back!<br></div><div class="battle-history">Go! <strong>Clefairy</strong>!<br></div><div class="spacer battle-history"><br></div><div class="battle-history">The opposing Misdreavus used <strong>Shadow Ball</strong>!<br></div><div class="battle-history"><small>(Clefairy lost <abbr title="−70/344">20.3%</abbr> of its health!)</small><br></div><div class="spacer battle-history"><br></div><div class="battle-history">Clefairy fainted!<br></div><div class="spacer battle-history"><br></div><div class="battle-history">Go! <strong>Electrode</strong>!<br></div><div class="battle-history"><small>Pointed stones dug into Electrode!</small><br></div><div class="spacer battle-history"><br></div><h2 class="battle-history">Turn 12</h2><div class="spacer battle-history"><br></div><div class="battle-history">Electrode used <strong>Thunderbolt</strong>!<br></div><div class="battle-history"><small>A critical hit!</small><br></div><div class="battle-history"><small>(The opposing Misdreavus lost <abbr title="−114/261">43.7%</abbr> of its health!)</small><br></div><div class="battle-history"><small>Electrode lost some of its HP!</small><br></div><div class="spacer battle-history"><br></div><div class="battle-history">The opposing Misdreavus fainted!<br></div><div class="spacer battle-history"><br></div><div class="battle-history">green code sent out <strong>Stoutland</strong>!<br></div><div class="spacer battle-history"><br></div><h2 class="battle-history">Turn 13</h2><div class="spacer battle-history"><br></div><div class="battle-history">Electrode, come back!<br></div><div class="battle-history">Go! <strong>Tangela</strong>!<br></div><div class="battle-history"><small>Pointed stones dug into Tangela!</small><br></div><div class="spacer battle-history"><br></div><div class="battle-history">The opposing Stoutland used <strong>Superpower</strong>!<br></div><div class="battle-history"><small>(Tangela lost <abbr title="−114/334">34.1%</abbr> of its health!)</small><br></div><div class="battle-history"><small>The opposing Stoutland's Attack fell!</small><br></div><div class="battle-history"><small>The opposing Stoutland's Defense fell!</small><br></div><div class="spacer battle-history"><br></div><h2 class="battle-history">Turn 14</h2><div class="spacer battle-history"><br></div><div class="battle-history">Tangela, come back!<br></div><div class="battle-history">Go! <strong>Muk</strong>!<br></div><div class="battle-history"><small>Pointed stones dug into Muk!</small><br></div><div class="spacer battle-history"><br></div><div class="battle-history">The opposing Stoutland used <strong>Superpower</strong>!<br></div><div class="battle-history"><small>It's not very effective...</small><br></div><div class="battle-history"><small>(Muk lost <abbr title="−78/414">18.8%</abbr> of its health!)</small><br></div><div class="battle-history"><small>The opposing Stoutland's Attack fell!</small><br></div><div class="battle-history"><small>The opposing Stoutland's Defense fell!</small><br></div><div class="spacer battle-history"><br></div><div class="battle-history"><small>Muk restored a little HP using its Black Sludge!</small><br></div><div class="spacer battle-history"><br></div><h2 class="battle-history">Turn 15</h2><div class="spacer battle-history"><br></div><div class="battle-history">green code withdrew Stoutland!<br></div><div class="battle-history">green code sent out <strong>Electrode</strong>!<br></div><div class="spacer battle-history"><br></div><div class="battle-history">Muk used <strong>Curse</strong>!<br></div><div class="battle-history"><small>Muk's Speed fell!</small><br></div><div class="battle-history"><small>Muk's Attack rose!</small><br></div><div class="battle-history"><small>Muk's Defense rose!</small><br></div><div class="spacer battle-history"><br></div><div class="battle-history"><small>Muk restored a little HP using its Black Sludge!</small><br></div><div class="spacer battle-history"><br></div><h2 class="battle-history">Turn 16</h2><div class="chat chatmessage-monoet"><strong style="color:hsl(46,49%,34.051898988035596%)"><small>☆</small><span class="username" data-name="MonoET">MonoET</span>:</strong> <em>scarf stout is cool</em></div><div class="spacer battle-history"><br></div><div class="battle-history">The opposing Electrode used <strong>Thunderbolt</strong>!<br></div><div class="battle-history"><small>(Muk lost <abbr title="−117/414">28.3%</abbr> of its health!)</small><br></div><div class="battle-history"><small>The opposing Electrode lost some of its HP!</small><br></div><div class="spacer battle-history"><br></div><div class="battle-history">Muk used <strong>Poison Jab</strong>!<br></div><div class="battle-history"><small>(The opposing Electrode lost <abbr title="−207/261">79.3%</abbr> of its health!)</small><br></div><div class="spacer battle-history"><br></div><div class="battle-history"><small>Muk restored a little HP using its Black Sludge!</small><br></div><div class="spacer battle-history"><br></div><h2 class="battle-history">Turn 17</h2><div class="chat chatmessage-greencode"><strong style="color:hsl(284,43%,48.49005067004806%)"><small>☆</small><span class="username" data-name="green code">green code</span>:</strong> <em>yes</em></div><div class="spacer battle-history"><br></div><div class="battle-history">The opposing Electrode used <strong>Thunderbolt</strong>!<br></div><div class="battle-history"><small>(Muk lost <abbr title="−103/414">24.9%</abbr> of its health!)</small><br></div><div class="battle-history"><small>The opposing Electrode lost some of its HP!</small><br></div><div class="spacer battle-history"><br></div><div class="battle-history">Muk used <strong>Rest</strong>!<br></div><div class="battle-history"><small>Muk fell asleep!</small><br></div><div class="battle-history"><small>Muk slept and became healthy!</small><br></div><div class="spacer battle-history"><br></div><h2 class="battle-history">Turn 18</h2><div class="spacer battle-history"><br></div><div class="battle-history">The opposing Electrode used <strong>Thunderbolt</strong>!<br></div><div class="battle-history"><small>(Muk lost <abbr title="−101/414">24.4%</abbr> of its health!)</small><br></div><div class="battle-history"><small>The opposing Electrode lost some of its HP!</small><br></div><div class="spacer battle-history"><br></div><div class="battle-history">The opposing Electrode fainted!<br></div><div class="battle-history">Muk is fast asleep.<br></div><div class="spacer battle-history"><br></div><div class="battle-history"><small>Muk restored a little HP using its Black Sludge!</small><br></div><div class="spacer battle-history"><br></div><div class="battle-history">green code sent out <strong>Floatzel</strong>!<br></div><div class="spacer battle-history"><br></div><h2 class="battle-history">Turn 19</h2><div class="chat chatmessage-monoet"><strong style="color:hsl(46,49%,34.051898988035596%)"><small>☆</small><span class="username" data-name="MonoET">MonoET</span>:</strong> <em>pls</em></div><div class="spacer battle-history"><br></div><div class="battle-history">The opposing Floatzel used <strong>Waterfall</strong>!<br></div><div class="battle-history"><small>(Muk lost <abbr title="−140/414">33.8%</abbr> of its health!)</small><br></div><div class="battle-history"><small>The opposing Floatzel lost some of its HP!</small><br></div><div class="spacer battle-history"><br></div><div class="battle-history">Muk is fast asleep.<br></div><div class="spacer battle-history"><br></div><div class="battle-history"><small>Muk restored a little HP using its Black Sludge!</small><br></div><div class="spacer battle-history"><br></div><h2 class="battle-history">Turn 20</h2><div class="spacer battle-history"><br></div><div class="battle-history">The opposing Floatzel used <strong>Waterfall</strong>!<br></div><div class="battle-history"><small>(Muk lost <abbr title="−129/414">31.2%</abbr> of its health!)</small><br></div><div class="battle-history"><small>The opposing Floatzel lost some of its HP!</small><br></div><div class="battle-history"><small>Muk woke up!</small><br></div><div class="spacer battle-history"><br></div><div class="battle-history">Muk flinched and couldn't move!<br></div><div class="spacer battle-history"><br></div><div class="battle-history"><small>Muk restored a little HP using its Black Sludge!</small><br></div><div class="spacer battle-history"><br></div><h2 class="battle-history">Turn 21</h2><div class="chat chatmessage-monoet"><strong style="color:hsl(46,49%,34.051898988035596%)"><small>☆</small><span class="username" data-name="MonoET">MonoET</span>:</strong> <em>rip</em></div><div class="spacer battle-history"><br></div><div class="battle-history">Muk, come back!<br></div><div class="battle-history">Go! <strong>Tangela</strong>!<br></div><div class="battle-history"><small>Pointed stones dug into Tangela!</small><br></div><div class="spacer battle-history"><br></div><div class="battle-history">The opposing Floatzel used <strong>Waterfall</strong>!<br></div><div class="battle-history"><small>It's not very effective...</small><br></div><div class="battle-history"><small>(Tangela lost <abbr title="−51/334">15.3%</abbr> of its health!)</small><br></div><div class="battle-history"><small>The opposing Floatzel lost some of its HP!</small><br></div><div class="spacer battle-history"><br></div><h2 class="battle-history">Turn 22</h2><div class="spacer battle-history"><br></div><div class="battle-history">The opposing Floatzel used <strong>Ice Beam</strong>!<br></div><div class="battle-history"><small>It's super effective!</small><br></div><div class="battle-history"><small>(Tangela lost <abbr title="−123/334">36.8%</abbr> of its health!)</small><br></div><div class="battle-history"><small>The opposing Floatzel lost some of its HP!</small><br></div><div class="spacer battle-history"><br></div><div class="battle-history">Tangela fainted!<br></div><div class="spacer battle-history"><br></div><div class="battle-history">Go! <strong>Mr. Mime</strong>!<br></div><div class="battle-history"><small>Pointed stones dug into Mr. Mime!</small><br></div><div class="spacer battle-history"><br></div><h2 class="battle-history">Turn 23</h2><div class="spacer battle-history"><br></div><div class="battle-history">Mr. Mime used <strong>Psychic</strong>!<br></div><div class="battle-history"><small>(The opposing Floatzel lost <abbr title="−187/311">60.1%</abbr> of its health!)</small><br></div><div class="spacer battle-history"><br></div><div class="battle-history">The opposing Floatzel fainted!<br></div><div class="spacer battle-history"><br></div><div class="battle-history">green code sent out <strong>Stoutland</strong>!<br></div><div class="spacer battle-history"><br></div><h2 class="battle-history">Turn 24</h2><div class="spacer battle-history"><br></div><div class="battle-history">Mr. Mime, come back!<br></div><div class="battle-history">Go! <strong>Golem</strong>!<br></div><div class="battle-history"><small>Pointed stones dug into Golem!</small><br></div><div class="spacer battle-history"><br></div><div class="battle-history">The opposing Stoutland used <strong>Frustration</strong>!<br></div><div class="battle-history"><small>It's not very effective...</small><br></div><div class="battle-history"><small>(Golem lost <abbr title="−89/364">24.5%</abbr> of its health!)</small><br></div><div class="spacer battle-history"><br></div><h2 class="battle-history">Turn 25</h2><div class="spacer battle-history"><br></div><div class="battle-history">The opposing Stoutland used <strong>Frustration</strong>!<br></div><div class="battle-history"><small>It's not very effective...</small><br></div><div class="battle-history"><small>(Golem lost <abbr title="−93/364">25.5%</abbr> of its health!)</small><br></div><div class="spacer battle-history"><br></div><div class="battle-history">Golem used <strong>Earthquake</strong>!<br></div><div class="battle-history"><small>(The opposing Stoutland lost <abbr title="−154/311">49.5%</abbr> of its health!)</small><br></div><div class="spacer battle-history"><br></div><h2 class="battle-history">Turn 26</h2><div class="spacer battle-history"><br></div><div class="battle-history">The opposing Stoutland used <strong>Frustration</strong>!<br></div><div class="battle-history"><small>It's not very effective...</small><br></div><div class="battle-history"><small>(Golem lost <abbr title="−81/364">22.3%</abbr> of its health!)</small><br></div><div class="spacer battle-history"><br></div><div class="battle-history">Golem fainted!<br></div><div class="spacer battle-history"><br></div><div class="battle-history"><small>green code forfeited.</small><br></div><div class="spacer battle-history"><br></div><div class="battle-history"><strong>MonoET</strong> won the battle!<br></div><div class="chat"><small>green code left.</small></div></div><div class="inner-preempt"></div></div></div>
</div>
<script>
let daily = Math.floor(Date.now()/1000/60/60/24);document.write('<script src="https://play.pokemonshowdown.com/js/replay-embed.js?version'+daily+'"></'+'script>');
</script>
