<!DOCTYPE html>
<meta charset="utf-8" />
<!-- version 1 -->
<title>PU replay: Azkul vs. Specs Jigglypuff</title>
<style>
html,body {font-family:Verdana, sans-serif;font-size:10pt;margin:0;padding:0;}body{padding:12px 0;} .battle-log {font-family:Verdana, sans-serif;font-size:10pt;} .battle-log-inline {border:1px solid #AAAAAA;background:#EEF2F5;color:black;max-width:640px;margin:0 auto 80px;padding-bottom:5px;} .battle-log .inner {padding:4px 8px 0px 8px;} .battle-log .inner-preempt {padding:0 8px 4px 8px;} .battle-log .inner-after {margin-top:0.5em;} .battle-log h2 {margin:0.5em -8px;padding:4px 8px;border:1px solid #AAAAAA;background:#E0E7EA;border-left:0;border-right:0;font-family:Verdana, sans-serif;font-size:13pt;} .battle-log .chat {vertical-align:middle;padding:3px 0 3px 0;font-size:8pt;} .battle-log .chat strong {color:#40576A;} .battle-log .chat em {padding:1px 4px 1px 3px;color:#000000;font-style:normal;} .chat.mine {background:rgba(0,0,0,0.05);margin-left:-8px;margin-right:-8px;padding-left:8px;padding-right:8px;} .spoiler {color:#BBBBBB;background:#BBBBBB;padding:0px 3px;} .spoiler:hover, .spoiler:active, .spoiler-shown {color:#000000;background:#E2E2E2;padding:0px 3px;} .spoiler a {color:#BBBBBB;} .spoiler:hover a, .spoiler:active a, .spoiler-shown a {color:#2288CC;} .chat code, .chat .spoiler:hover code, .chat .spoiler:active code, .chat .spoiler-shown code {border:1px solid #C0C0C0;background:#EEEEEE;color:black;padding:0 2px;} .chat .spoiler code {border:1px solid #CCCCCC;background:#CCCCCC;color:#CCCCCC;} .battle-log .rated {padding:3px 4px;} .battle-log .rated strong {color:white;background:#89A;padding:1px 4px;border-radius:4px;} .spacer {margin-top:0.5em;} .message-announce {background:#6688AA;color:white;padding:1px 4px 2px;} .message-announce a, .broadcast-green a, .broadcast-blue a, .broadcast-red a {color:#DDEEFF;} .broadcast-green {background-color:#559955;color:white;padding:2px 4px;} .broadcast-blue {background-color:#6688AA;color:white;padding:2px 4px;} .infobox {border:1px solid #6688AA;padding:2px 4px;} .infobox-limited {max-height:200px;overflow:auto;overflow-x:hidden;} .broadcast-red {background-color:#AA5544;color:white;padding:2px 4px;} .message-learn-canlearn {font-weight:bold;color:#228822;text-decoration:underline;} .message-learn-cannotlearn {font-weight:bold;color:#CC2222;text-decoration:underline;} .message-effect-weak {font-weight:bold;color:#CC2222;} .message-effect-resist {font-weight:bold;color:#6688AA;} .message-effect-immune {font-weight:bold;color:#666666;} .message-learn-list {margin-top:0;margin-bottom:0;} .message-throttle-notice, .message-error {color:#992222;} .message-overflow, .chat small.message-overflow {font-size:0pt;} .message-overflow::before {font-size:9pt;content:'...';} .subtle {color:#3A4A66;}
</style>
<div class="wrapper replay-wrapper" style="max-width:1180px;margin:0 auto">
<input type="hidden" name="replayid" value="pu-552034729" />
<div class="battle"></div><div class="battle-log"></div><div class="replay-controls"></div><div class="replay-controls-2"></div>
<h1 style="font-weight:normal;text-align:center"><strong>PU</strong><br /><a href="http://pokemonshowdown.com/users/azkul" class="subtle" target="_blank">Azkul</a> vs. <a href="http://pokemonshowdown.com/users/specsjigglypuff" class="subtle" target="_blank">Specs Jigglypuff</a></h1>
<script type="text/plain" class="battle-log-data">|j|Azkul
|j|Specs Jigglypuff
|player|p1|Azkul|252
|player|p2|Specs Jigglypuff|74
|gametype|singles
|gen|6
|tier|PU
|seed|45379,31374,47525,6594
|rule|Sleep Clause Mod: Limit one foe put to sleep
|rule|Species Clause: Limit one of each Pokémon
|rule|OHKO Clause: OHKO moves are banned
|rule|Moody Clause: Moody is banned
|rule|Evasion Moves Clause: Evasion moves are banned
|rule|Endless Battle Clause: Forcing endless battles is banned
|rule|HP Percentage Mod: HP is shown in percentages
|clearpoke
|poke|p1|Ursaring, M|item
|poke|p1|Duosion, F, shiny|item
|poke|p1|Prinplup, F|item
|poke|p1|Zebstrika, F|item
|poke|p1|Probopass, F|item
|poke|p1|Krokorok, M, shiny|item
|poke|p2|Gorebyss, M|item
|poke|p2|Metang|item
|poke|p2|Electrode|item
|poke|p2|Leafeon, F|item
|poke|p2|Simisage, M|item
|poke|p2|Rotom-Frost|item
|rule|Swagger Clause: Swagger is banned
|rule|Baton Pass Clause: Limit one Baton Passer, can't pass Spe and other stats simultaneously
|teampreview
|j|SergioRules
|c|☆Azkul|so much for variety
|j|Slowbroth
|c|☆Specs Jigglypuff|lol
|c|☆Specs Jigglypuff|gl hf
|c|☆Azkul|likewise
|j|reverse aim
|choice|team 5, team 2, team 3, team 4, team 1, team 6|team 5, team 2, team 3, team 4, team 1, team 6
|
|start
|switch|p1a: Probopass|Probopass, F|304\/304
|switch|p2a: Simisage|Simisage, M|291\/291
|-item|p1a: Probopass|Air Balloon
|turn|1
|j|Akir
|choice|switch 2|move leafstorm
|
|switch|p1a: Duosion|Duosion, F, shiny|334\/334
|move|p2a: Simisage|Leaf Storm|p1a: Duosion
|-damage|p1a: Duosion|153\/334
|-unboost|p2a: Simisage|spa|2
|-damage|p2a: Simisage|262\/291|[from] item: Life Orb
|
|upkeep
|turn|2
|choice|move recover|switch 6
|
|switch|p2a: Rotom|Rotom-Frost|241\/241
|move|p1a: Duosion|Recover|p1a: Duosion
|-heal|p1a: Duosion|320\/334
|
|upkeep
|turn|3
|choice|switch 2|move trick
|
|switch|p1a: Probopass|Probopass, F|304\/304
|-item|p1a: Probopass|Air Balloon
|move|p2a: Rotom|Trick|p1a: Probopass
|-activate|p2a: Rotom|move: Trick|[of] p1a: Probopass
|-item|p1a: Probopass|Choice Scarf|[from] move: Trick
|-item|p2a: Rotom|Air Balloon
|-item|p2a: Rotom|Air Balloon|[from] move: Trick
|
|upkeep
|turn|4
|choice|move flashcannon|move voltswitch
|
|move|p2a: Rotom|Volt Switch|p1a: Probopass
|-damage|p1a: Probopass|225\/304
|choice||switch 2
|
|switch|p2a: Metang|Metang|324\/324
|move|p1a: Probopass|Flash Cannon|p2a: Metang
|-resisted|p2a: Metang
|-damage|p2a: Metang|282\/324
|
|upkeep
|turn|5
|choice|switch 6|move stealthrock
|
|switch|p1a: Krokorok|Krokorok, M, shiny|261\/261
|-ability|p1a: Krokorok|Intimidate|boost
|-fail|p2a: Metang|unboost|[from] ability: Clear Body|[of] p2a: Metang
|move|p2a: Metang|Stealth Rock|p1a: Krokorok
|-sidestart|p1: Azkul|move: Stealth Rock
|
|upkeep
|turn|6
|choice|move knockoff|move meteormash
|
|move|p1a: Krokorok|Knock Off|p2a: Metang
|-supereffective|p2a: Metang
|-damage|p2a: Metang|12\/324
|-enditem|p2a: Metang|Eviolite|[from] move: Knock Off|[of] p1a: Krokorok
|move|p2a: Metang|Meteor Mash|p1a: Krokorok
|-damage|p1a: Krokorok|21\/261
|
|upkeep
|turn|7
|choice|move knockoff|move bulletpunch
|
|move|p2a: Metang|Bullet Punch|p1a: Krokorok
|-damage|p1a: Krokorok|0 fnt
|faint|p1a: Krokorok
|
|upkeep
|choice|switch 6|
|
|switch|p1a: Probopass|Probopass, F|225\/304
|-damage|p1a: Probopass|206\/304|[from] Stealth Rock
|turn|8
|choice|move earthpower|move bulletpunch
|
|move|p2a: Metang|Bullet Punch|p1a: Probopass
|-crit|p1a: Probopass
|-damage|p1a: Probopass|149\/304
|move|p1a: Probopass|Earth Power|p2a: Metang
|-supereffective|p2a: Metang
|-damage|p2a: Metang|0 fnt
|faint|p2a: Metang
|
|upkeep
|choice||switch 2
|
|switch|p2a: Rotom|Rotom-Frost|241\/241
|-item|p2a: Rotom|Air Balloon
|turn|9
|choice|switch 4|move blizzard
|
|switch|p1a: Zebstrika|Zebstrika, F|291\/291
|-damage|p1a: Zebstrika|255\/291|[from] Stealth Rock
|move|p2a: Rotom|Blizzard|p1a: Zebstrika
|-damage|p1a: Zebstrika|6\/291
|
|upkeep
|turn|10
|choice|move hiddenpower|switch 3
|
|switch|p2a: Electrode|Electrode|261\/261
|move|p1a: Zebstrika|Hidden Power|p2a: Electrode
|-damage|p2a: Electrode|174\/261
|-damage|p1a: Zebstrika|0 fnt|[from] item: Life Orb
|faint|p1a: Zebstrika
|
|upkeep
|choice|switch 5|
|
|switch|p1a: Ursaring|Ursaring, M|384\/384
|-damage|p1a: Ursaring|336\/384|[from] Stealth Rock
|turn|11
|choice|move bulkup|move raindance
|
|move|p2a: Electrode|Rain Dance|p2a: Electrode
|-weather|RainDance
|move|p1a: Ursaring|Bulk Up|p1a: Ursaring
|-boost|p1a: Ursaring|atk|1
|-boost|p1a: Ursaring|def|1
|
|-weather|RainDance|[upkeep]
|-heal|p1a: Ursaring|360\/384|[from] item: Leftovers
|upkeep
|turn|12
|choice|move frustration|move thunderbolt
|
|move|p2a: Electrode|Thunderbolt|p1a: Ursaring
|-damage|p1a: Ursaring|239\/384
|-damage|p2a: Electrode|148\/261|[from] item: Life Orb
|move|p1a: Ursaring|Frustration|p2a: Electrode
|-damage|p2a: Electrode|0 fnt
|-damage|p1a: Ursaring|143\/384|[from] ability: Aftermath|[of] p2a: Electrode
|faint|p2a: Electrode
|
|-weather|RainDance|[upkeep]
|-heal|p1a: Ursaring|167\/384|[from] item: Leftovers
|upkeep
|choice||switch 5
|
|switch|p2a: Gorebyss|Gorebyss, M|251\/251
|turn|13
|c|☆Azkul|didn't notice that one
|choice|move frustration|move surf
|
|move|p2a: Gorebyss|Surf|p1a: Ursaring
|-damage|p1a: Ursaring|0 fnt
|faint|p1a: Ursaring
|
|-weather|RainDance|[upkeep]
|upkeep
|choice|switch 3|
|
|switch|p1a: Prinplup|Prinplup, F|331\/331
|-damage|p1a: Prinplup|290\/331|[from] Stealth Rock
|turn|14
|choice|move toxic|move shellsmash
|
|move|p2a: Gorebyss|Shell Smash|p2a: Gorebyss
|-unboost|p2a: Gorebyss|def|1
|-unboost|p2a: Gorebyss|spd|1
|-boost|p2a: Gorebyss|atk|2
|-boost|p2a: Gorebyss|spa|2
|-boost|p2a: Gorebyss|spe|2
|-enditem|p2a: Gorebyss|White Herb
|-clearnegativeboost|p2a: Gorebyss|[silent]
|move|p1a: Prinplup|Toxic|p2a: Gorebyss
|-status|p2a: Gorebyss|tox
|
|-weather|RainDance|[upkeep]
|-damage|p2a: Gorebyss|236\/251 tox|[from] psn
|upkeep
|turn|15
|choice|move scald|move psychic
|
|move|p2a: Gorebyss|Psychic|p1a: Prinplup
|-damage|p1a: Prinplup|133\/331
|move|p1a: Prinplup|Scald|p2a: Gorebyss
|-resisted|p2a: Gorebyss
|-damage|p2a: Gorebyss|158\/251 tox
|
|-weather|none
|-damage|p2a: Gorebyss|128\/251 tox|[from] psn
|upkeep
|turn|16
|choice|switch 4|move psychic
|
|switch|p1a: Probopass|Probopass, F|149\/304
|-damage|p1a: Probopass|130\/304|[from] Stealth Rock
|move|p2a: Gorebyss|Psychic|p1a: Probopass
|-resisted|p1a: Probopass
|-damage|p1a: Probopass|58\/304
|
|-damage|p2a: Gorebyss|83\/251 tox|[from] psn
|upkeep
|turn|17
|choice|move flashcannon|move surf
|
|move|p2a: Gorebyss|Surf|p1a: Probopass
|-supereffective|p1a: Probopass
|-crit|p1a: Probopass
|-damage|p1a: Probopass|0 fnt
|faint|p1a: Probopass
|
|-damage|p2a: Gorebyss|23\/251 tox|[from] psn
|upkeep
|choice|switch 4|
|
|switch|p1a: Prinplup|Prinplup, F|133\/331
|-damage|p1a: Prinplup|92\/331|[from] Stealth Rock
|turn|18
|choice|move scald|move surf
|
|move|p2a: Gorebyss|Surf|p1a: Prinplup
|-resisted|p1a: Prinplup
|-damage|p1a: Prinplup|0 fnt
|faint|p1a: Prinplup
|
|-damage|p2a: Gorebyss|0 fnt|[from] psn
|upkeep
|faint|p2a: Gorebyss
|choice|switch 2|switch 4
|
|switch|p2a: Leafeon|Leafeon, F|271\/271
|switch|p1a: Duosion|Duosion, F, shiny|320\/334
|turn|19
|choice|move acidarmor|move swordsdance
|
|move|p2a: Leafeon|Swords Dance|p2a: Leafeon
|-boost|p2a: Leafeon|atk|2
|move|p1a: Duosion|Acid Armor|p1a: Duosion
|-boost|p1a: Duosion|def|2
|
|upkeep
|turn|20
|choice|move acidarmor|move swordsdance
|
|move|p2a: Leafeon|Swords Dance|p2a: Leafeon
|-boost|p2a: Leafeon|atk|2
|move|p1a: Duosion|Acid Armor|p1a: Duosion
|-boost|p1a: Duosion|def|2
|
|upkeep
|turn|21
|choice|move acidarmor|move swordsdance
|
|move|p2a: Leafeon|Swords Dance|p2a: Leafeon
|-boost|p2a: Leafeon|atk|2
|move|p1a: Duosion|Acid Armor|p1a: Duosion
|-boost|p1a: Duosion|def|2
|
|upkeep
|turn|22
|choice|move recover|move knockoff
|
|move|p2a: Leafeon|Knock Off|p1a: Duosion
|-supereffective|p1a: Duosion
|-damage|p1a: Duosion|178\/334
|-enditem|p1a: Duosion|Eviolite|[from] move: Knock Off|[of] p2a: Leafeon
|move|p1a: Duosion|Recover|p1a: Duosion
|-heal|p1a: Duosion|334\/334
|
|upkeep
|turn|23
|choice|move calmmind|move bulletseed
|
|move|p2a: Leafeon|Bullet Seed|p1a: Duosion
|-damage|p1a: Duosion|288\/334
|-damage|p1a: Duosion|248\/334
|-damage|p1a: Duosion|206\/334
|-hitcount|p1a: Duosion|3
|move|p1a: Duosion|Calm Mind|p1a: Duosion
|-boost|p1a: Duosion|spa|1
|-boost|p1a: Duosion|spd|1
|
|upkeep
|turn|24
|choice|move recover|move bulletseed
|
|move|p2a: Leafeon|Bullet Seed|p1a: Duosion
|-damage|p1a: Duosion|160\/334
|-damage|p1a: Duosion|112\/334
|-damage|p1a: Duosion|70\/334
|-damage|p1a: Duosion|25\/334
|-damage|p1a: Duosion|0 fnt
|-hitcount|p1a: Duosion|5
|faint|p1a: Duosion
|
|win|Specs Jigglypuff
|c|☆Specs Jigglypuff|ggs
|c|☆Azkul|gg !</script>
</div>
<div class="battle-log battle-log-inline"><div class="inner"><div class="battle-options"></div><div class="inner"><div class="chat"><small>Azkul joined.</small></div><div class="chat"><small>Specs Jigglypuff joined.</small></div><div class=""><small>Format:</small> <br><strong>PU</strong></div><div class=""><small><em>Sleep Clause Mod:</em> Limit one foe put to sleep</small></div><div class=""><small><em>Species Clause:</em> Limit one of each Pokémon</small></div><div class=""><small><em>OHKO Clause:</em> OHKO moves are banned</small></div><div class=""><small><em>Moody Clause:</em> Moody is banned</small></div><div class=""><small><em>Evasion Moves Clause:</em> Evasion moves are banned</small></div><div class=""><small><em>Endless Battle Clause:</em> Forcing endless battles is banned</small></div><div class=""><small><em>HP Percentage Mod:</em> HP is shown in percentages</small></div><div class=""><small><em>Swagger Clause:</em> Swagger is banned</small></div><div class=""><small><em>Baton Pass Clause:</em> Limit one Baton Passer, can't pass Spe and other stats simultaneously</small></div><div class="chat battle-history"><strong>Azkul's team:</strong> <em style="color:#445566;display:block;">Ursaring / Duosion / Prinplup / Zebstrika / Probopass / Krokorok</em></div><div class="chat battle-history"><strong>Specs Jigglypuff's team:</strong> <em style="color:#445566;display:block;">Gorebyss / Metang / Electrode / Leafeon / Simisage / Rotom-Frost</em></div><div class="chat"><small>SergioRules joined.</small></div><div class="chat chatmessage-azkul"><strong style="color:hsl(7,85%,44%)"><small>☆</small><span class="username" data-name="Azkul">Azkul</span>:</strong> <em>so much for variety</em></div><div class="chat"><small>Slowbroth joined.</small></div><div class="chat chatmessage-specsjigglypuff"><strong style="color:hsl(266,48%,57.7850146963456%)"><small>☆</small><span class="username" data-name="Specs Jigglypuff">Specs Jigglypuff</span>:</strong> <em>lol</em></div><div class="chat chatmessage-specsjigglypuff"><strong style="color:hsl(266,48%,57.7850146963456%)"><small>☆</small><span class="username" data-name="Specs Jigglypuff">Specs Jigglypuff</span>:</strong> <em>gl hf</em></div><div class="chat chatmessage-azkul"><strong style="color:hsl(7,85%,44%)"><small>☆</small><span class="username" data-name="Azkul">Azkul</span>:</strong> <em>likewise</em></div><div class="chat"><small>reverse aim joined.</small></div><div class="spacer battle-history"><br></div><div class="battle-history">Battle started between Azkul and Specs Jigglypuff!<br></div><div class="spacer battle-history"><br></div><div class="battle-history">Go! <strong>Probopass</strong>!<br></div><div class="spacer battle-history"><br></div><div class="battle-history">Specs Jigglypuff sent out <strong>Simisage</strong>!<br></div><div class="battle-history"><small>Probopass floats in the air with its Air Balloon!</small><br></div><div class="spacer battle-history"><br></div><h2 class="battle-history">Turn 1</h2><div class="chat"><small>Akir joined.</small></div><div class="spacer battle-history"><br></div><div class="battle-history">Probopass, come back!<br></div><div class="battle-history">Go! <strong>Duosion</strong>!<br></div><div class="spacer battle-history"><br></div><div class="battle-history">The opposing Simisage used <strong>Leaf Storm</strong>!<br></div><div class="battle-history"><small>(Duosion lost <abbr title="−181/334">54.2%</abbr> of its health!)</small><br></div><div class="battle-history"><small>The opposing Simisage's Special Attack fell harshly!</small><br></div><div class="battle-history"><small>The opposing Simisage lost some of its HP!</small><br></div><div class="spacer battle-history"><br></div><h2 class="battle-history">Turn 2</h2><div class="spacer battle-history"><br></div><div class="battle-history">Specs Jigglypuff withdrew Simisage!<br></div><div class="battle-history">Specs Jigglypuff sent out Rotom (<strong>Rotom-Frost</strong>)!<br></div><div class="spacer battle-history"><br></div><div class="battle-history">Duosion used <strong>Recover</strong>!<br></div><div class="battle-history"><small>Duosion restored its HP.</small><br></div><div class="spacer battle-history"><br></div><h2 class="battle-history">Turn 3</h2><div class="spacer battle-history"><br></div><div class="battle-history">Duosion, come back!<br></div><div class="battle-history">Go! <strong>Probopass</strong>!<br></div><div class="battle-history"><small>Probopass floats in the air with its Air Balloon!</small><br></div><div class="spacer battle-history"><br></div><div class="battle-history">The opposing Rotom used <strong>Trick</strong>!<br></div><div class="battle-history"><small>The opposing Rotom switched items with its target!</small><br></div><div class="battle-history"><small>Probopass obtained one Choice Scarf.</small><br></div><div class="battle-history"><small>The opposing Rotom floats in the air with its Air Balloon!</small><br></div><div class="battle-history"><small>The opposing Rotom obtained one Air Balloon.</small><br></div><div class="spacer battle-history"><br></div><h2 class="battle-history">Turn 4</h2><div class="spacer battle-history"><br></div><div class="battle-history">The opposing Rotom used <strong>Volt Switch</strong>!<br></div><div class="battle-history"><small>(Probopass lost <abbr title="−79/304">26.0%</abbr> of its health!)</small><br></div><div class="spacer battle-history"><br></div><div class="battle-history">The opposing Rotom went back to Specs Jigglypuff!<br></div><div class="battle-history">Specs Jigglypuff sent out <strong>Metang</strong>!<br></div><div class="spacer battle-history"><br></div><div class="battle-history">Probopass used <strong>Flash Cannon</strong>!<br></div><div class="battle-history"><small>It's not very effective...</small><br></div><div class="battle-history"><small>(The opposing Metang lost <abbr title="−42/324">13.0%</abbr> of its health!)</small><br></div><div class="spacer battle-history"><br></div><h2 class="battle-history">Turn 5</h2><div class="spacer battle-history"><br></div><div class="battle-history">Probopass, come back!<br></div><div class="battle-history">Go! <strong>Krokorok</strong>!<br></div><div class="battle-history"><small>[Krokorok's Intimidate]</small><br></div><div class="battle-history"><small>[The opposing Metang's Clear Body]</small><br><small>The opposing Metang's stats were not lowered!</small><br></div><div class="spacer battle-history"><br></div><div class="battle-history">The opposing Metang used <strong>Stealth Rock</strong>!<br></div><div class="battle-history"><small>Pointed stones float in the air around your team!</small><br></div><div class="spacer battle-history"><br></div><h2 class="battle-history">Turn 6</h2><div class="spacer battle-history"><br></div><div class="battle-history">Krokorok used <strong>Knock Off</strong>!<br></div><div class="battle-history"><small>It's super effective!</small><br></div><div class="battle-history"><small>(The opposing Metang lost <abbr title="−270/324">83.3%</abbr> of its health!)</small><br></div><div class="battle-history"><small>Krokorok knocked off the opposing Metang's Eviolite!</small><br></div><div class="spacer battle-history"><br></div><div class="battle-history">The opposing Metang used <strong>Meteor Mash</strong>!<br></div><div class="battle-history"><small>(Krokorok lost <abbr title="−240/261">92.0%</abbr> of its health!)</small><br></div><div class="spacer battle-history"><br></div><h2 class="battle-history">Turn 7</h2><div class="spacer battle-history"><br></div><div class="battle-history">The opposing Metang used <strong>Bullet Punch</strong>!<br></div><div class="battle-history"><small>(Krokorok lost <abbr title="−21/261">8.0%</abbr> of its health!)</small><br></div><div class="spacer battle-history"><br></div><div class="battle-history">Krokorok fainted!<br></div><div class="spacer battle-history"><br></div><div class="battle-history">Go! <strong>Probopass</strong>!<br></div><div class="battle-history"><small>Pointed stones dug into Probopass!</small><br></div><div class="spacer battle-history"><br></div><h2 class="battle-history">Turn 8</h2><div class="spacer battle-history"><br></div><div class="battle-history">The opposing Metang used <strong>Bullet Punch</strong>!<br></div><div class="battle-history"><small>A critical hit!</small><br></div><div class="battle-history"><small>(Probopass lost <abbr title="−57/304">18.8%</abbr> of its health!)</small><br></div><div class="spacer battle-history"><br></div><div class="battle-history">Probopass used <strong>Earth Power</strong>!<br></div><div class="battle-history"><small>It's super effective!</small><br></div><div class="battle-history"><small>(The opposing Metang lost <abbr title="−12/324">3.7%</abbr> of its health!)</small><br></div><div class="spacer battle-history"><br></div><div class="battle-history">The opposing Metang fainted!<br></div><div class="spacer battle-history"><br></div><div class="battle-history">Specs Jigglypuff sent out Rotom (<strong>Rotom-Frost</strong>)!<br></div><div class="battle-history"><small>The opposing Rotom floats in the air with its Air Balloon!</small><br></div><div class="spacer battle-history"><br></div><h2 class="battle-history">Turn 9</h2><div class="spacer battle-history"><br></div><div class="battle-history">Probopass, come back!<br></div><div class="battle-history">Go! <strong>Zebstrika</strong>!<br></div><div class="battle-history"><small>Pointed stones dug into Zebstrika!</small><br></div><div class="spacer battle-history"><br></div><div class="battle-history">The opposing Rotom used <strong>Blizzard</strong>!<br></div><div class="battle-history"><small>(Zebstrika lost <abbr title="−249/291">85.6%</abbr> of its health!)</small><br></div><div class="spacer battle-history"><br></div><h2 class="battle-history">Turn 10</h2><div class="spacer battle-history"><br></div><div class="battle-history">Specs Jigglypuff withdrew Rotom!<br></div><div class="battle-history">Specs Jigglypuff sent out <strong>Electrode</strong>!<br></div><div class="spacer battle-history"><br></div><div class="battle-history">Zebstrika used <strong>Hidden Power</strong>!<br></div><div class="battle-history"><small>(The opposing Electrode lost <abbr title="−87/261">33.3%</abbr> of its health!)</small><br></div><div class="battle-history"><small>Zebstrika lost some of its HP!</small><br></div><div class="spacer battle-history"><br></div><div class="battle-history">Zebstrika fainted!<br></div><div class="spacer battle-history"><br></div><div class="battle-history">Go! <strong>Ursaring</strong>!<br></div><div class="battle-history"><small>Pointed stones dug into Ursaring!</small><br></div><div class="spacer battle-history"><br></div><h2 class="battle-history">Turn 11</h2><div class="spacer battle-history"><br></div><div class="battle-history">The opposing Electrode used <strong>Rain Dance</strong>!<br></div><div class="battle-history"><small>It started to rain!</small><br></div><div class="spacer battle-history"><br></div><div class="battle-history">Ursaring used <strong>Bulk Up</strong>!<br></div><div class="battle-history"><small>Ursaring's Attack rose!</small><br></div><div class="battle-history"><small>Ursaring's Defense rose!</small><br></div><div class="spacer battle-history"><br></div><div class="battle-history"><small>(Rain continues to fall!)</small><br></div><div class="battle-history"><small>Ursaring restored a little HP using its Leftovers!</small><br></div><div class="spacer battle-history"><br></div><h2 class="battle-history">Turn 12</h2><div class="spacer battle-history"><br></div><div class="battle-history">The opposing Electrode used <strong>Thunderbolt</strong>!<br></div><div class="battle-history"><small>(Ursaring lost <abbr title="−121/384">31.5%</abbr> of its health!)</small><br></div><div class="battle-history"><small>The opposing Electrode lost some of its HP!</small><br></div><div class="spacer battle-history"><br></div><div class="battle-history">Ursaring used <strong>Frustration</strong>!<br></div><div class="battle-history"><small>(The opposing Electrode lost <abbr title="−148/261">56.7%</abbr> of its health!)</small><br></div><div class="battle-history"><small>[The opposing Electrode's Aftermath]</small><br><small>Ursaring is hurt!</small><br></div><div class="spacer battle-history"><br></div><div class="battle-history">The opposing Electrode fainted!<br></div><div class="spacer battle-history"><br></div><div class="battle-history"><small>(Rain continues to fall!)</small><br></div><div class="battle-history"><small>Ursaring restored a little HP using its Leftovers!</small><br></div><div class="spacer battle-history"><br></div><div class="battle-history">Specs Jigglypuff sent out <strong>Gorebyss</strong>!<br></div><div class="spacer battle-history"><br></div><h2 class="battle-history">Turn 13</h2><div class="chat chatmessage-azkul"><strong style="color:hsl(7,85%,44%)"><small>☆</small><span class="username" data-name="Azkul">Azkul</span>:</strong> <em>didn't notice that one</em></div><div class="spacer battle-history"><br></div><div class="battle-history">The opposing Gorebyss used <strong>Surf</strong>!<br></div><div class="battle-history"><small>(Ursaring lost <abbr title="−167/384">43.5%</abbr> of its health!)</small><br></div><div class="spacer battle-history"><br></div><div class="battle-history">Ursaring fainted!<br></div><div class="spacer battle-history"><br></div><div class="battle-history"><small>(Rain continues to fall!)</small><br></div><div class="spacer battle-history"><br></div><div class="battle-history">Go! <strong>Prinplup</strong>!<br></div><div class="battle-history"><small>Pointed stones dug into Prinplup!</small><br></div><div class="spacer battle-history"><br></div><h2 class="battle-history">Turn 14</h2><div class="spacer battle-history"><br></div><div class="battle-history">The opposing Gorebyss used <strong>Shell Smash</strong>!<br></div><div class="battle-history"><small>The opposing Gorebyss's Defense fell!</small><br></div><div class="battle-history"><small>The opposing Gorebyss's Special Defense fell!</small><br></div><div class="battle-history"><small>The opposing Gorebyss's Attack rose sharply!</small><br></div><div class="battle-history"><small>The opposing Gorebyss's Special Attack rose sharply!</small><br></div><div class="battle-history"><small>The opposing Gorebyss's Speed rose sharply!</small><br></div><div class="battle-history"><small>The opposing Gorebyss returned its status to normal using its White Herb!</small><br></div><div class="spacer battle-history"><br></div><div class="battle-history">Prinplup used <strong>Toxic</strong>!<br></div><div class="battle-history"><small>The opposing Gorebyss was badly poisoned!</small><br></div><div class="spacer battle-history"><br></div><div class="battle-history"><small>(Rain continues to fall!)</small><br></div><div class="battle-history"><small>The opposing Gorebyss was hurt by poison!</small><br></div><div class="spacer battle-history"><br></div><h2 class="battle-history">Turn 15</h2><div class="spacer battle-history"><br></div><div class="battle-history">The opposing Gorebyss used <strong>Psychic</strong>!<br></div><div class="battle-history"><small>(Prinplup lost <abbr title="−157/331">47.4%</abbr> of its health!)</small><br></div><div class="spacer battle-history"><br></div><div class="battle-history">Prinplup used <strong>Scald</strong>!<br></div><div class="battle-history"><small>It's not very effective...</small><br></div><div class="battle-history"><small>(The opposing Gorebyss lost <abbr title="−78/251">31.1%</abbr> of its health!)</small><br></div><div class="spacer battle-history"><br></div><div class="battle-history"><small>The rain stopped.</small><br></div><div class="battle-history"><small>The opposing Gorebyss was hurt by poison!</small><br></div><div class="spacer battle-history"><br></div><h2 class="battle-history">Turn 16</h2><div class="spacer battle-history"><br></div><div class="battle-history">Prinplup, come back!<br></div><div class="battle-history">Go! <strong>Probopass</strong>!<br></div><div class="battle-history"><small>Pointed stones dug into Probopass!</small><br></div><div class="spacer battle-history"><br></div><div class="battle-history">The opposing Gorebyss used <strong>Psychic</strong>!<br></div><div class="battle-history"><small>It's not very effective...</small><br></div><div class="battle-history"><small>(Probopass lost <abbr title="−72/304">23.7%</abbr> of its health!)</small><br></div><div class="spacer battle-history"><br></div><div class="battle-history"><small>The opposing Gorebyss was hurt by poison!</small><br></div><div class="spacer battle-history"><br></div><h2 class="battle-history">Turn 17</h2><div class="spacer battle-history"><br></div><div class="battle-history">The opposing Gorebyss used <strong>Surf</strong>!<br></div><div class="battle-history"><small>It's super effective!</small><br></div><div class="battle-history"><small>A critical hit!</small><br></div><div class="battle-history"><small>(Probopass lost <abbr title="−58/304">19.1%</abbr> of its health!)</small><br></div><div class="spacer battle-history"><br></div><div class="battle-history">Probopass fainted!<br></div><div class="spacer battle-history"><br></div><div class="battle-history"><small>The opposing Gorebyss was hurt by poison!</small><br></div><div class="spacer battle-history"><br></div><div class="battle-history">Go! <strong>Prinplup</strong>!<br></div><div class="battle-history"><small>Pointed stones dug into Prinplup!</small><br></div><div class="spacer battle-history"><br></div><h2 class="battle-history">Turn 18</h2><div class="spacer battle-history"><br></div><div class="battle-history">The opposing Gorebyss used <strong>Surf</strong>!<br></div><div class="battle-history"><small>It's not very effective...</small><br></div><div class="battle-history"><small>(Prinplup lost <abbr title="−92/331">27.8%</abbr> of its health!)</small><br></div><div class="spacer battle-history"><br></div><div class="battle-history">Prinplup fainted!<br></div><div class="spacer battle-history"><br></div><div class="battle-history"><small>The opposing Gorebyss was hurt by poison!</small><br></div><div class="spacer battle-history"><br></div><div class="battle-history">The opposing Gorebyss fainted!<br></div><div class="spacer battle-history"><br></div><div class="battle-history">Specs Jigglypuff sent out <strong>Leafeon</strong>!<br></div><div class="spacer battle-history"><br></div><div class="battle-history">Go! <strong>Duosion</strong>!<br></div><div class="spacer battle-history"><br></div><h2 class="battle-history">Turn 19</h2><div class="spacer battle-history"><br></div><div class="battle-history">The opposing Leafeon used <strong>Swords Dance</strong>!<br></div><div class="battle-history"><small>The opposing Leafeon's Attack rose sharply!</small><br></div><div class="spacer battle-history"><br></div><div class="battle-history">Duosion used <strong>Acid Armor</strong>!<br></div><div class="battle-history"><small>Duosion's Defense rose sharply!</small><br></div><div class="spacer battle-history"><br></div><h2 class="battle-history">Turn 20</h2><div class="spacer battle-history"><br></div><div class="battle-history">The opposing Leafeon used <strong>Swords Dance</strong>!<br></div><div class="battle-history"><small>The opposing Leafeon's Attack rose sharply!</small><br></div><div class="spacer battle-history"><br></div><div class="battle-history">Duosion used <strong>Acid Armor</strong>!<br></div><div class="battle-history"><small>Duosion's Defense rose sharply!</small><br></div><div class="spacer battle-history"><br></div><h2 class="battle-history">Turn 21</h2><div class="spacer battle-history"><br></div><div class="battle-history">The opposing Leafeon used <strong>Swords Dance</strong>!<br></div><div class="battle-history"><small>The opposing Leafeon's Attack rose sharply!</small><br></div><div class="spacer battle-history"><br></div><div class="battle-history">Duosion used <strong>Acid Armor</strong>!<br></div><div class="battle-history"><small>Duosion's Defense rose sharply!</small><br></div><div class="spacer battle-history"><br></div><h2 class="battle-history">Turn 22</h2><div class="spacer battle-history"><br></div><div class="battle-history">The opposing Leafeon used <strong>Knock Off</strong>!<br></div><div class="battle-history"><small>It's super effective!</small><br></div><div class="battle-history"><small>(Duosion lost <abbr title="−142/334">42.5%</abbr> of its health!)</small><br></div><div class="battle-history"><small>The opposing Leafeon knocked off Duosion's Eviolite!</small><br></div><div class="spacer battle-history"><br></div><div class="battle-history">Duosion used <strong>Recover</strong>!<br></div><div class="battle-history"><small>Duosion restored its HP.</small><br></div><div class="spacer battle-history"><br></div><h2 class="battle-history">Turn 23</h2><div class="spacer battle-history"><br></div><div class="battle-history">The opposing Leafeon used <strong>Bullet Seed</strong>!<br></div><div class="battle-history"><small>(Duosion lost <abbr title="−46/334">13.8%</abbr> of its health!)</small><br></div><div class="battle-history"><small>(Duosion lost <abbr title="−40/334">12.0%</abbr> of its health!)</small><br></div><div class="battle-history"><small>(Duosion lost <abbr title="−42/334">12.6%</abbr> of its health!)</small><br></div><div class="battle-history"><small>Hit 3 times!</small><br></div><div class="spacer battle-history"><br></div><div class="battle-history">Duosion used <strong>Calm Mind</strong>!<br></div><div class="battle-history"><small>Duosion's Special Attack rose!</small><br></div><div class="battle-history"><small>Duosion's Special Defense rose!</small><br></div><div class="spacer battle-history"><br></div><h2 class="battle-history">Turn 24</h2><div class="spacer battle-history"><br></div><div class="battle-history">The opposing Leafeon used <strong>Bullet Seed</strong>!<br></div><div class="battle-history"><small>(Duosion lost <abbr title="−46/334">13.8%</abbr> of its health!)</small><br></div><div class="battle-history"><small>(Duosion lost <abbr title="−48/334">14.4%</abbr> of its health!)</small><br></div><div class="battle-history"><small>(Duosion lost <abbr title="−42/334">12.6%</abbr> of its health!)</small><br></div><div class="battle-history"><small>(Duosion lost <abbr title="−45/334">13.5%</abbr> of its health!)</small><br></div><div class="battle-history"><small>(Duosion lost <abbr title="−25/334">7.5%</abbr> of its health!)</small><br></div><div class="battle-history"><small>Hit 5 times!</small><br></div><div class="spacer battle-history"><br></div><div class="battle-history">Duosion fainted!<br></div><div class="spacer battle-history"><br></div><div class="battle-history"><strong>Specs Jigglypuff</strong> won the battle!<br></div><div class="chat chatmessage-specsjigglypuff"><strong style="color:hsl(266,48%,57.7850146963456%)"><small>☆</small><span class="username" data-name="Specs Jigglypuff">Specs Jigglypuff</span>:</strong> <em>ggs</em></div><div class="chat chatmessage-azkul"><strong style="color:hsl(7,85%,44%)"><small>☆</small><span class="username" data-name="Azkul">Azkul</span>:</strong> <em>gg !</em></div></div><div class="inner-preempt"></div></div></div>
</div>
<script>
let daily = Math.floor(Date.now()/1000/60/60/24);document.write('<script src="https://play.pokemonshowdown.com/js/replay-embed.js?version'+daily+'"></'+'script>');
</script>
