<!DOCTYPE html>
<meta charset="utf-8" />
<!-- version 1 -->
<title>PU replay: lcezasfuck vs. SergioRules</title>
<style>
html,body {font-family:Verdana, sans-serif;font-size:10pt;margin:0;padding:0;}body{padding:12px 0;} .battle-log {font-family:Verdana, sans-serif;font-size:10pt;} .battle-log-inline {border:1px solid #AAAAAA;background:#EEF2F5;color:black;max-width:640px;margin:0 auto 80px;padding-bottom:5px;} .battle-log .inner {padding:4px 8px 0px 8px;} .battle-log .inner-preempt {padding:0 8px 4px 8px;} .battle-log .inner-after {margin-top:0.5em;} .battle-log h2 {margin:0.5em -8px;padding:4px 8px;border:1px solid #AAAAAA;background:#E0E7EA;border-left:0;border-right:0;font-family:Verdana, sans-serif;font-size:13pt;} .battle-log .chat {vertical-align:middle;padding:3px 0 3px 0;font-size:8pt;} .battle-log .chat strong {color:#40576A;} .battle-log .chat em {padding:1px 4px 1px 3px;color:#000000;font-style:normal;} .chat.mine {background:rgba(0,0,0,0.05);margin-left:-8px;margin-right:-8px;padding-left:8px;padding-right:8px;} .spoiler {color:#BBBBBB;background:#BBBBBB;padding:0px 3px;} .spoiler:hover, .spoiler:active, .spoiler-shown {color:#000000;background:#E2E2E2;padding:0px 3px;} .spoiler a {color:#BBBBBB;} .spoiler:hover a, .spoiler:active a, .spoiler-shown a {color:#2288CC;} .chat code, .chat .spoiler:hover code, .chat .spoiler:active code, .chat .spoiler-shown code {border:1px solid #C0C0C0;background:#EEEEEE;color:black;padding:0 2px;} .chat .spoiler code {border:1px solid #CCCCCC;background:#CCCCCC;color:#CCCCCC;} .battle-log .rated {padding:3px 4px;} .battle-log .rated strong {color:white;background:#89A;padding:1px 4px;border-radius:4px;} .spacer {margin-top:0.5em;} .message-announce {background:#6688AA;color:white;padding:1px 4px 2px;} .message-announce a, .broadcast-green a, .broadcast-blue a, .broadcast-red a {color:#DDEEFF;} .broadcast-green {background-color:#559955;color:white;padding:2px 4px;} .broadcast-blue {background-color:#6688AA;color:white;padding:2px 4px;} .infobox {border:1px solid #6688AA;padding:2px 4px;} .infobox-limited {max-height:200px;overflow:auto;overflow-x:hidden;} .broadcast-red {background-color:#AA5544;color:white;padding:2px 4px;} .message-learn-canlearn {font-weight:bold;color:#228822;text-decoration:underline;} .message-learn-cannotlearn {font-weight:bold;color:#CC2222;text-decoration:underline;} .message-effect-weak {font-weight:bold;color:#CC2222;} .message-effect-resist {font-weight:bold;color:#6688AA;} .message-effect-immune {font-weight:bold;color:#666666;} .message-learn-list {margin-top:0;margin-bottom:0;} .message-throttle-notice, .message-error {color:#992222;} .message-overflow, .chat small.message-overflow {font-size:0pt;} .message-overflow::before {font-size:9pt;content:'...';} .subtle {color:#3A4A66;}
</style>
<div class="wrapper replay-wrapper" style="max-width:1180px;margin:0 auto">
<input type="hidden" name="replayid" value="pu-573883523" />
<div class="battle"></div><div class="battle-log"></div><div class="replay-controls"></div><div class="replay-controls-2"></div>
<h1 style="font-weight:normal;text-align:center"><strong>PU</strong><br /><a href="http://pokemonshowdown.com/users/lcezasfuck" class="subtle" target="_blank">lcezasfuck</a> vs. <a href="http://pokemonshowdown.com/users/sergiorules" class="subtle" target="_blank">SergioRules</a></h1>
<script type="text/plain" class="battle-log-data">|j|lcezasfuck
|j|SergioRules
|player|p1|lcezasfuck|#teamrocket
|player|p2|SergioRules|56
|gametype|singles
|gen|6
|tier|PU
|seed|54568,24130,56532,39186
|rule|Sleep Clause Mod: Limit one foe put to sleep
|rule|Species Clause: Limit one of each Pokémon
|rule|OHKO Clause: OHKO moves are banned
|rule|Moody Clause: Moody is banned
|rule|Evasion Moves Clause: Evasion moves are banned
|rule|Endless Battle Clause: Forcing endless battles is banned
|rule|HP Percentage Mod: HP is shown in percentages
|clearpoke
|poke|p1|Clefairy, F|item
|poke|p1|Servine, M|item
|poke|p1|Misdreavus, F|item
|poke|p1|Pelipper, M|item
|poke|p1|Golem, M|item
|poke|p1|Combusken, M|item
|poke|p2|Rotom-Fan|item
|poke|p2|Prinplup, F|item
|poke|p2|Golem, F|item
|poke|p2|Rapidash, F|item
|poke|p2|Bouffalant, M|item
|poke|p2|Mr. Mime, F|item
|rule|Swagger Clause: Swagger is banned
|rule|Baton Pass Clause: Limit one Baton Passer, can't pass Spe and other stats simultaneously
|teampreview
|choice|team 5, team 2, team 3, team 4, team 1, team 6|team 1, team 2, team 3, team 4, team 5, team 6
|
|start
|switch|p1a: Golem|Golem, M|301\/301
|switch|p2a: Rotom|Rotom-Fan|303\/303
|turn|1
|choice|move rockblast|switch 2
|
|switch|p2a: Prinplup|Prinplup, F|331\/331
|move|p1a: Golem|Rock Blast|p2a: Prinplup
|-damage|p2a: Prinplup|301\/331
|-damage|p2a: Prinplup|268\/331
|-damage|p2a: Prinplup|241\/331
|-hitcount|p2a: Prinplup|3
|
|upkeep
|turn|2
|choice|switch 5|move stealthrock
|
|switch|p1a: Clefairy|Clefairy, F|344\/344
|move|p2a: Prinplup|Stealth Rock|p1a: Clefairy
|-sidestart|p1: lcezasfuck|move: Stealth Rock
|
|upkeep
|turn|3
|choice|move knockoff|switch 2
|
|switch|p2a: Rotom|Rotom-Fan|303\/303
|move|p1a: Clefairy|Knock Off|p2a: Rotom
|-damage|p2a: Rotom|279\/303
|-enditem|p2a: Rotom|Leftovers|[from] move: Knock Off|[of] p1a: Clefairy
|
|upkeep
|turn|4
|choice|move knockoff|move voltswitch
|
|move|p2a: Rotom|Volt Switch|p1a: Clefairy
|-damage|p1a: Clefairy|287\/344
|choice||switch 5
|
|switch|p2a: Bouffalant|Bouffalant, M|361\/361
|move|p1a: Clefairy|Knock Off|p2a: Bouffalant
|-damage|p2a: Bouffalant|322\/361
|-enditem|p2a: Bouffalant|Leftovers|[from] move: Knock Off|[of] p1a: Clefairy
|
|upkeep
|turn|5
|choice|switch 3|move substitute
|
|switch|p1a: Misdreavus|Misdreavus, F|324\/324
|-damage|p1a: Misdreavus|284\/324|[from] Stealth Rock
|move|p2a: Bouffalant|Substitute|p2a: Bouffalant
|-start|p2a: Bouffalant|Substitute
|-damage|p2a: Bouffalant|232\/361
|
|upkeep
|turn|6
|choice|move willowisp|switch 4
|
|switch|p2a: Rapidash|Rapidash, F|271\/271
|move|p1a: Misdreavus|Will-O-Wisp|p2a: Rapidash
|-start|p2a: Rapidash|ability: Flash Fire
|
|upkeep
|turn|7
|choice|switch 5|move flareblitz
|
|switch|p1a: Golem|Golem, M|301\/301
|-damage|p1a: Golem|283\/301|[from] Stealth Rock
|move|p2a: Rapidash|Flare Blitz|p1a: Golem
|-resisted|p1a: Golem
|-damage|p1a: Golem|181\/301
|-damage|p2a: Rapidash|237\/271|[from] recoil|[of] p1a: Golem
|
|-heal|p2a: Rapidash|253\/271|[from] item: Leftovers
|upkeep
|turn|8
|choice|move earthquake|switch 5
|
|-end|p2a: Rapidash|ability: Flash Fire|[silent]
|switch|p2a: Rotom|Rotom-Fan|279\/303
|move|p1a: Golem|Earthquake|p2a: Rotom
|-immune|p2a: Rotom|[msg]
|
|upkeep
|turn|9
|choice|move stealthrock|move willowisp
|
|move|p2a: Rotom|Will-O-Wisp|p1a: Golem
|-status|p1a: Golem|brn
|move|p1a: Golem|Stealth Rock|p2a: Rotom
|-sidestart|p2: SergioRules|move: Stealth Rock
|
|-damage|p1a: Golem|144\/301 brn|[from] brn
|upkeep
|turn|10
|choice|switch 2|move airslash
|
|switch|p1a: Servine|Servine, M|261\/261
|-damage|p1a: Servine|229\/261|[from] Stealth Rock
|move|p2a: Rotom|Air Slash|p1a: Servine
|-supereffective|p1a: Servine
|-damage|p1a: Servine|85\/261
|
|upkeep
|turn|11
|choice|move synthesis|move airslash
|
|move|p1a: Servine|Synthesis|p1a: Servine
|-heal|p1a: Servine|215\/261
|move|p2a: Rotom|Air Slash|p1a: Servine
|-supereffective|p1a: Servine
|-damage|p1a: Servine|69\/261
|
|upkeep
|turn|12
|choice|switch 3|move airslash
|
|switch|p1a: Clefairy|Clefairy, F|287\/344
|move|p2a: Rotom|Air Slash|p1a: Clefairy
|-damage|p1a: Clefairy|226\/344
|
|upkeep
|turn|13
|c|☆SergioRules|this team does so bad vs clef
|c|☆SergioRules|if I hadn't been dumb and switched into that knock
|choice|move healbell|move airslash
|
|move|p2a: Rotom|Air Slash|p1a: Clefairy
|-crit|p1a: Clefairy
|-damage|p1a: Clefairy|142\/344
|move|p1a: Clefairy|Heal Bell|p1a: Clefairy
|-activate|p1a: Clefairy|move: Heal Bell
|-curestatus|p1: Golem|brn|[msg]
|
|upkeep
|turn|14
|choice|move softboiled|move voltswitch
|
|move|p2a: Rotom|Volt Switch|p1a: Clefairy
|-damage|p1a: Clefairy|84\/344
|c|☆lcezasfuck|Yeha
|choice||switch 4
|
|switch|p2a: Bouffalant|Bouffalant, M|232\/361
|-damage|p2a: Bouffalant|187\/361|[from] Stealth Rock
|move|p1a: Clefairy|Soft-Boiled|p1a: Clefairy
|-heal|p1a: Clefairy|256\/344
|
|upkeep
|turn|15
|c|☆lcezasfuck|Spam Knock off
|choice|move softboiled|switch 5
|
|switch|p2a: Rapidash|Rapidash, F|253\/271
|-damage|p2a: Rapidash|186\/271|[from] Stealth Rock
|move|p1a: Clefairy|Soft-Boiled|p1a: Clefairy
|-heal|p1a: Clefairy|344\/344
|
|-heal|p2a: Rapidash|202\/271|[from] item: Leftovers
|upkeep
|turn|16
|choice|switch 4|move flareblitz
|
|switch|p1a: Pelipper|Pelipper, M|324\/324
|-damage|p1a: Pelipper|243\/324|[from] Stealth Rock
|move|p2a: Rapidash|Flare Blitz|p1a: Pelipper
|-resisted|p1a: Pelipper
|-crit|p1a: Pelipper
|-damage|p1a: Pelipper|135\/324
|-damage|p2a: Rapidash|166\/271|[from] recoil|[of] p1a: Pelipper
|
|-heal|p2a: Rapidash|182\/271|[from] item: Leftovers
|-heal|p1a: Pelipper|155\/324|[from] item: Leftovers
|upkeep
|turn|17
|choice|move defog|switch 4
|
|switch|p2a: Rotom|Rotom-Fan|279\/303
|-damage|p2a: Rotom|204\/303|[from] Stealth Rock
|move|p1a: Pelipper|Defog|p2a: Rotom
|-unboost|p2a: Rotom|evasion|1
|-sideend|p2: SergioRules|Stealth Rock|[from] move: Defog|[of] p2a: Rotom
|-sideend|p1: lcezasfuck|Stealth Rock|[from] move: Defog|[of] p1a: Pelipper
|
|-heal|p1a: Pelipper|175\/324|[from] item: Leftovers
|upkeep
|turn|18
|choice|switch 2|move airslash
|
|switch|p1a: Golem|Golem, M|144\/301
|move|p2a: Rotom|Air Slash|p1a: Golem
|-resisted|p1a: Golem
|-damage|p1a: Golem|84\/301
|
|upkeep
|turn|19
|choice|move rockblast|move airslash
|
|move|p2a: Rotom|Air Slash|p1a: Golem
|-resisted|p1a: Golem
|-damage|p1a: Golem|22\/301
|cant|p1a: Golem|flinch
|
|upkeep
|turn|20
|choice|move rockblast|move airslash
|-enditem|p1a: Golem|Custap Berry|[eat]
|-activate|p1a: Golem|item: Custap Berry
|
|move|p1a: Golem|Rock Blast|p2a: Rotom
|-supereffective|p2a: Rotom
|-damage|p2a: Rotom|130\/303
|-supereffective|p2a: Rotom
|-damage|p2a: Rotom|64\/303
|-supereffective|p2a: Rotom
|-damage|p2a: Rotom|2\/303
|-supereffective|p2a: Rotom
|-damage|p2a: Rotom|0 fnt
|-hitcount|p2a: Rotom|4
|faint|p2a: Rotom
|
|upkeep
|c|☆lcezasfuck|yay
|c|☆lcezasfuck|u forgot that
|c|☆SergioRules|sigh
|c|☆SergioRules|I didn't forget
|c|☆lcezasfuck|Sacrifice
|inactive|Battle timer is ON: inactive players will automatically lose when time's up. (requested by lcezasfuck)
|c|☆SergioRules|I just didn't expect the 1\/3 chance to hit enough to kill
|choice||switch 5
|
|switch|p2a: Bouffalant|Bouffalant, M|187\/361
|turn|21
|choice|move earthquake|switch 2
|
|switch|p2a: Prinplup|Prinplup, F|241\/331
|move|p1a: Golem|Earthquake|p2a: Prinplup
|-damage|p2a: Prinplup|118\/331
|
|upkeep
|turn|22
|choice|move earthquake|move scald
|
|move|p1a: Golem|Earthquake|p2a: Prinplup
|-damage|p2a: Prinplup|9\/331
|move|p2a: Prinplup|Scald|p1a: Golem
|-supereffective|p1a: Golem
|-damage|p1a: Golem|0 fnt
|faint|p1a: Golem
|
|upkeep
|choice|switch 3|
|
|switch|p1a: Servine|Servine, M|69\/261
|turn|23
|choice|move synthesis|move signalbeam
|
|move|p1a: Servine|Synthesis|p1a: Servine
|-heal|p1a: Servine|199\/261
|move|p2a: Prinplup|Signal Beam|p1a: Servine
|-supereffective|p1a: Servine
|-damage|p1a: Servine|113\/261
|
|upkeep
|turn|24
|choice|move taunt|switch 4
|
|switch|p2a: Rapidash|Rapidash, F|182\/271
|move|p1a: Servine|Taunt|p2a: Rapidash
|-start|p2a: Rapidash|move: Taunt
|
|-heal|p2a: Rapidash|198\/271|[from] item: Leftovers
|upkeep
|turn|25
|choice|switch 2|move flareblitz
|
|switch|p1a: Pelipper|Pelipper, M|175\/324
|move|p2a: Rapidash|Flare Blitz|p1a: Pelipper
|-resisted|p1a: Pelipper
|-damage|p1a: Pelipper|99\/324
|-damage|p2a: Rapidash|173\/271|[from] recoil|[of] p1a: Pelipper
|
|-heal|p2a: Rapidash|189\/271|[from] item: Leftovers
|-heal|p1a: Pelipper|119\/324|[from] item: Leftovers
|upkeep
|turn|26
|choice|move roost|switch 4
|
|switch|p2a: Prinplup|Prinplup, F|9\/331
|move|p1a: Pelipper|Roost|p1a: Pelipper
|-heal|p1a: Pelipper|281\/324
|
|-heal|p1a: Pelipper|301\/324|[from] item: Leftovers
|upkeep
|turn|27
|choice|move uturn|move scald
|
|move|p1a: Pelipper|U-turn|p2a: Prinplup
|-damage|p2a: Prinplup|0 fnt
|faint|p2a: Prinplup
|c|☆lcezasfuck|good
|choice|switch 2|
|
|switch|p1a: Servine|Servine, M|113\/261
|
|upkeep
|choice||switch 4
|
|switch|p2a: Rapidash|Rapidash, F|189\/271
|turn|28
|choice|switch 2|move willowisp
|
|switch|p1a: Pelipper|Pelipper, M|301\/324
|move|p2a: Rapidash|Will-O-Wisp|p1a: Pelipper|[miss]
|-miss|p2a: Rapidash|p1a: Pelipper
|
|-heal|p2a: Rapidash|205\/271|[from] item: Leftovers
|-heal|p1a: Pelipper|321\/324|[from] item: Leftovers
|upkeep
|turn|29
|c|☆SergioRules|sigh
|c|☆lcezasfuck|xD
|j|No Plans
|c|☆SergioRules|got lucked
|c|☆SergioRules|bye
|-message|SergioRules forfeited.
|
|win|lcezasfuck
|l|No Plans
|l|SergioRules</script>
</div>
<div class="battle-log battle-log-inline"><div class="inner"><div class="battle-options"></div><div class="inner"><div class="chat"><small>lcezasfuck joined.</small></div><div class="chat"><small>SergioRules joined.</small></div><div class=""><small>Format:</small> <br><strong>PU</strong></div><div class=""><small><em>Sleep Clause Mod:</em> Limit one foe put to sleep</small></div><div class=""><small><em>Species Clause:</em> Limit one of each Pokémon</small></div><div class=""><small><em>OHKO Clause:</em> OHKO moves are banned</small></div><div class=""><small><em>Moody Clause:</em> Moody is banned</small></div><div class=""><small><em>Evasion Moves Clause:</em> Evasion moves are banned</small></div><div class=""><small><em>Endless Battle Clause:</em> Forcing endless battles is banned</small></div><div class=""><small><em>HP Percentage Mod:</em> HP is shown in percentages</small></div><div class=""><small><em>Swagger Clause:</em> Swagger is banned</small></div><div class=""><small><em>Baton Pass Clause:</em> Limit one Baton Passer, can't pass Spe and other stats simultaneously</small></div><div class="chat battle-history"><strong>lcezasfuck's team:</strong> <em style="color:#445566;display:block;">Clefairy / Servine / Misdreavus / Pelipper / Golem / Combusken</em></div><div class="chat battle-history"><strong>SergioRules's team:</strong> <em style="color:#445566;display:block;">Rotom-Fan / Prinplup / Golem / Rapidash / Bouffalant / Mr. Mime</em></div><div class="spacer battle-history"><br></div><div class="battle-history">Battle started between lcezasfuck and SergioRules!<br></div><div class="spacer battle-history"><br></div><div class="battle-history">Go! <strong>Golem</strong>!<br></div><div class="spacer battle-history"><br></div><div class="battle-history">SergioRules sent out Rotom (<strong>Rotom-Fan</strong>)!<br></div><div class="spacer battle-history"><br></div><h2 class="battle-history">Turn 1</h2><div class="spacer battle-history"><br></div><div class="battle-history">SergioRules withdrew Rotom!<br></div><div class="battle-history">SergioRules sent out <strong>Prinplup</strong>!<br></div><div class="spacer battle-history"><br></div><div class="battle-history">Golem used <strong>Rock Blast</strong>!<br></div><div class="battle-history"><small>(The opposing Prinplup lost <abbr title="−30/331">9.1%</abbr> of its health!)</small><br></div><div class="battle-history"><small>(The opposing Prinplup lost <abbr title="−33/331">10.0%</abbr> of its health!)</small><br></div><div class="battle-history"><small>(The opposing Prinplup lost <abbr title="−27/331">8.2%</abbr> of its health!)</small><br></div><div class="battle-history"><small>Hit 3 times!</small><br></div><div class="spacer battle-history"><br></div><h2 class="battle-history">Turn 2</h2><div class="spacer battle-history"><br></div><div class="battle-history">Golem, come back!<br></div><div class="battle-history">Go! <strong>Clefairy</strong>!<br></div><div class="spacer battle-history"><br></div><div class="battle-history">The opposing Prinplup used <strong>Stealth Rock</strong>!<br></div><div class="battle-history"><small>Pointed stones float in the air around your team!</small><br></div><div class="spacer battle-history"><br></div><h2 class="battle-history">Turn 3</h2><div class="spacer battle-history"><br></div><div class="battle-history">SergioRules withdrew Prinplup!<br></div><div class="battle-history">SergioRules sent out Rotom (<strong>Rotom-Fan</strong>)!<br></div><div class="spacer battle-history"><br></div><div class="battle-history">Clefairy used <strong>Knock Off</strong>!<br></div><div class="battle-history"><small>(The opposing Rotom lost <abbr title="−24/303">7.9%</abbr> of its health!)</small><br></div><div class="battle-history"><small>Clefairy knocked off the opposing Rotom's Leftovers!</small><br></div><div class="spacer battle-history"><br></div><h2 class="battle-history">Turn 4</h2><div class="spacer battle-history"><br></div><div class="battle-history">The opposing Rotom used <strong>Volt Switch</strong>!<br></div><div class="battle-history"><small>(Clefairy lost <abbr title="−57/344">16.6%</abbr> of its health!)</small><br></div><div class="spacer battle-history"><br></div><div class="battle-history">The opposing Rotom went back to SergioRules!<br></div><div class="battle-history">SergioRules sent out <strong>Bouffalant</strong>!<br></div><div class="spacer battle-history"><br></div><div class="battle-history">Clefairy used <strong>Knock Off</strong>!<br></div><div class="battle-history"><small>(The opposing Bouffalant lost <abbr title="−39/361">10.8%</abbr> of its health!)</small><br></div><div class="battle-history"><small>Clefairy knocked off the opposing Bouffalant's Leftovers!</small><br></div><div class="spacer battle-history"><br></div><h2 class="battle-history">Turn 5</h2><div class="spacer battle-history"><br></div><div class="battle-history">Clefairy, come back!<br></div><div class="battle-history">Go! <strong>Misdreavus</strong>!<br></div><div class="battle-history"><small>Pointed stones dug into Misdreavus!</small><br></div><div class="spacer battle-history"><br></div><div class="battle-history">The opposing Bouffalant used <strong>Substitute</strong>!<br></div><div class="battle-history"><small>The opposing Bouffalant put in a substitute!</small><br></div><div class="battle-history"><small>(The opposing Bouffalant lost <abbr title="−90/361">24.9%</abbr> of its health!)</small><br></div><div class="spacer battle-history"><br></div><h2 class="battle-history">Turn 6</h2><div class="spacer battle-history"><br></div><div class="battle-history">SergioRules withdrew Bouffalant!<br></div><div class="battle-history">SergioRules sent out <strong>Rapidash</strong>!<br></div><div class="spacer battle-history"><br></div><div class="battle-history">Misdreavus used <strong>Will-O-Wisp</strong>!<br></div><div class="battle-history"><small>[The opposing Rapidash's Flash Fire]</small><br><small>The power of the opposing Rapidash's Fire-type moves rose!</small><br></div><div class="spacer battle-history"><br></div><h2 class="battle-history">Turn 7</h2><div class="spacer battle-history"><br></div><div class="battle-history">Misdreavus, come back!<br></div><div class="battle-history">Go! <strong>Golem</strong>!<br></div><div class="battle-history"><small>Pointed stones dug into Golem!</small><br></div><div class="spacer battle-history"><br></div><div class="battle-history">The opposing Rapidash used <strong>Flare Blitz</strong>!<br></div><div class="battle-history"><small>It's not very effective...</small><br></div><div class="battle-history"><small>(Golem lost <abbr title="−102/301">33.9%</abbr> of its health!)</small><br></div><div class="battle-history"><small>The opposing Rapidash is damaged by the recoil!</small><br></div><div class="spacer battle-history"><br></div><div class="battle-history"><small>The opposing Rapidash restored a little HP using its Leftovers!</small><br></div><div class="spacer battle-history"><br></div><h2 class="battle-history">Turn 8</h2><div class="spacer battle-history"><br></div><div class="battle-history">SergioRules withdrew Rapidash!<br></div><div class="battle-history">SergioRules sent out Rotom (<strong>Rotom-Fan</strong>)!<br></div><div class="spacer battle-history"><br></div><div class="battle-history">Golem used <strong>Earthquake</strong>!<br></div><div class="battle-history"><small>It doesn't affect the opposing Rotom...</small><br></div><div class="spacer battle-history"><br></div><h2 class="battle-history">Turn 9</h2><div class="spacer battle-history"><br></div><div class="battle-history">The opposing Rotom used <strong>Will-O-Wisp</strong>!<br></div><div class="battle-history"><small>Golem was burned!</small><br></div><div class="spacer battle-history"><br></div><div class="battle-history">Golem used <strong>Stealth Rock</strong>!<br></div><div class="battle-history"><small>Pointed stones float in the air around the opposing team!</small><br></div><div class="spacer battle-history"><br></div><div class="battle-history"><small>Golem was hurt by its burn!</small><br></div><div class="spacer battle-history"><br></div><h2 class="battle-history">Turn 10</h2><div class="spacer battle-history"><br></div><div class="battle-history">Golem, come back!<br></div><div class="battle-history">Go! <strong>Servine</strong>!<br></div><div class="battle-history"><small>Pointed stones dug into Servine!</small><br></div><div class="spacer battle-history"><br></div><div class="battle-history">The opposing Rotom used <strong>Air Slash</strong>!<br></div><div class="battle-history"><small>It's super effective!</small><br></div><div class="battle-history"><small>(Servine lost <abbr title="−144/261">55.2%</abbr> of its health!)</small><br></div><div class="spacer battle-history"><br></div><h2 class="battle-history">Turn 11</h2><div class="spacer battle-history"><br></div><div class="battle-history">Servine used <strong>Synthesis</strong>!<br></div><div class="battle-history"><small>Servine restored its HP.</small><br></div><div class="spacer battle-history"><br></div><div class="battle-history">The opposing Rotom used <strong>Air Slash</strong>!<br></div><div class="battle-history"><small>It's super effective!</small><br></div><div class="battle-history"><small>(Servine lost <abbr title="−146/261">55.9%</abbr> of its health!)</small><br></div><div class="spacer battle-history"><br></div><h2 class="battle-history">Turn 12</h2><div class="spacer battle-history"><br></div><div class="battle-history">Servine, come back!<br></div><div class="battle-history">Go! <strong>Clefairy</strong>!<br></div><div class="spacer battle-history"><br></div><div class="battle-history">The opposing Rotom used <strong>Air Slash</strong>!<br></div><div class="battle-history"><small>(Clefairy lost <abbr title="−61/344">17.7%</abbr> of its health!)</small><br></div><div class="spacer battle-history"><br></div><h2 class="battle-history">Turn 13</h2><div class="chat chatmessage-sergiorules"><strong style="color:hsl(56,82%,34.57616612073492%)"><small>☆</small><span class="username" data-name="SergioRules">SergioRules</span>:</strong> <em>this team does so bad vs clef</em></div><div class="chat chatmessage-sergiorules"><strong style="color:hsl(56,82%,34.57616612073492%)"><small>☆</small><span class="username" data-name="SergioRules">SergioRules</span>:</strong> <em>if I hadn't been dumb and switched into that knock</em></div><div class="spacer battle-history"><br></div><div class="battle-history">The opposing Rotom used <strong>Air Slash</strong>!<br></div><div class="battle-history"><small>A critical hit!</small><br></div><div class="battle-history"><small>(Clefairy lost <abbr title="−84/344">24.4%</abbr> of its health!)</small><br></div><div class="spacer battle-history"><br></div><div class="battle-history">Clefairy used <strong>Heal Bell</strong>!<br></div><div class="battle-history"><small>A bell chimed!</small><br></div><div class="battle-history"><small>Golem's burn was healed.</small><br></div><div class="spacer battle-history"><br></div><h2 class="battle-history">Turn 14</h2><div class="spacer battle-history"><br></div><div class="battle-history">The opposing Rotom used <strong>Volt Switch</strong>!<br></div><div class="battle-history"><small>(Clefairy lost <abbr title="−58/344">16.9%</abbr> of its health!)</small><br></div><div class="chat chatmessage-lcezasfuck"><strong style="color:hsl(63,60%,38.09380051909%)"><small>☆</small><span class="username" data-name="lcezasfuck">lcezasfuck</span>:</strong> <em>Yeha</em></div><div class="spacer battle-history"><br></div><div class="battle-history">The opposing Rotom went back to SergioRules!<br></div><div class="battle-history">SergioRules sent out <strong>Bouffalant</strong>!<br></div><div class="battle-history"><small>Pointed stones dug into the opposing Bouffalant!</small><br></div><div class="spacer battle-history"><br></div><div class="battle-history">Clefairy used <strong>Soft-Boiled</strong>!<br></div><div class="battle-history"><small>Clefairy restored its HP.</small><br></div><div class="spacer battle-history"><br></div><h2 class="battle-history">Turn 15</h2><div class="chat chatmessage-lcezasfuck"><strong style="color:hsl(63,60%,38.09380051909%)"><small>☆</small><span class="username" data-name="lcezasfuck">lcezasfuck</span>:</strong> <em>Spam Knock off</em></div><div class="spacer battle-history"><br></div><div class="battle-history">SergioRules withdrew Bouffalant!<br></div><div class="battle-history">SergioRules sent out <strong>Rapidash</strong>!<br></div><div class="battle-history"><small>Pointed stones dug into the opposing Rapidash!</small><br></div><div class="spacer battle-history"><br></div><div class="battle-history">Clefairy used <strong>Soft-Boiled</strong>!<br></div><div class="battle-history"><small>Clefairy restored its HP.</small><br></div><div class="spacer battle-history"><br></div><div class="battle-history"><small>The opposing Rapidash restored a little HP using its Leftovers!</small><br></div><div class="spacer battle-history"><br></div><h2 class="battle-history">Turn 16</h2><div class="spacer battle-history"><br></div><div class="battle-history">Clefairy, come back!<br></div><div class="battle-history">Go! <strong>Pelipper</strong>!<br></div><div class="battle-history"><small>Pointed stones dug into Pelipper!</small><br></div><div class="spacer battle-history"><br></div><div class="battle-history">The opposing Rapidash used <strong>Flare Blitz</strong>!<br></div><div class="battle-history"><small>It's not very effective...</small><br></div><div class="battle-history"><small>A critical hit!</small><br></div><div class="battle-history"><small>(Pelipper lost <abbr title="−108/324">33.3%</abbr> of its health!)</small><br></div><div class="battle-history"><small>The opposing Rapidash is damaged by the recoil!</small><br></div><div class="spacer battle-history"><br></div><div class="battle-history"><small>The opposing Rapidash restored a little HP using its Leftovers!</small><br></div><div class="battle-history"><small>Pelipper restored a little HP using its Leftovers!</small><br></div><div class="spacer battle-history"><br></div><h2 class="battle-history">Turn 17</h2><div class="spacer battle-history"><br></div><div class="battle-history">SergioRules withdrew Rapidash!<br></div><div class="battle-history">SergioRules sent out Rotom (<strong>Rotom-Fan</strong>)!<br></div><div class="battle-history"><small>Pointed stones dug into the opposing Rotom!</small><br></div><div class="spacer battle-history"><br></div><div class="battle-history">Pelipper used <strong>Defog</strong>!<br></div><div class="battle-history"><small>The opposing Rotom's evasiveness fell!</small><br></div><div class="battle-history"><small>The pointed stones disappeared from around the opposing team!</small><br></div><div class="battle-history"><small>The pointed stones disappeared from around your team!</small><br></div><div class="spacer battle-history"><br></div><div class="battle-history"><small>Pelipper restored a little HP using its Leftovers!</small><br></div><div class="spacer battle-history"><br></div><h2 class="battle-history">Turn 18</h2><div class="spacer battle-history"><br></div><div class="battle-history">Pelipper, come back!<br></div><div class="battle-history">Go! <strong>Golem</strong>!<br></div><div class="spacer battle-history"><br></div><div class="battle-history">The opposing Rotom used <strong>Air Slash</strong>!<br></div><div class="battle-history"><small>It's not very effective...</small><br></div><div class="battle-history"><small>(Golem lost <abbr title="−60/301">19.9%</abbr> of its health!)</small><br></div><div class="spacer battle-history"><br></div><h2 class="battle-history">Turn 19</h2><div class="spacer battle-history"><br></div><div class="battle-history">The opposing Rotom used <strong>Air Slash</strong>!<br></div><div class="battle-history"><small>It's not very effective...</small><br></div><div class="battle-history"><small>(Golem lost <abbr title="−62/301">20.6%</abbr> of its health!)</small><br></div><div class="spacer battle-history"><br></div><div class="battle-history">Golem flinched and couldn't move!<br></div><div class="spacer battle-history"><br></div><h2 class="battle-history">Turn 20</h2><div class="spacer battle-history"><br></div><div class="battle-history"><small>Golem ate its Custap Berry!</small><br></div><div class="battle-history"><small>Golem's Custap Berry let it move first!</small><br></div><div class="spacer battle-history"><br></div><div class="battle-history">Golem used <strong>Rock Blast</strong>!<br></div><div class="battle-history"><small>It's super effective!</small><br></div><div class="battle-history"><small>(The opposing Rotom lost <abbr title="−74/303">24.4%</abbr> of its health!)</small><br></div><div class="battle-history"><small>It's super effective!</small><br></div><div class="battle-history"><small>(The opposing Rotom lost <abbr title="−66/303">21.8%</abbr> of its health!)</small><br></div><div class="battle-history"><small>It's super effective!</small><br></div><div class="battle-history"><small>(The opposing Rotom lost <abbr title="−62/303">20.5%</abbr> of its health!)</small><br></div><div class="battle-history"><small>It's super effective!</small><br></div><div class="battle-history"><small>(The opposing Rotom lost <abbr title="−2/303">0.7%</abbr> of its health!)</small><br></div><div class="battle-history"><small>Hit 4 times!</small><br></div><div class="spacer battle-history"><br></div><div class="battle-history">The opposing Rotom fainted!<br></div><div class="chat chatmessage-lcezasfuck"><strong style="color:hsl(63,60%,38.09380051909%)"><small>☆</small><span class="username" data-name="lcezasfuck">lcezasfuck</span>:</strong> <em>yay</em></div><div class="chat chatmessage-lcezasfuck"><strong style="color:hsl(63,60%,38.09380051909%)"><small>☆</small><span class="username" data-name="lcezasfuck">lcezasfuck</span>:</strong> <em>u forgot that</em></div><div class="chat chatmessage-sergiorules"><strong style="color:hsl(56,82%,34.57616612073492%)"><small>☆</small><span class="username" data-name="SergioRules">SergioRules</span>:</strong> <em>sigh</em></div><div class="chat chatmessage-sergiorules"><strong style="color:hsl(56,82%,34.57616612073492%)"><small>☆</small><span class="username" data-name="SergioRules">SergioRules</span>:</strong> <em>I didn't forget</em></div><div class="chat chatmessage-lcezasfuck"><strong style="color:hsl(63,60%,38.09380051909%)"><small>☆</small><span class="username" data-name="lcezasfuck">lcezasfuck</span>:</strong> <em>Sacrifice</em></div><div class="chat message-error">Battle timer is ON: inactive players will automatically lose when time's up. (requested by lcezasfuck)</div><div class="chat chatmessage-sergiorules"><strong style="color:hsl(56,82%,34.57616612073492%)"><small>☆</small><span class="username" data-name="SergioRules">SergioRules</span>:</strong> <em>I just didn't expect the 1/3 chance to hit enough to kill</em></div><div class="spacer battle-history"><br></div><div class="battle-history">SergioRules sent out <strong>Bouffalant</strong>!<br></div><div class="spacer battle-history"><br></div><h2 class="battle-history">Turn 21</h2><div class="spacer battle-history"><br></div><div class="battle-history">SergioRules withdrew Bouffalant!<br></div><div class="battle-history">SergioRules sent out <strong>Prinplup</strong>!<br></div><div class="spacer battle-history"><br></div><div class="battle-history">Golem used <strong>Earthquake</strong>!<br></div><div class="battle-history"><small>(The opposing Prinplup lost <abbr title="−123/331">37.2%</abbr> of its health!)</small><br></div><div class="spacer battle-history"><br></div><h2 class="battle-history">Turn 22</h2><div class="spacer battle-history"><br></div><div class="battle-history">Golem used <strong>Earthquake</strong>!<br></div><div class="battle-history"><small>(The opposing Prinplup lost <abbr title="−109/331">32.9%</abbr> of its health!)</small><br></div><div class="spacer battle-history"><br></div><div class="battle-history">The opposing Prinplup used <strong>Scald</strong>!<br></div><div class="battle-history"><small>It's super effective!</small><br></div><div class="battle-history"><small>(Golem lost <abbr title="−22/301">7.3%</abbr> of its health!)</small><br></div><div class="spacer battle-history"><br></div><div class="battle-history">Golem fainted!<br></div><div class="spacer battle-history"><br></div><div class="battle-history">Go! <strong>Servine</strong>!<br></div><div class="spacer battle-history"><br></div><h2 class="battle-history">Turn 23</h2><div class="spacer battle-history"><br></div><div class="battle-history">Servine used <strong>Synthesis</strong>!<br></div><div class="battle-history"><small>Servine restored its HP.</small><br></div><div class="spacer battle-history"><br></div><div class="battle-history">The opposing Prinplup used <strong>Signal Beam</strong>!<br></div><div class="battle-history"><small>It's super effective!</small><br></div><div class="battle-history"><small>(Servine lost <abbr title="−86/261">33.0%</abbr> of its health!)</small><br></div><div class="spacer battle-history"><br></div><h2 class="battle-history">Turn 24</h2><div class="spacer battle-history"><br></div><div class="battle-history">SergioRules withdrew Prinplup!<br></div><div class="battle-history">SergioRules sent out <strong>Rapidash</strong>!<br></div><div class="spacer battle-history"><br></div><div class="battle-history">Servine used <strong>Taunt</strong>!<br></div><div class="battle-history"><small>The opposing Rapidash fell for the taunt!</small><br></div><div class="spacer battle-history"><br></div><div class="battle-history"><small>The opposing Rapidash restored a little HP using its Leftovers!</small><br></div><div class="spacer battle-history"><br></div><h2 class="battle-history">Turn 25</h2><div class="spacer battle-history"><br></div><div class="battle-history">Servine, come back!<br></div><div class="battle-history">Go! <strong>Pelipper</strong>!<br></div><div class="spacer battle-history"><br></div><div class="battle-history">The opposing Rapidash used <strong>Flare Blitz</strong>!<br></div><div class="battle-history"><small>It's not very effective...</small><br></div><div class="battle-history"><small>(Pelipper lost <abbr title="−76/324">23.5%</abbr> of its health!)</small><br></div><div class="battle-history"><small>The opposing Rapidash is damaged by the recoil!</small><br></div><div class="spacer battle-history"><br></div><div class="battle-history"><small>The opposing Rapidash restored a little HP using its Leftovers!</small><br></div><div class="battle-history"><small>Pelipper restored a little HP using its Leftovers!</small><br></div><div class="spacer battle-history"><br></div><h2 class="battle-history">Turn 26</h2><div class="spacer battle-history"><br></div><div class="battle-history">SergioRules withdrew Rapidash!<br></div><div class="battle-history">SergioRules sent out <strong>Prinplup</strong>!<br></div><div class="spacer battle-history"><br></div><div class="battle-history">Pelipper used <strong>Roost</strong>!<br></div><div class="battle-history"><small>Pelipper restored its HP.</small><br></div><div class="spacer battle-history"><br></div><div class="battle-history"><small>Pelipper restored a little HP using its Leftovers!</small><br></div><div class="spacer battle-history"><br></div><h2 class="battle-history">Turn 27</h2><div class="spacer battle-history"><br></div><div class="battle-history">Pelipper used <strong>U-turn</strong>!<br></div><div class="battle-history"><small>(The opposing Prinplup lost <abbr title="−9/331">2.7%</abbr> of its health!)</small><br></div><div class="spacer battle-history"><br></div><div class="battle-history">The opposing Prinplup fainted!<br></div><div class="chat chatmessage-lcezasfuck"><strong style="color:hsl(63,60%,38.09380051909%)"><small>☆</small><span class="username" data-name="lcezasfuck">lcezasfuck</span>:</strong> <em>good</em></div><div class="spacer battle-history"><br></div><div class="battle-history">Pelipper went back to lcezasfuck!<br></div><div class="battle-history">Go! <strong>Servine</strong>!<br></div><div class="spacer battle-history"><br></div><div class="battle-history">SergioRules sent out <strong>Rapidash</strong>!<br></div><div class="spacer battle-history"><br></div><h2 class="battle-history">Turn 28</h2><div class="spacer battle-history"><br></div><div class="battle-history">Servine, come back!<br></div><div class="battle-history">Go! <strong>Pelipper</strong>!<br></div><div class="spacer battle-history"><br></div><div class="battle-history">The opposing Rapidash used <strong>Will-O-Wisp</strong>!<br></div><div class="battle-history"><small>Pelipper avoided the attack!</small><br></div><div class="spacer battle-history"><br></div><div class="battle-history"><small>The opposing Rapidash restored a little HP using its Leftovers!</small><br></div><div class="battle-history"><small>Pelipper restored a little HP using its Leftovers!</small><br></div><div class="spacer battle-history"><br></div><h2 class="battle-history">Turn 29</h2><div class="chat chatmessage-sergiorules"><strong style="color:hsl(56,82%,34.57616612073492%)"><small>☆</small><span class="username" data-name="SergioRules">SergioRules</span>:</strong> <em>sigh</em></div><div class="chat chatmessage-lcezasfuck"><strong style="color:hsl(63,60%,38.09380051909%)"><small>☆</small><span class="username" data-name="lcezasfuck">lcezasfuck</span>:</strong> <em>xD</em></div><div class="chat"><small>No Plans joined.</small></div><div class="chat chatmessage-sergiorules"><strong style="color:hsl(56,82%,34.57616612073492%)"><small>☆</small><span class="username" data-name="SergioRules">SergioRules</span>:</strong> <em>got lucked</em></div><div class="chat chatmessage-sergiorules"><strong style="color:hsl(56,82%,34.57616612073492%)"><small>☆</small><span class="username" data-name="SergioRules">SergioRules</span>:</strong> <em>bye</em></div><div class="spacer battle-history"><br></div><div class="battle-history"><small>SergioRules forfeited.</small><br></div><div class="spacer battle-history"><br></div><div class="battle-history"><strong>lcezasfuck</strong> won the battle!<br></div><div class="chat"><small>No Plans left.</small></div><div class="chat"><small>SergioRules left.</small></div></div><div class="inner-preempt"></div></div></div>
</div>
<script>
let daily = Math.floor(Date.now()/1000/60/60/24);document.write('<script src="https://play.pokemonshowdown.com/js/replay-embed.js?version'+daily+'"></'+'script>');
</script>
