<!DOCTYPE html>
<meta charset="utf-8" />
<!-- version 1 -->
<title>PU replay: RivalET vs. Alolan's_Butt</title>
<style>
html,body {font-family:Verdana, sans-serif;font-size:10pt;margin:0;padding:0;}body{padding:12px 0;} .battle-log {font-family:Verdana, sans-serif;font-size:10pt;} .battle-log-inline {border:1px solid #AAAAAA;background:#EEF2F5;color:black;max-width:640px;margin:0 auto 80px;padding-bottom:5px;} .battle-log .inner {padding:4px 8px 0px 8px;} .battle-log .inner-preempt {padding:0 8px 4px 8px;} .battle-log .inner-after {margin-top:0.5em;} .battle-log h2 {margin:0.5em -8px;padding:4px 8px;border:1px solid #AAAAAA;background:#E0E7EA;border-left:0;border-right:0;font-family:Verdana, sans-serif;font-size:13pt;} .battle-log .chat {vertical-align:middle;padding:3px 0 3px 0;font-size:8pt;} .battle-log .chat strong {color:#40576A;} .battle-log .chat em {padding:1px 4px 1px 3px;color:#000000;font-style:normal;} .chat.mine {background:rgba(0,0,0,0.05);margin-left:-8px;margin-right:-8px;padding-left:8px;padding-right:8px;} .spoiler {color:#BBBBBB;background:#BBBBBB;padding:0px 3px;} .spoiler:hover, .spoiler:active, .spoiler-shown {color:#000000;background:#E2E2E2;padding:0px 3px;} .spoiler a {color:#BBBBBB;} .spoiler:hover a, .spoiler:active a, .spoiler-shown a {color:#2288CC;} .chat code, .chat .spoiler:hover code, .chat .spoiler:active code, .chat .spoiler-shown code {border:1px solid #C0C0C0;background:#EEEEEE;color:black;padding:0 2px;} .chat .spoiler code {border:1px solid #CCCCCC;background:#CCCCCC;color:#CCCCCC;} .battle-log .rated {padding:3px 4px;} .battle-log .rated strong {color:white;background:#89A;padding:1px 4px;border-radius:4px;} .spacer {margin-top:0.5em;} .message-announce {background:#6688AA;color:white;padding:1px 4px 2px;} .message-announce a, .broadcast-green a, .broadcast-blue a, .broadcast-red a {color:#DDEEFF;} .broadcast-green {background-color:#559955;color:white;padding:2px 4px;} .broadcast-blue {background-color:#6688AA;color:white;padding:2px 4px;} .infobox {border:1px solid #6688AA;padding:2px 4px;} .infobox-limited {max-height:200px;overflow:auto;overflow-x:hidden;} .broadcast-red {background-color:#AA5544;color:white;padding:2px 4px;} .message-learn-canlearn {font-weight:bold;color:#228822;text-decoration:underline;} .message-learn-cannotlearn {font-weight:bold;color:#CC2222;text-decoration:underline;} .message-effect-weak {font-weight:bold;color:#CC2222;} .message-effect-resist {font-weight:bold;color:#6688AA;} .message-effect-immune {font-weight:bold;color:#666666;} .message-learn-list {margin-top:0;margin-bottom:0;} .message-throttle-notice, .message-error {color:#992222;} .message-overflow, .chat small.message-overflow {font-size:0pt;} .message-overflow::before {font-size:9pt;content:'...';} .subtle {color:#3A4A66;}
</style>
<div class="wrapper replay-wrapper" style="max-width:1180px;margin:0 auto">
<input type="hidden" name="replayid" value="pu-569098009" />
<div class="battle"></div><div class="battle-log"></div><div class="replay-controls"></div><div class="replay-controls-2"></div>
<h1 style="font-weight:normal;text-align:center"><strong>PU</strong><br /><a href="http://pokemonshowdown.com/users/rivalet" class="subtle" target="_blank">RivalET</a> vs. <a href="http://pokemonshowdown.com/users/alolansbutt" class="subtle" target="_blank">Alolan's_Butt</a></h1>
<script type="text/plain" class="battle-log-data">|j|RivalET
|j|Alolan's_Butt
|player|p1|RivalET|126
|player|p2|Alolan's_Butt|2
|gametype|singles
|gen|6
|tier|PU
|rated
|seed|4383,62365,21684,20154
|rule|Sleep Clause Mod: Limit one foe put to sleep
|rule|Species Clause: Limit one of each Pokémon
|rule|OHKO Clause: OHKO moves are banned
|rule|Moody Clause: Moody is banned
|rule|Evasion Moves Clause: Evasion moves are banned
|rule|Endless Battle Clause: Forcing endless battles is banned
|rule|HP Percentage Mod: HP is shown in percentages
|clearpoke
|poke|p1|Monferno, M|item
|poke|p1|Vullaby, F|item
|poke|p1|Leafeon, M|item
|poke|p1|Zebstrika, M|item
|poke|p1|Relicanth, F|item
|poke|p1|Mr. Mime, F|item
|poke|p2|Plusle, F|item
|poke|p2|Lopunny, M|item
|poke|p2|Misdreavus, M|item
|poke|p2|Swalot, M|item
|poke|p2|Smeargle, M|item
|poke|p2|Riolu, M|item
|rule|Swagger Clause: Swagger is banned
|rule|Baton Pass Clause: Limit one Baton Passer, can't pass Spe and other stats simultaneously
|teampreview
|c|☆RivalET|?
|choice|team 4, team 2, team 3, team 1, team 5, team 6|team 5, team 2, team 3, team 4, team 1, team 6
|
|start
|switch|p1a: Zebby|Zebstrika, M|291\/291
|switch|p2a: Special|Smeargle, M|314\/314
|turn|1
|choice|move voltswitch|move stickyweb
|
|move|p1a: Zebby|Volt Switch|p2a: Special
|-damage|p2a: Special|103\/314
|-damage|p1a: Zebby|262\/291|[from] item: Life Orb
|choice|switch 2|
|
|switch|p1a: Best Defogger|Vullaby, F|343\/343
|move|p2a: Special|Sticky Web|p1a: Best Defogger
|-sidestart|p1: RivalET|move: Sticky Web
|
|upkeep
|turn|2
|choice|move foulplay|move taunt
|
|move|p2a: Special|Taunt|p1a: Best Defogger
|-start|p1a: Best Defogger|move: Taunt
|move|p1a: Best Defogger|Foul Play|p2a: Special
|-damage|p2a: Special|57\/314
|
|upkeep
|turn|3
|choice|move uturn|move stealthrock
|
|move|p2a: Special|Stealth Rock|p1a: Best Defogger
|-sidestart|p1: RivalET|move: Stealth Rock
|move|p1a: Best Defogger|U-turn|p2a: Special
|-damage|p2a: Special|0 fnt
|faint|p2a: Special
|choice|switch 3|
|
|switch|p1a: Eve|Leafeon, M|271\/271
|-damage|p1a: Eve|238\/271|[from] Stealth Rock
|-activate|p1a: Eve|move: Sticky Web
|-unboost|p1a: Eve|spe|1
|
|upkeep
|choice||switch 5
|
|switch|p2a: Plusle|Plusle, F|262\/262
|turn|4
|choice|move knockoff|move nastyplot
|
|move|p2a: Plusle|Nasty Plot|p2a: Plusle
|-boost|p2a: Plusle|spa|2
|move|p1a: Eve|Knock Off|p2a: Plusle
|-damage|p2a: Plusle|41\/262
|-enditem|p2a: Plusle|Focus Sash|[from] move: Knock Off|[of] p1a: Eve
|
|upkeep
|turn|5
|choice|move knockoff|move thunderbolt
|
|move|p2a: Plusle|Thunderbolt|p1a: Eve
|-resisted|p1a: Eve
|-damage|p1a: Eve|58\/271
|move|p1a: Eve|Knock Off|p2a: Plusle
|-damage|p2a: Plusle|0 fnt
|faint|p2a: Plusle
|
|upkeep
|choice||switch 6
|
|switch|p2a: Riolu|Riolu, M|222\/222
|turn|6
|choice|switch 3|move swordsdance
|
|switch|p1a: Best Defogger|Vullaby, F|343\/343
|-damage|p1a: Best Defogger|258\/343|[from] Stealth Rock
|move|p2a: Riolu|Swords Dance|p2a: Riolu
|-boost|p2a: Riolu|atk|2
|
|upkeep
|turn|7
|choice|move defog|move swordsdance
|
|move|p2a: Riolu|Swords Dance|p2a: Riolu
|-boost|p2a: Riolu|atk|2
|move|p1a: Best Defogger|Defog|p2a: Riolu
|-unboost|p2a: Riolu|evasion|1
|-sideend|p1: RivalET|Stealth Rock|[from] move: Defog|[of] p1a: Best Defogger
|-sideend|p1: RivalET|Sticky Web|[from] move: Defog|[of] p1a: Best Defogger
|
|upkeep
|turn|8
|choice|move uturn|move thunderpunch
|
|move|p2a: Riolu|Thunder Punch|p1a: Best Defogger
|-supereffective|p1a: Best Defogger
|-damage|p1a: Best Defogger|64\/343
|move|p1a: Best Defogger|U-turn|p2a: Riolu
|-resisted|p2a: Riolu
|-damage|p2a: Riolu|186\/222
|choice|switch 6|
|
|switch|p1a: Boii|Mr. Mime, F|221\/221
|
|upkeep
|turn|9
|choice|move psychic|move copycat
|
|move|p2a: Riolu|Copycat|p2a: Riolu
|move|p2a: Riolu|U-turn|p1a: Boii|[from]Copycat
|-damage|p1a: Boii|0 fnt
|faint|p1a: Boii
|choice||switch 3
|
|switch|p2a: AssHole|Misdreavus, M|318\/318
|
|upkeep
|choice|switch 3|
|
|switch|p1a: Eve|Leafeon, M|58\/271
|turn|10
|choice|move knockoff|move thunderwave
|
|move|p1a: Eve|Knock Off|p2a: AssHole
|-supereffective|p2a: AssHole
|-damage|p2a: AssHole|182\/318
|-enditem|p2a: AssHole|Eviolite|[from] move: Knock Off|[of] p1a: Eve
|move|p2a: AssHole|Thunder Wave|p1a: Eve
|-status|p1a: Eve|par
|
|upkeep
|turn|11
|choice|move swordsdance|move taunt
|
|move|p2a: AssHole|Taunt|p1a: Eve
|-start|p1a: Eve|move: Taunt
|cant|p1a: Eve|move: Taunt|Swords Dance
|
|upkeep
|turn|12
|choice|move knockoff|move nastyplot
|
|move|p2a: AssHole|Nasty Plot|p2a: AssHole
|-boost|p2a: AssHole|spa|2
|move|p1a: Eve|Knock Off|p2a: AssHole
|-supereffective|p2a: AssHole
|-damage|p2a: AssHole|54\/318
|
|upkeep
|turn|13
|choice|move knockoff|move nastyplot
|
|move|p2a: AssHole|Nasty Plot|p2a: AssHole
|-boost|p2a: AssHole|spa|2
|move|p1a: Eve|Knock Off|p2a: AssHole
|-supereffective|p2a: AssHole
|-damage|p2a: AssHole|0 fnt
|faint|p2a: AssHole
|
|-end|p1a: Eve|move: Taunt
|upkeep
|choice||switch 2
|
|switch|p2a: encore Incominggg|Lopunny, M|306\/306
|turn|14
|choice|move knockoff|move cosmicpower
|
|move|p2a: encore Incominggg|Cosmic Power|p2a: encore Incominggg
|-boost|p2a: encore Incominggg|def|1
|-boost|p2a: encore Incominggg|spd|1
|cant|p1a: Eve|par
|
|upkeep
|turn|15
|choice|move knockoff|move cosmicpower
|
|move|p2a: encore Incominggg|Cosmic Power|p2a: encore Incominggg
|-boost|p2a: encore Incominggg|def|1
|-boost|p2a: encore Incominggg|spd|1
|move|p1a: Eve|Knock Off|p2a: encore Incominggg
|-damage|p2a: encore Incominggg|260\/306
|-enditem|p2a: encore Incominggg|Sitrus Berry|[from] move: Knock Off|[of] p1a: Eve
|
|upkeep
|turn|16
|choice|switch 6|move cosmicpower
|
|switch|p1a: Best Defogger|Vullaby, F|64\/343
|move|p2a: encore Incominggg|Cosmic Power|p2a: encore Incominggg
|-boost|p2a: encore Incominggg|def|1
|-boost|p2a: encore Incominggg|spd|1
|
|upkeep
|turn|17
|choice|move roost|move substitute
|
|move|p2a: encore Incominggg|Substitute|p2a: encore Incominggg
|-start|p2a: encore Incominggg|Substitute
|-damage|p2a: encore Incominggg|184\/306
|move|p1a: Best Defogger|Roost|p1a: Best Defogger
|-heal|p1a: Best Defogger|236\/343
|
|upkeep
|turn|18
|choice|move uturn|move encore
|
|move|p2a: encore Incominggg|Encore|p1a: Best Defogger
|-start|p1a: Best Defogger|Encore
|move|p1a: Best Defogger|Roost|p1a: Best Defogger
|-heal|p1a: Best Defogger|343\/343
|
|upkeep
|turn|19
|choice|switch 5|move cosmicpower
|
|switch|p1a: Coelacanth|Relicanth, F|341\/341
|move|p2a: encore Incominggg|Cosmic Power|p2a: encore Incominggg
|-boost|p2a: encore Incominggg|def|1
|-boost|p2a: encore Incominggg|spd|1
|
|upkeep
|turn|20
|choice|move headsmash|move cosmicpower
|
|move|p2a: encore Incominggg|Cosmic Power|p2a: encore Incominggg
|-boost|p2a: encore Incominggg|def|1
|-boost|p2a: encore Incominggg|spd|1
|move|p1a: Coelacanth|Head Smash|p2a: encore Incominggg
|-end|p2a: encore Incominggg|Substitute
|
|upkeep
|turn|21
|choice|move headsmash|move substitute
|
|move|p2a: encore Incominggg|Substitute|p2a: encore Incominggg
|-start|p2a: encore Incominggg|Substitute
|-damage|p2a: encore Incominggg|108\/306
|move|p1a: Coelacanth|Head Smash|p2a: encore Incominggg
|-end|p2a: encore Incominggg|Substitute
|
|upkeep
|turn|22
|j|quagsgone
|choice|move headsmash|move substitute
|
|move|p2a: encore Incominggg|Substitute|p2a: encore Incominggg
|-start|p2a: encore Incominggg|Substitute
|-damage|p2a: encore Incominggg|32\/306
|move|p1a: Coelacanth|Head Smash|p2a: encore Incominggg|[miss]
|-miss|p1a: Coelacanth|p2a: encore Incominggg
|
|upkeep
|turn|23
|choice|move headsmash|move batonpass
|
|move|p2a: encore Incominggg|Baton Pass|p2a: encore Incominggg
|choice||switch 4
|
|switch|p2a: Swalot|Swalot, M|342\/342
|move|p1a: Coelacanth|Head Smash|p2a: Swalot
|-end|p2a: Swalot|Substitute
|
|upkeep
|turn|24
|choice|move headsmash|move gigadrain
|
|move|p1a: Coelacanth|Head Smash|p2a: Swalot
|-damage|p2a: Swalot|243\/342
|move|p2a: Swalot|Giga Drain|p1a: Coelacanth
|-supereffective|p1a: Coelacanth
|-damage|p1a: Coelacanth|0 fnt
|-heal|p2a: Swalot|342\/342|[from] drain|[of] p1a: Coelacanth
|faint|p1a: Coelacanth
|
|upkeep
|choice|switch 4|
|
|switch|p1a: Tha Fern|Monferno, M|331\/331
|turn|25
|choice|move firepunch|move acidspray
|
|move|p1a: Tha Fern|Fire Punch|p2a: Swalot
|-damage|p2a: Swalot|317\/342
|move|p2a: Swalot|Acid Spray|p1a: Tha Fern
|-damage|p1a: Tha Fern|288\/331
|-unboost|p1a: Tha Fern|spd|2
|
|upkeep
|turn|26
|choice|move firepunch|move infestation
|
|move|p1a: Tha Fern|Fire Punch|p2a: Swalot
|-damage|p2a: Swalot|293\/342
|-status|p2a: Swalot|brn
|move|p2a: Swalot|Infestation|p1a: Tha Fern
|-resisted|p1a: Tha Fern
|-damage|p1a: Tha Fern|281\/331
|-activate|p1a: Tha Fern|move: Infestation|[of] p2a: Swalot
|
|-damage|p2a: Swalot|251\/342 brn|[from] brn
|-damage|p1a: Tha Fern|240\/331|[from] move: Infestation|[partiallytrapped]
|upkeep
|turn|27
|choice|move firepunch|move sludgewave
|
|move|p1a: Tha Fern|Fire Punch|p2a: Swalot
|-damage|p2a: Swalot|223\/342 brn
|move|p2a: Swalot|Sludge Wave|p1a: Tha Fern
|-damage|p1a: Tha Fern|51\/331
|
|-damage|p2a: Swalot|181\/342 brn|[from] brn
|-damage|p1a: Tha Fern|10\/331|[from] move: Infestation|[partiallytrapped]
|upkeep
|turn|28
|choice|move firepunch|move gigadrain
|
|move|p1a: Tha Fern|Fire Punch|p2a: Swalot
|-damage|p2a: Swalot|157\/342 brn
|move|p2a: Swalot|Giga Drain|p1a: Tha Fern
|-resisted|p1a: Tha Fern
|-crit|p1a: Tha Fern
|-damage|p1a: Tha Fern|0 fnt
|-heal|p2a: Swalot|162\/342 brn|[from] drain|[of] p1a: Tha Fern
|faint|p1a: Tha Fern
|
|-damage|p2a: Swalot|120\/342 brn|[from] brn
|upkeep
|choice|switch 5|
|
|switch|p1a: Best Defogger|Vullaby, F|343\/343
|turn|29
|choice|switch 6|move acidspray
|
|switch|p1a: Eve|Leafeon, M|58\/271 par
|move|p2a: Swalot|Acid Spray|p1a: Eve
|-supereffective|p1a: Eve
|-enditem|p1a: Eve|Kebia Berry|[eat]
|-enditem|p1a: Eve|Kebia Berry|[weaken]
|-damage|p1a: Eve|0 fnt
|faint|p1a: Eve
|
|-damage|p2a: Swalot|78\/342 brn|[from] brn
|upkeep
|choice|switch 2|
|
|switch|p1a: Zebby|Zebstrika, M|262\/291
|turn|30
|choice|move voltswitch|move gigadrain
|
|move|p1a: Zebby|Volt Switch|p2a: Swalot
|-damage|p2a: Swalot|51\/342 brn
|-damage|p1a: Zebby|233\/291|[from] item: Life Orb
|choice|switch 6|
|
|switch|p1a: Best Defogger|Vullaby, F|343\/343
|move|p2a: Swalot|Giga Drain|p1a: Best Defogger
|-resisted|p1a: Best Defogger
|-damage|p1a: Best Defogger|313\/343
|-heal|p2a: Swalot|66\/342 brn|[from] drain|[of] p1a: Best Defogger
|
|-damage|p2a: Swalot|24\/342 brn|[from] brn
|upkeep
|turn|31
|choice|switch 6|move acidspray
|
|switch|p1a: Zebby|Zebstrika, M|233\/291
|move|p2a: Swalot|Acid Spray|p1a: Zebby
|-damage|p1a: Zebby|160\/291
|-unboost|p1a: Zebby|spd|2
|
|-damage|p2a: Swalot|0 fnt|[from] brn
|upkeep
|faint|p2a: Swalot
|choice||switch 4
|
|switch|p2a: encore Incominggg|Lopunny, M|32\/306
|turn|32
|choice|move thunderbolt|switch 3
|
|switch|p2a: Riolu|Riolu, M|186\/222
|move|p1a: Zebby|Thunderbolt|p2a: Riolu
|-damage|p2a: Riolu|0 fnt
|-damage|p1a: Zebby|131\/291|[from] item: Life Orb
|faint|p2a: Riolu
|
|upkeep
|-message|Alolan's_Butt forfeited.
|
|win|RivalET
|l|Alolan's_Butt
|raw|RivalET's rating: 1452 &rarr; <strong>1464<\/strong><br \/>(+12 for winning)
|raw|Alolan&apos;s_Butt's rating: 1298 &rarr; <strong>1283<\/strong><br \/>(-15 for losing)
|l|quagsgone</script>
</div>
<div class="battle-log battle-log-inline"><div class="inner"><div class="battle-options"></div><div class="inner"><div class="chat"><small>RivalET joined.</small></div><div class="chat"><small>Alolan's_Butt joined.</small></div><div class=""><small>Format:</small> <br><strong>PU</strong></div><div class="rated"><strong>Rated battle</strong></div><div class=""><small><em>Sleep Clause Mod:</em> Limit one foe put to sleep</small></div><div class=""><small><em>Species Clause:</em> Limit one of each Pokémon</small></div><div class=""><small><em>OHKO Clause:</em> OHKO moves are banned</small></div><div class=""><small><em>Moody Clause:</em> Moody is banned</small></div><div class=""><small><em>Evasion Moves Clause:</em> Evasion moves are banned</small></div><div class=""><small><em>Endless Battle Clause:</em> Forcing endless battles is banned</small></div><div class=""><small><em>HP Percentage Mod:</em> HP is shown in percentages</small></div><div class=""><small><em>Swagger Clause:</em> Swagger is banned</small></div><div class=""><small><em>Baton Pass Clause:</em> Limit one Baton Passer, can't pass Spe and other stats simultaneously</small></div><div class="chat battle-history"><strong>RivalET's team:</strong> <em style="color:#445566;display:block;">Monferno / Vullaby / Leafeon / Zebstrika / Relicanth / Mr. Mime</em></div><div class="chat battle-history"><strong>Alolan's_Butt's team:</strong> <em style="color:#445566;display:block;">Plusle / Lopunny / Misdreavus / Swalot / Smeargle / Riolu</em></div><div class="chat chatmessage-rivalet"><strong style="color:hsl(1,69%,49.320757446718204%)"><small>☆</small><span class="username" data-name="RivalET">RivalET</span>:</strong> <em>?</em></div><div class="spacer battle-history"><br></div><div class="battle-history">Battle started between RivalET and Alolan's_Butt!<br></div><div class="spacer battle-history"><br></div><div class="battle-history">Go! Zebby (<strong>Zebstrika</strong>)!<br></div><div class="spacer battle-history"><br></div><div class="battle-history">Alolan's_Butt sent out Special (<strong>Smeargle</strong>)!<br></div><div class="spacer battle-history"><br></div><h2 class="battle-history">Turn 1</h2><div class="spacer battle-history"><br></div><div class="battle-history">Zebby used <strong>Volt Switch</strong>!<br></div><div class="battle-history"><small>(The opposing Special lost <abbr title="−211/314">67.2%</abbr> of its health!)</small><br></div><div class="battle-history"><small>Zebby lost some of its HP!</small><br></div><div class="spacer battle-history"><br></div><div class="battle-history">Zebby went back to RivalET!<br></div><div class="battle-history">Go! Best Defogger (<strong>Vullaby</strong>)!<br></div><div class="spacer battle-history"><br></div><div class="battle-history">The opposing Special used <strong>Sticky Web</strong>!<br></div><div class="battle-history"><small>A sticky web spreads out on the ground around your team!</small><br></div><div class="spacer battle-history"><br></div><h2 class="battle-history">Turn 2</h2><div class="spacer battle-history"><br></div><div class="battle-history">The opposing Special used <strong>Taunt</strong>!<br></div><div class="battle-history"><small>Best Defogger fell for the taunt!</small><br></div><div class="spacer battle-history"><br></div><div class="battle-history">Best Defogger used <strong>Foul Play</strong>!<br></div><div class="battle-history"><small>(The opposing Special lost <abbr title="−46/314">14.6%</abbr> of its health!)</small><br></div><div class="spacer battle-history"><br></div><h2 class="battle-history">Turn 3</h2><div class="spacer battle-history"><br></div><div class="battle-history">The opposing Special used <strong>Stealth Rock</strong>!<br></div><div class="battle-history"><small>Pointed stones float in the air around your team!</small><br></div><div class="spacer battle-history"><br></div><div class="battle-history">Best Defogger used <strong>U-turn</strong>!<br></div><div class="battle-history"><small>(The opposing Special lost <abbr title="−57/314">18.2%</abbr> of its health!)</small><br></div><div class="spacer battle-history"><br></div><div class="battle-history">The opposing Special fainted!<br></div><div class="spacer battle-history"><br></div><div class="battle-history">Best Defogger went back to RivalET!<br></div><div class="battle-history">Go! Eve (<strong>Leafeon</strong>)!<br></div><div class="battle-history"><small>Pointed stones dug into Eve!</small><br></div><div class="battle-history"><small>Eve was caught in a sticky web!</small><br></div><div class="battle-history"><small>Eve's Speed fell!</small><br></div><div class="spacer battle-history"><br></div><div class="battle-history">Alolan's_Butt sent out <strong>Plusle</strong>!<br></div><div class="spacer battle-history"><br></div><h2 class="battle-history">Turn 4</h2><div class="spacer battle-history"><br></div><div class="battle-history">The opposing Plusle used <strong>Nasty Plot</strong>!<br></div><div class="battle-history"><small>The opposing Plusle's Special Attack rose sharply!</small><br></div><div class="spacer battle-history"><br></div><div class="battle-history">Eve used <strong>Knock Off</strong>!<br></div><div class="battle-history"><small>(The opposing Plusle lost <abbr title="−221/262">84.4%</abbr> of its health!)</small><br></div><div class="battle-history"><small>Eve knocked off the opposing Plusle's Focus Sash!</small><br></div><div class="spacer battle-history"><br></div><h2 class="battle-history">Turn 5</h2><div class="spacer battle-history"><br></div><div class="battle-history">The opposing Plusle used <strong>Thunderbolt</strong>!<br></div><div class="battle-history"><small>It's not very effective...</small><br></div><div class="battle-history"><small>(Eve lost <abbr title="−180/271">66.4%</abbr> of its health!)</small><br></div><div class="spacer battle-history"><br></div><div class="battle-history">Eve used <strong>Knock Off</strong>!<br></div><div class="battle-history"><small>(The opposing Plusle lost <abbr title="−41/262">15.6%</abbr> of its health!)</small><br></div><div class="spacer battle-history"><br></div><div class="battle-history">The opposing Plusle fainted!<br></div><div class="spacer battle-history"><br></div><div class="battle-history">Alolan's_Butt sent out <strong>Riolu</strong>!<br></div><div class="spacer battle-history"><br></div><h2 class="battle-history">Turn 6</h2><div class="spacer battle-history"><br></div><div class="battle-history">Eve, come back!<br></div><div class="battle-history">Go! Best Defogger (<strong>Vullaby</strong>)!<br></div><div class="battle-history"><small>Pointed stones dug into Best Defogger!</small><br></div><div class="spacer battle-history"><br></div><div class="battle-history">The opposing Riolu used <strong>Swords Dance</strong>!<br></div><div class="battle-history"><small>The opposing Riolu's Attack rose sharply!</small><br></div><div class="spacer battle-history"><br></div><h2 class="battle-history">Turn 7</h2><div class="spacer battle-history"><br></div><div class="battle-history">The opposing Riolu used <strong>Swords Dance</strong>!<br></div><div class="battle-history"><small>The opposing Riolu's Attack rose sharply!</small><br></div><div class="spacer battle-history"><br></div><div class="battle-history">Best Defogger used <strong>Defog</strong>!<br></div><div class="battle-history"><small>The opposing Riolu's evasiveness fell!</small><br></div><div class="battle-history"><small>The pointed stones disappeared from around your team!</small><br></div><div class="battle-history"><small>The sticky web has disappeared from the ground around your team!</small><br></div><div class="spacer battle-history"><br></div><h2 class="battle-history">Turn 8</h2><div class="spacer battle-history"><br></div><div class="battle-history">The opposing Riolu used <strong>Thunder Punch</strong>!<br></div><div class="battle-history"><small>It's super effective!</small><br></div><div class="battle-history"><small>(Best Defogger lost <abbr title="−194/343">56.6%</abbr> of its health!)</small><br></div><div class="spacer battle-history"><br></div><div class="battle-history">Best Defogger used <strong>U-turn</strong>!<br></div><div class="battle-history"><small>It's not very effective...</small><br></div><div class="battle-history"><small>(The opposing Riolu lost <abbr title="−36/222">16.2%</abbr> of its health!)</small><br></div><div class="spacer battle-history"><br></div><div class="battle-history">Best Defogger went back to RivalET!<br></div><div class="battle-history">Go! Boii (<strong>Mr. Mime</strong>)!<br></div><div class="spacer battle-history"><br></div><h2 class="battle-history">Turn 9</h2><div class="spacer battle-history"><br></div><div class="battle-history">The opposing Riolu used <strong>Copycat</strong>!<br></div><div class="spacer battle-history"><br></div><div class="battle-history">The opposing Riolu used <strong>U-turn</strong>!<br></div><div class="battle-history"><small>(Boii lost <abbr title="−221/221">100%</abbr> of its health!)</small><br></div><div class="spacer battle-history"><br></div><div class="battle-history">Boii fainted!<br></div><div class="spacer battle-history"><br></div><div class="battle-history">The opposing Riolu went back to Alolan's_Butt!<br></div><div class="battle-history">Alolan's_Butt sent out AssHole (<strong>Misdreavus</strong>)!<br></div><div class="spacer battle-history"><br></div><div class="battle-history">Go! Eve (<strong>Leafeon</strong>)!<br></div><div class="spacer battle-history"><br></div><h2 class="battle-history">Turn 10</h2><div class="spacer battle-history"><br></div><div class="battle-history">Eve used <strong>Knock Off</strong>!<br></div><div class="battle-history"><small>It's super effective!</small><br></div><div class="battle-history"><small>(The opposing AssHole lost <abbr title="−136/318">42.8%</abbr> of its health!)</small><br></div><div class="battle-history"><small>Eve knocked off the opposing AssHole's Eviolite!</small><br></div><div class="spacer battle-history"><br></div><div class="battle-history">The opposing AssHole used <strong>Thunder Wave</strong>!<br></div><div class="battle-history"><small>Eve is paralyzed! It may be unable to move!</small><br></div><div class="spacer battle-history"><br></div><h2 class="battle-history">Turn 11</h2><div class="spacer battle-history"><br></div><div class="battle-history">The opposing AssHole used <strong>Taunt</strong>!<br></div><div class="battle-history"><small>Eve fell for the taunt!</small><br></div><div class="spacer battle-history"><br></div><div class="battle-history">Eve can't use Swords Dance after the taunt!<br></div><div class="spacer battle-history"><br></div><h2 class="battle-history">Turn 12</h2><div class="spacer battle-history"><br></div><div class="battle-history">The opposing AssHole used <strong>Nasty Plot</strong>!<br></div><div class="battle-history"><small>The opposing AssHole's Special Attack rose sharply!</small><br></div><div class="spacer battle-history"><br></div><div class="battle-history">Eve used <strong>Knock Off</strong>!<br></div><div class="battle-history"><small>It's super effective!</small><br></div><div class="battle-history"><small>(The opposing AssHole lost <abbr title="−128/318">40.3%</abbr> of its health!)</small><br></div><div class="spacer battle-history"><br></div><h2 class="battle-history">Turn 13</h2><div class="spacer battle-history"><br></div><div class="battle-history">The opposing AssHole used <strong>Nasty Plot</strong>!<br></div><div class="battle-history"><small>The opposing AssHole's Special Attack rose sharply!</small><br></div><div class="spacer battle-history"><br></div><div class="battle-history">Eve used <strong>Knock Off</strong>!<br></div><div class="battle-history"><small>It's super effective!</small><br></div><div class="battle-history"><small>(The opposing AssHole lost <abbr title="−54/318">17.0%</abbr> of its health!)</small><br></div><div class="spacer battle-history"><br></div><div class="battle-history">The opposing AssHole fainted!<br></div><div class="spacer battle-history"><br></div><div class="battle-history"><small>Eve's taunt wore off!</small><br></div><div class="spacer battle-history"><br></div><div class="battle-history">Alolan's_Butt sent out encore Incominggg (<strong>Lopunny</strong>)!<br></div><div class="spacer battle-history"><br></div><h2 class="battle-history">Turn 14</h2><div class="spacer battle-history"><br></div><div class="battle-history">The opposing encore Incominggg used <strong>Cosmic Power</strong>!<br></div><div class="battle-history"><small>The opposing encore Incominggg's Defense rose!</small><br></div><div class="battle-history"><small>The opposing encore Incominggg's Special Defense rose!</small><br></div><div class="spacer battle-history"><br></div><div class="battle-history">Eve is paralyzed! It can't move!<br></div><div class="spacer battle-history"><br></div><h2 class="battle-history">Turn 15</h2><div class="spacer battle-history"><br></div><div class="battle-history">The opposing encore Incominggg used <strong>Cosmic Power</strong>!<br></div><div class="battle-history"><small>The opposing encore Incominggg's Defense rose!</small><br></div><div class="battle-history"><small>The opposing encore Incominggg's Special Defense rose!</small><br></div><div class="spacer battle-history"><br></div><div class="battle-history">Eve used <strong>Knock Off</strong>!<br></div><div class="battle-history"><small>(The opposing encore Incominggg lost <abbr title="−46/306">15.0%</abbr> of its health!)</small><br></div><div class="battle-history"><small>Eve knocked off the opposing encore Incominggg's Sitrus Berry!</small><br></div><div class="spacer battle-history"><br></div><h2 class="battle-history">Turn 16</h2><div class="spacer battle-history"><br></div><div class="battle-history">Eve, come back!<br></div><div class="battle-history">Go! Best Defogger (<strong>Vullaby</strong>)!<br></div><div class="spacer battle-history"><br></div><div class="battle-history">The opposing encore Incominggg used <strong>Cosmic Power</strong>!<br></div><div class="battle-history"><small>The opposing encore Incominggg's Defense rose!</small><br></div><div class="battle-history"><small>The opposing encore Incominggg's Special Defense rose!</small><br></div><div class="spacer battle-history"><br></div><h2 class="battle-history">Turn 17</h2><div class="spacer battle-history"><br></div><div class="battle-history">The opposing encore Incominggg used <strong>Substitute</strong>!<br></div><div class="battle-history"><small>The opposing encore Incominggg put in a substitute!</small><br></div><div class="battle-history"><small>(The opposing encore Incominggg lost <abbr title="−76/306">24.8%</abbr> of its health!)</small><br></div><div class="spacer battle-history"><br></div><div class="battle-history">Best Defogger used <strong>Roost</strong>!<br></div><div class="battle-history"><small>Best Defogger restored its HP.</small><br></div><div class="spacer battle-history"><br></div><h2 class="battle-history">Turn 18</h2><div class="spacer battle-history"><br></div><div class="battle-history">The opposing encore Incominggg used <strong>Encore</strong>!<br></div><div class="battle-history"><small>Best Defogger received an encore!</small><br></div><div class="spacer battle-history"><br></div><div class="battle-history">Best Defogger used <strong>Roost</strong>!<br></div><div class="battle-history"><small>Best Defogger restored its HP.</small><br></div><div class="spacer battle-history"><br></div><h2 class="battle-history">Turn 19</h2><div class="spacer battle-history"><br></div><div class="battle-history">Best Defogger, come back!<br></div><div class="battle-history">Go! Coelacanth (<strong>Relicanth</strong>)!<br></div><div class="spacer battle-history"><br></div><div class="battle-history">The opposing encore Incominggg used <strong>Cosmic Power</strong>!<br></div><div class="battle-history"><small>The opposing encore Incominggg's Defense rose!</small><br></div><div class="battle-history"><small>The opposing encore Incominggg's Special Defense rose!</small><br></div><div class="spacer battle-history"><br></div><h2 class="battle-history">Turn 20</h2><div class="spacer battle-history"><br></div><div class="battle-history">The opposing encore Incominggg used <strong>Cosmic Power</strong>!<br></div><div class="battle-history"><small>The opposing encore Incominggg's Defense rose!</small><br></div><div class="battle-history"><small>The opposing encore Incominggg's Special Defense rose!</small><br></div><div class="spacer battle-history"><br></div><div class="battle-history">Coelacanth used <strong>Head Smash</strong>!<br></div><div class="battle-history"><small>The opposing encore Incominggg's substitute faded!</small><br></div><div class="spacer battle-history"><br></div><h2 class="battle-history">Turn 21</h2><div class="spacer battle-history"><br></div><div class="battle-history">The opposing encore Incominggg used <strong>Substitute</strong>!<br></div><div class="battle-history"><small>The opposing encore Incominggg put in a substitute!</small><br></div><div class="battle-history"><small>(The opposing encore Incominggg lost <abbr title="−76/306">24.8%</abbr> of its health!)</small><br></div><div class="spacer battle-history"><br></div><div class="battle-history">Coelacanth used <strong>Head Smash</strong>!<br></div><div class="battle-history"><small>The opposing encore Incominggg's substitute faded!</small><br></div><div class="spacer battle-history"><br></div><h2 class="battle-history">Turn 22</h2><div class="chat"><small>quagsgone joined.</small></div><div class="spacer battle-history"><br></div><div class="battle-history">The opposing encore Incominggg used <strong>Substitute</strong>!<br></div><div class="battle-history"><small>The opposing encore Incominggg put in a substitute!</small><br></div><div class="battle-history"><small>(The opposing encore Incominggg lost <abbr title="−76/306">24.8%</abbr> of its health!)</small><br></div><div class="spacer battle-history"><br></div><div class="battle-history">Coelacanth used <strong>Head Smash</strong>!<br></div><div class="battle-history"><small>The opposing encore Incominggg avoided the attack!</small><br></div><div class="spacer battle-history"><br></div><h2 class="battle-history">Turn 23</h2><div class="spacer battle-history"><br></div><div class="battle-history">The opposing encore Incominggg used <strong>Baton Pass</strong>!<br></div><div class="spacer battle-history"><br></div><div class="battle-history">Alolan's_Butt sent out <strong>Swalot</strong>!<br></div><div class="spacer battle-history"><br></div><div class="battle-history">Coelacanth used <strong>Head Smash</strong>!<br></div><div class="battle-history"><small>The opposing Swalot's substitute faded!</small><br></div><div class="spacer battle-history"><br></div><h2 class="battle-history">Turn 24</h2><div class="spacer battle-history"><br></div><div class="battle-history">Coelacanth used <strong>Head Smash</strong>!<br></div><div class="battle-history"><small>(The opposing Swalot lost <abbr title="−99/342">28.9%</abbr> of its health!)</small><br></div><div class="spacer battle-history"><br></div><div class="battle-history">The opposing Swalot used <strong>Giga Drain</strong>!<br></div><div class="battle-history"><small>It's super effective!</small><br></div><div class="battle-history"><small>(Coelacanth lost <abbr title="−341/341">100%</abbr> of its health!)</small><br></div><div class="battle-history"><small>Coelacanth had its energy drained!</small><br></div><div class="spacer battle-history"><br></div><div class="battle-history">Coelacanth fainted!<br></div><div class="spacer battle-history"><br></div><div class="battle-history">Go! Tha Fern (<strong>Monferno</strong>)!<br></div><div class="spacer battle-history"><br></div><h2 class="battle-history">Turn 25</h2><div class="spacer battle-history"><br></div><div class="battle-history">Tha Fern used <strong>Fire Punch</strong>!<br></div><div class="battle-history"><small>(The opposing Swalot lost <abbr title="−25/342">7.3%</abbr> of its health!)</small><br></div><div class="spacer battle-history"><br></div><div class="battle-history">The opposing Swalot used <strong>Acid Spray</strong>!<br></div><div class="battle-history"><small>(Tha Fern lost <abbr title="−43/331">13.0%</abbr> of its health!)</small><br></div><div class="battle-history"><small>Tha Fern's Special Defense fell harshly!</small><br></div><div class="spacer battle-history"><br></div><h2 class="battle-history">Turn 26</h2><div class="spacer battle-history"><br></div><div class="battle-history">Tha Fern used <strong>Fire Punch</strong>!<br></div><div class="battle-history"><small>(The opposing Swalot lost <abbr title="−24/342">7.0%</abbr> of its health!)</small><br></div><div class="battle-history"><small>The opposing Swalot was burned!</small><br></div><div class="spacer battle-history"><br></div><div class="battle-history">The opposing Swalot used <strong>Infestation</strong>!<br></div><div class="battle-history"><small>It's not very effective...</small><br></div><div class="battle-history"><small>(Tha Fern lost <abbr title="−7/331">2.1%</abbr> of its health!)</small><br></div><div class="battle-history"><small>Tha Fern has been afflicted with an infestation by the opposing Swalot!</small><br></div><div class="spacer battle-history"><br></div><div class="battle-history"><small>The opposing Swalot was hurt by its burn!</small><br></div><div class="battle-history"><small>Tha Fern is hurt by Infestation!</small><br></div><div class="spacer battle-history"><br></div><h2 class="battle-history">Turn 27</h2><div class="spacer battle-history"><br></div><div class="battle-history">Tha Fern used <strong>Fire Punch</strong>!<br></div><div class="battle-history"><small>(The opposing Swalot lost <abbr title="−28/342">8.2%</abbr> of its health!)</small><br></div><div class="spacer battle-history"><br></div><div class="battle-history">The opposing Swalot used <strong>Sludge Wave</strong>!<br></div><div class="battle-history"><small>(Tha Fern lost <abbr title="−189/331">57.1%</abbr> of its health!)</small><br></div><div class="spacer battle-history"><br></div><div class="battle-history"><small>The opposing Swalot was hurt by its burn!</small><br></div><div class="battle-history"><small>Tha Fern is hurt by Infestation!</small><br></div><div class="spacer battle-history"><br></div><h2 class="battle-history">Turn 28</h2><div class="spacer battle-history"><br></div><div class="battle-history">Tha Fern used <strong>Fire Punch</strong>!<br></div><div class="battle-history"><small>(The opposing Swalot lost <abbr title="−24/342">7.0%</abbr> of its health!)</small><br></div><div class="spacer battle-history"><br></div><div class="battle-history">The opposing Swalot used <strong>Giga Drain</strong>!<br></div><div class="battle-history"><small>It's not very effective...</small><br></div><div class="battle-history"><small>A critical hit!</small><br></div><div class="battle-history"><small>(Tha Fern lost <abbr title="−10/331">3.0%</abbr> of its health!)</small><br></div><div class="battle-history"><small>Tha Fern had its energy drained!</small><br></div><div class="spacer battle-history"><br></div><div class="battle-history">Tha Fern fainted!<br></div><div class="spacer battle-history"><br></div><div class="battle-history"><small>The opposing Swalot was hurt by its burn!</small><br></div><div class="spacer battle-history"><br></div><div class="battle-history">Go! Best Defogger (<strong>Vullaby</strong>)!<br></div><div class="spacer battle-history"><br></div><h2 class="battle-history">Turn 29</h2><div class="spacer battle-history"><br></div><div class="battle-history">Best Defogger, come back!<br></div><div class="battle-history">Go! Eve (<strong>Leafeon</strong>)!<br></div><div class="spacer battle-history"><br></div><div class="battle-history">The opposing Swalot used <strong>Acid Spray</strong>!<br></div><div class="battle-history"><small>It's super effective!</small><br></div><div class="battle-history"><small>Eve ate its Kebia Berry!</small><br></div><div class="battle-history"><small>The Kebia Berry weakened the damage to Eve!</small><br></div><div class="battle-history"><small>(Eve lost <abbr title="−58/271">21.4%</abbr> of its health!)</small><br></div><div class="spacer battle-history"><br></div><div class="battle-history">Eve fainted!<br></div><div class="spacer battle-history"><br></div><div class="battle-history"><small>The opposing Swalot was hurt by its burn!</small><br></div><div class="spacer battle-history"><br></div><div class="battle-history">Go! Zebby (<strong>Zebstrika</strong>)!<br></div><div class="spacer battle-history"><br></div><h2 class="battle-history">Turn 30</h2><div class="spacer battle-history"><br></div><div class="battle-history">Zebby used <strong>Volt Switch</strong>!<br></div><div class="battle-history"><small>(The opposing Swalot lost <abbr title="−27/342">7.9%</abbr> of its health!)</small><br></div><div class="battle-history"><small>Zebby lost some of its HP!</small><br></div><div class="spacer battle-history"><br></div><div class="battle-history">Zebby went back to RivalET!<br></div><div class="battle-history">Go! Best Defogger (<strong>Vullaby</strong>)!<br></div><div class="spacer battle-history"><br></div><div class="battle-history">The opposing Swalot used <strong>Giga Drain</strong>!<br></div><div class="battle-history"><small>It's not very effective...</small><br></div><div class="battle-history"><small>(Best Defogger lost <abbr title="−30/343">8.7%</abbr> of its health!)</small><br></div><div class="battle-history"><small>Best Defogger had its energy drained!</small><br></div><div class="spacer battle-history"><br></div><div class="battle-history"><small>The opposing Swalot was hurt by its burn!</small><br></div><div class="spacer battle-history"><br></div><h2 class="battle-history">Turn 31</h2><div class="spacer battle-history"><br></div><div class="battle-history">Best Defogger, come back!<br></div><div class="battle-history">Go! Zebby (<strong>Zebstrika</strong>)!<br></div><div class="spacer battle-history"><br></div><div class="battle-history">The opposing Swalot used <strong>Acid Spray</strong>!<br></div><div class="battle-history"><small>(Zebby lost <abbr title="−73/291">25.1%</abbr> of its health!)</small><br></div><div class="battle-history"><small>Zebby's Special Defense fell harshly!</small><br></div><div class="spacer battle-history"><br></div><div class="battle-history"><small>The opposing Swalot was hurt by its burn!</small><br></div><div class="spacer battle-history"><br></div><div class="battle-history">The opposing Swalot fainted!<br></div><div class="spacer battle-history"><br></div><div class="battle-history">Alolan's_Butt sent out encore Incominggg (<strong>Lopunny</strong>)!<br></div><div class="spacer battle-history"><br></div><h2 class="battle-history">Turn 32</h2><div class="spacer battle-history"><br></div><div class="battle-history">Alolan's_Butt withdrew encore Incominggg!<br></div><div class="battle-history">Alolan's_Butt sent out <strong>Riolu</strong>!<br></div><div class="spacer battle-history"><br></div><div class="battle-history">Zebby used <strong>Thunderbolt</strong>!<br></div><div class="battle-history"><small>(The opposing Riolu lost <abbr title="−186/222">83.8%</abbr> of its health!)</small><br></div><div class="battle-history"><small>Zebby lost some of its HP!</small><br></div><div class="spacer battle-history"><br></div><div class="battle-history">The opposing Riolu fainted!<br></div><div class="spacer battle-history"><br></div><div class="battle-history"><small>Alolan's_Butt forfeited.</small><br></div><div class="spacer battle-history"><br></div><div class="battle-history"><strong>RivalET</strong> won the battle!<br></div><div class="chat"><small>Alolan's_Butt left.</small></div><div class="chat">RivalET's rating: 1452 → <strong>1464</strong><br>(+12 for winning)</div><div class="chat">Alolan's_Butt's rating: 1298 → <strong>1283</strong><br>(-15 for losing)</div><div class="chat"><small>quagsgone left.</small></div></div><div class="inner-preempt"></div></div></div>
</div>
<script>
let daily = Math.floor(Date.now()/1000/60/60/24);document.write('<script src="https://play.pokemonshowdown.com/js/replay-embed.js?version'+daily+'"></'+'script>');
</script>
