<!DOCTYPE html>
<meta charset="utf-8" />
<!-- version 1 -->
<title>PU replay: xottosawx vs. Arkygon</title>
<style>
html,body {font-family:Verdana, sans-serif;font-size:10pt;margin:0;padding:0;}body{padding:12px 0;} .battle-log {font-family:Verdana, sans-serif;font-size:10pt;} .battle-log-inline {border:1px solid #AAAAAA;background:#EEF2F5;color:black;max-width:640px;margin:0 auto 80px;padding-bottom:5px;} .battle-log .inner {padding:4px 8px 0px 8px;} .battle-log .inner-preempt {padding:0 8px 4px 8px;} .battle-log .inner-after {margin-top:0.5em;} .battle-log h2 {margin:0.5em -8px;padding:4px 8px;border:1px solid #AAAAAA;background:#E0E7EA;border-left:0;border-right:0;font-family:Verdana, sans-serif;font-size:13pt;} .battle-log .chat {vertical-align:middle;padding:3px 0 3px 0;font-size:8pt;} .battle-log .chat strong {color:#40576A;} .battle-log .chat em {padding:1px 4px 1px 3px;color:#000000;font-style:normal;} .chat.mine {background:rgba(0,0,0,0.05);margin-left:-8px;margin-right:-8px;padding-left:8px;padding-right:8px;} .spoiler {color:#BBBBBB;background:#BBBBBB;padding:0px 3px;} .spoiler:hover, .spoiler:active, .spoiler-shown {color:#000000;background:#E2E2E2;padding:0px 3px;} .spoiler a {color:#BBBBBB;} .spoiler:hover a, .spoiler:active a, .spoiler-shown a {color:#2288CC;} .chat code, .chat .spoiler:hover code, .chat .spoiler:active code, .chat .spoiler-shown code {border:1px solid #C0C0C0;background:#EEEEEE;color:black;padding:0 2px;} .chat .spoiler code {border:1px solid #CCCCCC;background:#CCCCCC;color:#CCCCCC;} .battle-log .rated {padding:3px 4px;} .battle-log .rated strong {color:white;background:#89A;padding:1px 4px;border-radius:4px;} .spacer {margin-top:0.5em;} .message-announce {background:#6688AA;color:white;padding:1px 4px 2px;} .message-announce a, .broadcast-green a, .broadcast-blue a, .broadcast-red a {color:#DDEEFF;} .broadcast-green {background-color:#559955;color:white;padding:2px 4px;} .broadcast-blue {background-color:#6688AA;color:white;padding:2px 4px;} .infobox {border:1px solid #6688AA;padding:2px 4px;} .infobox-limited {max-height:200px;overflow:auto;overflow-x:hidden;} .broadcast-red {background-color:#AA5544;color:white;padding:2px 4px;} .message-learn-canlearn {font-weight:bold;color:#228822;text-decoration:underline;} .message-learn-cannotlearn {font-weight:bold;color:#CC2222;text-decoration:underline;} .message-effect-weak {font-weight:bold;color:#CC2222;} .message-effect-resist {font-weight:bold;color:#6688AA;} .message-effect-immune {font-weight:bold;color:#666666;} .message-learn-list {margin-top:0;margin-bottom:0;} .message-throttle-notice, .message-error {color:#992222;} .message-overflow, .chat small.message-overflow {font-size:0pt;} .message-overflow::before {font-size:9pt;content:'...';} .subtle {color:#3A4A66;}
</style>
<div class="wrapper replay-wrapper" style="max-width:1180px;margin:0 auto">
<input type="hidden" name="replayid" value="pu-561518084" />
<div class="battle"></div><div class="battle-log"></div><div class="replay-controls"></div><div class="replay-controls-2"></div>
<h1 style="font-weight:normal;text-align:center"><strong>PU</strong><br /><a href="http://pokemonshowdown.com/users/xottosawx" class="subtle" target="_blank">xottosawx</a> vs. <a href="http://pokemonshowdown.com/users/arkygon" class="subtle" target="_blank">Arkygon</a></h1>
<script type="text/plain" class="battle-log-data">|j|xottosawx
|j|Arkygon
|player|p1|xottosawx|29
|player|p2|Arkygon|2
|gametype|singles
|gen|6
|tier|PU
|rated
|seed|34836,2303,30168,15204
|rule|Sleep Clause Mod: Limit one foe put to sleep
|rule|Species Clause: Limit one of each Pokémon
|rule|OHKO Clause: OHKO moves are banned
|rule|Moody Clause: Moody is banned
|rule|Evasion Moves Clause: Evasion moves are banned
|rule|Endless Battle Clause: Forcing endless battles is banned
|rule|HP Percentage Mod: HP is shown in percentages
|clearpoke
|poke|p1|Ivysaur, M, shiny|item
|poke|p1|Ninetales, M|item
|poke|p1|Octillery, M|item
|poke|p1|Nidorina, F|item
|poke|p1|Wartortle, F|item
|poke|p1|Raichu, F|item
|poke|p2|Ninjask, F|item
|poke|p2|Marowak, M|item
|poke|p2|Cacturne, F|item
|poke|p2|Prinplup, M|item
|poke|p2|Bouffalant, F|item
|poke|p2|Swoobat, M|item
|rule|Swagger Clause: Swagger is banned
|rule|Baton Pass Clause: Limit one Baton Passer, can't pass Spe and other stats simultaneously
|teampreview
|choice|team 6, team 2, team 3, team 4, team 5, team 1|team 1, team 2, team 3, team 4, team 5, team 6
|
|start
|switch|p1a: Raichu|Raichu, F|262\/262
|switch|p2a: Ninjask|Ninjask, F|325\/325
|turn|1
|choice|move hiddenpower|move substitute
|
|move|p2a: Ninjask|Substitute|p2a: Ninjask
|-start|p2a: Ninjask|Substitute
|-damage|p2a: Ninjask|244\/325
|move|p1a: Raichu|Hidden Power|p2a: Ninjask
|-supereffective|p2a: Ninjask
|-end|p2a: Ninjask|Substitute
|
|-heal|p2a: Ninjask|264\/325|[from] item: Leftovers
|-ability|p2a: Ninjask|Speed Boost|boost
|-boost|p2a: Ninjask|spe|1
|upkeep
|turn|2
|choice|move hiddenpower|move protect
|
|move|p2a: Ninjask|Protect|p2a: Ninjask
|-singleturn|p2a: Ninjask|Protect
|move|p1a: Raichu|Hidden Power|p2a: Ninjask
|-activate|p2a: Ninjask|move: Protect
|
|-heal|p2a: Ninjask|284\/325|[from] item: Leftovers
|-ability|p2a: Ninjask|Speed Boost|boost
|-boost|p2a: Ninjask|spe|1
|upkeep
|turn|3
|choice|move thunderbolt|move substitute
|
|move|p2a: Ninjask|Substitute|p2a: Ninjask
|-start|p2a: Ninjask|Substitute
|-damage|p2a: Ninjask|203\/325
|move|p1a: Raichu|Thunderbolt|p2a: Ninjask
|-supereffective|p2a: Ninjask
|-end|p2a: Ninjask|Substitute
|
|-heal|p2a: Ninjask|223\/325|[from] item: Leftovers
|-ability|p2a: Ninjask|Speed Boost|boost
|-boost|p2a: Ninjask|spe|1
|upkeep
|turn|4
|choice|move thunderbolt|move protect
|
|move|p2a: Ninjask|Protect|p2a: Ninjask
|-singleturn|p2a: Ninjask|Protect
|move|p1a: Raichu|Thunderbolt|p2a: Ninjask
|-activate|p2a: Ninjask|move: Protect
|
|-heal|p2a: Ninjask|243\/325|[from] item: Leftovers
|-ability|p2a: Ninjask|Speed Boost|boost
|-boost|p2a: Ninjask|spe|1
|upkeep
|turn|5
|choice|move thunderbolt|move batonpass
|
|move|p2a: Ninjask|Baton Pass|p2a: Ninjask
|choice||switch 2
|
|switch|p2a: Marowak|Marowak, M|261\/261
|move|p1a: Raichu|Thunderbolt|p2a: Marowak
|-immune|p2a: Marowak|[msg]
|
|upkeep
|turn|6
|choice|switch 5|move swordsdance
|
|switch|p1a: Wartortle|Wartortle, F|322\/322
|move|p2a: Marowak|Swords Dance|p2a: Marowak
|-boost|p2a: Marowak|atk|2
|
|upkeep
|turn|7
|choice|move scald|move earthquake
|
|move|p2a: Marowak|Earthquake|p1a: Wartortle
|-damage|p1a: Wartortle|34\/322
|move|p1a: Wartortle|Scald|p2a: Marowak
|-supereffective|p2a: Marowak
|-damage|p2a: Marowak|1\/261
|
|upkeep
|turn|8
|choice|move scald|move earthquake
|
|move|p2a: Marowak|Earthquake|p1a: Wartortle
|-damage|p1a: Wartortle|0 fnt
|faint|p1a: Wartortle
|
|upkeep
|choice|switch 4|
|
|switch|p1a: Nidorina|Nidorina, F|344\/344
|turn|9
|choice|move suckerpunch|move swordsdance
|
|move|p1a: Nidorina|Sucker Punch|p2a: Marowak|[still]
|-fail|p1a: Nidorina
|move|p2a: Marowak|Swords Dance|p2a: Marowak
|-boost|p2a: Marowak|atk|2
|
|upkeep
|turn|10
|choice|move suckerpunch|move swordsdance
|
|move|p1a: Nidorina|Sucker Punch|p2a: Marowak|[still]
|-fail|p1a: Nidorina
|move|p2a: Marowak|Swords Dance|p2a: Marowak
|-boost|p2a: Marowak|atk|2
|
|upkeep
|turn|11
|choice|move poisonjab|move earthquake
|
|move|p2a: Marowak|Earthquake|p1a: Nidorina
|-supereffective|p1a: Nidorina
|-crit|p1a: Nidorina
|-damage|p1a: Nidorina|0 fnt
|faint|p1a: Nidorina
|
|upkeep
|c|☆Arkygon|LOL
|-message|xottosawx forfeited.
|
|win|Arkygon
|l|xottosawx
|raw|xottosawx's rating: 1136 &rarr; <strong>1109<\/strong><br \/>(-27 for losing)
|raw|Arkygon's rating: 1107 &rarr; <strong>1134<\/strong><br \/>(+27 for winning)</script>
</div>
<div class="battle-log battle-log-inline"><div class="inner"><div class="battle-options"></div><div class="inner"><div class="chat"><small>xottosawx joined.</small></div><div class="chat"><small>Arkygon joined.</small></div><div class=""><small>Format:</small> <br><strong>PU</strong></div><div class="rated"><strong>Rated battle</strong></div><div class=""><small><em>Sleep Clause Mod:</em> Limit one foe put to sleep</small></div><div class=""><small><em>Species Clause:</em> Limit one of each Pokémon</small></div><div class=""><small><em>OHKO Clause:</em> OHKO moves are banned</small></div><div class=""><small><em>Moody Clause:</em> Moody is banned</small></div><div class=""><small><em>Evasion Moves Clause:</em> Evasion moves are banned</small></div><div class=""><small><em>Endless Battle Clause:</em> Forcing endless battles is banned</small></div><div class=""><small><em>HP Percentage Mod:</em> HP is shown in percentages</small></div><div class=""><small><em>Swagger Clause:</em> Swagger is banned</small></div><div class=""><small><em>Baton Pass Clause:</em> Limit one Baton Passer, can't pass Spe and other stats simultaneously</small></div><div class="chat battle-history"><strong>xottosawx's team:</strong> <em style="color:#445566;display:block;">Ivysaur / Ninetales / Octillery / Nidorina / Wartortle / Raichu</em></div><div class="chat battle-history"><strong>Arkygon's team:</strong> <em style="color:#445566;display:block;">Ninjask / Marowak / Cacturne / Prinplup / Bouffalant / Swoobat</em></div><div class="spacer battle-history"><br></div><div class="battle-history">Battle started between xottosawx and Arkygon!<br></div><div class="spacer battle-history"><br></div><div class="battle-history">Go! <strong>Raichu</strong>!<br></div><div class="spacer battle-history"><br></div><div class="battle-history">Arkygon sent out <strong>Ninjask</strong>!<br></div><div class="spacer battle-history"><br></div><h2 class="battle-history">Turn 1</h2><div class="spacer battle-history"><br></div><div class="battle-history">The opposing Ninjask used <strong>Substitute</strong>!<br></div><div class="battle-history"><small>The opposing Ninjask put in a substitute!</small><br></div><div class="battle-history"><small>(The opposing Ninjask lost <abbr title="−81/325">24.9%</abbr> of its health!)</small><br></div><div class="spacer battle-history"><br></div><div class="battle-history">Raichu used <strong>Hidden Power</strong>!<br></div><div class="battle-history"><small>It's super effective!</small><br></div><div class="battle-history"><small>The opposing Ninjask's substitute faded!</small><br></div><div class="spacer battle-history"><br></div><div class="battle-history"><small>The opposing Ninjask restored a little HP using its Leftovers!</small><br></div><div class="battle-history"><small>[The opposing Ninjask's Speed Boost]</small><br></div><div class="battle-history"><small>The opposing Ninjask's Speed rose!</small><br></div><div class="spacer battle-history"><br></div><h2 class="battle-history">Turn 2</h2><div class="spacer battle-history"><br></div><div class="battle-history">The opposing Ninjask used <strong>Protect</strong>!<br></div><div class="battle-history"><small>The opposing Ninjask protected itself!</small><br></div><div class="spacer battle-history"><br></div><div class="battle-history">Raichu used <strong>Hidden Power</strong>!<br></div><div class="battle-history"><small>The opposing Ninjask protected itself!</small><br></div><div class="spacer battle-history"><br></div><div class="battle-history"><small>The opposing Ninjask restored a little HP using its Leftovers!</small><br></div><div class="battle-history"><small>[The opposing Ninjask's Speed Boost]</small><br></div><div class="battle-history"><small>The opposing Ninjask's Speed rose!</small><br></div><div class="spacer battle-history"><br></div><h2 class="battle-history">Turn 3</h2><div class="spacer battle-history"><br></div><div class="battle-history">The opposing Ninjask used <strong>Substitute</strong>!<br></div><div class="battle-history"><small>The opposing Ninjask put in a substitute!</small><br></div><div class="battle-history"><small>(The opposing Ninjask lost <abbr title="−81/325">24.9%</abbr> of its health!)</small><br></div><div class="spacer battle-history"><br></div><div class="battle-history">Raichu used <strong>Thunderbolt</strong>!<br></div><div class="battle-history"><small>It's super effective!</small><br></div><div class="battle-history"><small>The opposing Ninjask's substitute faded!</small><br></div><div class="spacer battle-history"><br></div><div class="battle-history"><small>The opposing Ninjask restored a little HP using its Leftovers!</small><br></div><div class="battle-history"><small>[The opposing Ninjask's Speed Boost]</small><br></div><div class="battle-history"><small>The opposing Ninjask's Speed rose!</small><br></div><div class="spacer battle-history"><br></div><h2 class="battle-history">Turn 4</h2><div class="spacer battle-history"><br></div><div class="battle-history">The opposing Ninjask used <strong>Protect</strong>!<br></div><div class="battle-history"><small>The opposing Ninjask protected itself!</small><br></div><div class="spacer battle-history"><br></div><div class="battle-history">Raichu used <strong>Thunderbolt</strong>!<br></div><div class="battle-history"><small>The opposing Ninjask protected itself!</small><br></div><div class="spacer battle-history"><br></div><div class="battle-history"><small>The opposing Ninjask restored a little HP using its Leftovers!</small><br></div><div class="battle-history"><small>[The opposing Ninjask's Speed Boost]</small><br></div><div class="battle-history"><small>The opposing Ninjask's Speed rose!</small><br></div><div class="spacer battle-history"><br></div><h2 class="battle-history">Turn 5</h2><div class="spacer battle-history"><br></div><div class="battle-history">The opposing Ninjask used <strong>Baton Pass</strong>!<br></div><div class="spacer battle-history"><br></div><div class="battle-history">Arkygon sent out <strong>Marowak</strong>!<br></div><div class="spacer battle-history"><br></div><div class="battle-history">Raichu used <strong>Thunderbolt</strong>!<br></div><div class="battle-history"><small>It doesn't affect the opposing Marowak...</small><br></div><div class="spacer battle-history"><br></div><h2 class="battle-history">Turn 6</h2><div class="spacer battle-history"><br></div><div class="battle-history">Raichu, come back!<br></div><div class="battle-history">Go! <strong>Wartortle</strong>!<br></div><div class="spacer battle-history"><br></div><div class="battle-history">The opposing Marowak used <strong>Swords Dance</strong>!<br></div><div class="battle-history"><small>The opposing Marowak's Attack rose sharply!</small><br></div><div class="spacer battle-history"><br></div><h2 class="battle-history">Turn 7</h2><div class="spacer battle-history"><br></div><div class="battle-history">The opposing Marowak used <strong>Earthquake</strong>!<br></div><div class="battle-history"><small>(Wartortle lost <abbr title="−288/322">89.4%</abbr> of its health!)</small><br></div><div class="spacer battle-history"><br></div><div class="battle-history">Wartortle used <strong>Scald</strong>!<br></div><div class="battle-history"><small>It's super effective!</small><br></div><div class="battle-history"><small>(The opposing Marowak lost <abbr title="−260/261">99.6%</abbr> of its health!)</small><br></div><div class="spacer battle-history"><br></div><h2 class="battle-history">Turn 8</h2><div class="spacer battle-history"><br></div><div class="battle-history">The opposing Marowak used <strong>Earthquake</strong>!<br></div><div class="battle-history"><small>(Wartortle lost <abbr title="−34/322">10.6%</abbr> of its health!)</small><br></div><div class="spacer battle-history"><br></div><div class="battle-history">Wartortle fainted!<br></div><div class="spacer battle-history"><br></div><div class="battle-history">Go! <strong>Nidorina</strong>!<br></div><div class="spacer battle-history"><br></div><h2 class="battle-history">Turn 9</h2><div class="spacer battle-history"><br></div><div class="battle-history">Nidorina used <strong>Sucker Punch</strong>!<br></div><div class="battle-history"><small>But it failed!</small><br></div><div class="spacer battle-history"><br></div><div class="battle-history">The opposing Marowak used <strong>Swords Dance</strong>!<br></div><div class="battle-history"><small>The opposing Marowak's Attack rose sharply!</small><br></div><div class="spacer battle-history"><br></div><h2 class="battle-history">Turn 10</h2><div class="spacer battle-history"><br></div><div class="battle-history">Nidorina used <strong>Sucker Punch</strong>!<br></div><div class="battle-history"><small>But it failed!</small><br></div><div class="spacer battle-history"><br></div><div class="battle-history">The opposing Marowak used <strong>Swords Dance</strong>!<br></div><div class="battle-history"><small>The opposing Marowak's Attack rose sharply!</small><br></div><div class="spacer battle-history"><br></div><h2 class="battle-history">Turn 11</h2><div class="spacer battle-history"><br></div><div class="battle-history">The opposing Marowak used <strong>Earthquake</strong>!<br></div><div class="battle-history"><small>It's super effective!</small><br></div><div class="battle-history"><small>A critical hit!</small><br></div><div class="battle-history"><small>(Nidorina lost <abbr title="−344/344">100%</abbr> of its health!)</small><br></div><div class="spacer battle-history"><br></div><div class="battle-history">Nidorina fainted!<br></div><div class="chat chatmessage-arkygon"><strong style="color:hsl(284,40%,53.56681313772657%)"><small>☆</small><span class="username" data-name="Arkygon">Arkygon</span>:</strong> <em>LOL</em></div><div class="spacer battle-history"><br></div><div class="battle-history"><small>xottosawx forfeited.</small><br></div><div class="spacer battle-history"><br></div><div class="battle-history"><strong>Arkygon</strong> won the battle!<br></div><div class="chat"><small>xottosawx left.</small></div><div class="chat">xottosawx's rating: 1136 → <strong>1109</strong><br>(-27 for losing)</div><div class="chat">Arkygon's rating: 1107 → <strong>1134</strong><br>(+27 for winning)</div></div><div class="inner-preempt"></div></div></div>
</div>
<script>
let daily = Math.floor(Date.now()/1000/60/60/24);document.write('<script src="https://play.pokemonshowdown.com/js/replay-embed.js?version'+daily+'"></'+'script>');
</script>
