<!DOCTYPE html>
<meta charset="utf-8" />
<!-- version 1 -->
<title>PU replay: The Italian Raichu vs. lcezasfuck</title>
<style>
html,body {font-family:Verdana, sans-serif;font-size:10pt;margin:0;padding:0;}body{padding:12px 0;} .battle-log {font-family:Verdana, sans-serif;font-size:10pt;} .battle-log-inline {border:1px solid #AAAAAA;background:#EEF2F5;color:black;max-width:640px;margin:0 auto 80px;padding-bottom:5px;} .battle-log .inner {padding:4px 8px 0px 8px;} .battle-log .inner-preempt {padding:0 8px 4px 8px;} .battle-log .inner-after {margin-top:0.5em;} .battle-log h2 {margin:0.5em -8px;padding:4px 8px;border:1px solid #AAAAAA;background:#E0E7EA;border-left:0;border-right:0;font-family:Verdana, sans-serif;font-size:13pt;} .battle-log .chat {vertical-align:middle;padding:3px 0 3px 0;font-size:8pt;} .battle-log .chat strong {color:#40576A;} .battle-log .chat em {padding:1px 4px 1px 3px;color:#000000;font-style:normal;} .chat.mine {background:rgba(0,0,0,0.05);margin-left:-8px;margin-right:-8px;padding-left:8px;padding-right:8px;} .spoiler {color:#BBBBBB;background:#BBBBBB;padding:0px 3px;} .spoiler:hover, .spoiler:active, .spoiler-shown {color:#000000;background:#E2E2E2;padding:0px 3px;} .spoiler a {color:#BBBBBB;} .spoiler:hover a, .spoiler:active a, .spoiler-shown a {color:#2288CC;} .chat code, .chat .spoiler:hover code, .chat .spoiler:active code, .chat .spoiler-shown code {border:1px solid #C0C0C0;background:#EEEEEE;color:black;padding:0 2px;} .chat .spoiler code {border:1px solid #CCCCCC;background:#CCCCCC;color:#CCCCCC;} .battle-log .rated {padding:3px 4px;} .battle-log .rated strong {color:white;background:#89A;padding:1px 4px;border-radius:4px;} .spacer {margin-top:0.5em;} .message-announce {background:#6688AA;color:white;padding:1px 4px 2px;} .message-announce a, .broadcast-green a, .broadcast-blue a, .broadcast-red a {color:#DDEEFF;} .broadcast-green {background-color:#559955;color:white;padding:2px 4px;} .broadcast-blue {background-color:#6688AA;color:white;padding:2px 4px;} .infobox {border:1px solid #6688AA;padding:2px 4px;} .infobox-limited {max-height:200px;overflow:auto;overflow-x:hidden;} .broadcast-red {background-color:#AA5544;color:white;padding:2px 4px;} .message-learn-canlearn {font-weight:bold;color:#228822;text-decoration:underline;} .message-learn-cannotlearn {font-weight:bold;color:#CC2222;text-decoration:underline;} .message-effect-weak {font-weight:bold;color:#CC2222;} .message-effect-resist {font-weight:bold;color:#6688AA;} .message-effect-immune {font-weight:bold;color:#666666;} .message-learn-list {margin-top:0;margin-bottom:0;} .message-throttle-notice, .message-error {color:#992222;} .message-overflow, .chat small.message-overflow {font-size:0pt;} .message-overflow::before {font-size:9pt;content:'...';} .subtle {color:#3A4A66;}
</style>
<div class="wrapper replay-wrapper" style="max-width:1180px;margin:0 auto">
<input type="hidden" name="replayid" value="pu-562000562" />
<div class="battle"></div><div class="battle-log"></div><div class="replay-controls"></div><div class="replay-controls-2"></div>
<h1 style="font-weight:normal;text-align:center"><strong>PU</strong><br /><a href="http://pokemonshowdown.com/users/theitalianraichu" class="subtle" target="_blank">The Italian Raichu</a> vs. <a href="http://pokemonshowdown.com/users/lcezasfuck" class="subtle" target="_blank">lcezasfuck</a></h1>
<script type="text/plain" class="battle-log-data">|j|The Italian Raichu
|j|lcezasfuck
|player|p1|The Italian Raichu|239
|player|p2|lcezasfuck|1
|gametype|singles
|gen|6
|tier|PU
|rated
|seed|45876,1387,55970,30398
|rule|Sleep Clause Mod: Limit one foe put to sleep
|rule|Species Clause: Limit one of each Pokémon
|rule|OHKO Clause: OHKO moves are banned
|rule|Moody Clause: Moody is banned
|rule|Evasion Moves Clause: Evasion moves are banned
|rule|Endless Battle Clause: Forcing endless battles is banned
|rule|HP Percentage Mod: HP is shown in percentages
|clearpoke
|poke|p1|Wigglytuff, F|item
|poke|p1|Leavanny, F|item
|poke|p1|Luxray, M, shiny|item
|poke|p1|Gigalith, M|item
|poke|p1|Regice|item
|poke|p1|Dusclops, M|item
|poke|p2|Natu, M|item
|poke|p2|Clefairy, M|item
|poke|p2|Avalugg, F|item
|poke|p2|Politoed, M|item
|poke|p2|Marowak, F|item
|poke|p2|Raichu, F|item
|rule|Swagger Clause: Swagger is banned
|rule|Baton Pass Clause: Limit one Baton Passer, can't pass Spe and other stats simultaneously
|teampreview
|choice|team 2, team 1, team 3, team 4, team 5, team 6|team 3, team 2, team 1, team 4, team 5, team 6
|
|start
|switch|p1a: Mother|Leavanny, F|291\/291
|switch|p2a: Avalugg|Avalugg, F|394\/394
|turn|1
|choice|move stickyweb|switch 3
|
|switch|p2a: Natu|Natu, M|283\/283
|move|p1a: Mother|Sticky Web|p2a: Natu
|move|p2a: Natu|Sticky Web|p1a: Mother|[from]Magic Bounce
|-sidestart|p1: The Italian Raichu|move: Sticky Web
|
|upkeep
|turn|2
|choice|move knockoff|move thunderwave
|
|move|p1a: Mother|Knock Off|p2a: Natu
|-supereffective|p2a: Natu
|-damage|p2a: Natu|145\/283
|-enditem|p2a: Natu|Eviolite|[from] move: Knock Off|[of] p1a: Mother
|move|p2a: Natu|Thunder Wave|p1a: Mother
|-status|p1a: Mother|par
|
|upkeep
|turn|3
|choice|move knockoff|move roost
|
|move|p2a: Natu|Roost|p2a: Natu
|-heal|p2a: Natu|283\/283
|move|p1a: Mother|Knock Off|p2a: Natu
|-supereffective|p2a: Natu
|-damage|p2a: Natu|143\/283
|
|upkeep
|turn|4
|choice|switch 4|move roost
|
|switch|p1a: Crusher|Gigalith, M|374\/374
|-item|p1a: Crusher|Air Balloon
|move|p2a: Natu|Roost|p2a: Natu
|-heal|p2a: Natu|283\/283
|
|upkeep
|turn|5
|choice|move stoneedge|move uturn
|
|move|p2a: Natu|U-turn|p1a: Crusher
|-damage|p1a: Crusher|350\/374
|-enditem|p1a: Crusher|Air Balloon
|choice||switch 5
|
|switch|p2a: Marowak|Marowak, F|261\/261
|move|p1a: Crusher|Stone Edge|p2a: Marowak
|-resisted|p2a: Marowak
|-damage|p2a: Marowak|165\/261
|
|upkeep
|turn|6
|choice|move stealthrock|move bonemerang
|
|move|p2a: Marowak|Bonemerang|p1a: Crusher
|-supereffective|p1a: Crusher
|-damage|p1a: Crusher|114\/374
|-supereffective|p1a: Crusher
|-damage|p1a: Crusher|0 fnt
|-hitcount|p1a: Crusher|2
|faint|p1a: Crusher
|
|upkeep
|choice|switch 4|
|
|switch|p1a: Mother|Leavanny, F|291\/291 par
|-activate|p1a: Mother|move: Sticky Web
|-unboost|p1a: Mother|spe|1
|turn|7
|choice|move knockoff|switch 5
|
|switch|p2a: Natu|Natu, M|283\/283
|cant|p1a: Mother|par
|
|upkeep
|turn|8
|choice|move knockoff|move psychic
|
|move|p2a: Natu|Psychic|p1a: Mother
|-damage|p1a: Mother|201\/291 par
|move|p1a: Mother|Knock Off|p2a: Natu
|-supereffective|p2a: Natu
|-damage|p2a: Natu|137\/283
|
|upkeep
|turn|9
|choice|switch 2|move roost
|
|switch|p1a: Fluffybun|Wigglytuff, F|484\/484
|-activate|p1a: Fluffybun|move: Sticky Web
|-unboost|p1a: Fluffybun|spe|1
|-ability|p1a: Fluffybun|Competitive|boost
|-boost|p1a: Fluffybun|spa|2
|move|p2a: Natu|Roost|p2a: Natu
|-heal|p2a: Natu|279\/283
|
|upkeep
|turn|10
|choice|move healbell|move thunderwave
|
|move|p2a: Natu|Thunder Wave|p1a: Fluffybun
|-status|p1a: Fluffybun|par
|move|p1a: Fluffybun|Heal Bell|p1a: Fluffybun
|-activate|p1a: Fluffybun|move: Heal Bell
|-curestatus|p1a: Fluffybun|par|[msg]
|-curestatus|p1: Mother|par|[msg]
|
|upkeep
|turn|11
|choice|move dazzlinggleam|move thunderwave
|
|move|p2a: Natu|Thunder Wave|p1a: Fluffybun
|-status|p1a: Fluffybun|par
|move|p1a: Fluffybun|Dazzling Gleam|p2a: Natu
|-damage|p2a: Natu|0 fnt
|faint|p2a: Natu
|
|upkeep
|choice||switch 5
|
|switch|p2a: Marowak|Marowak, F|165\/261
|turn|12
|choice|switch 2|move bonemerang
|
|switch|p1a: Mother|Leavanny, F|201\/291
|-activate|p1a: Mother|move: Sticky Web
|-unboost|p1a: Mother|spe|1
|move|p2a: Marowak|Bonemerang|p1a: Mother
|-resisted|p1a: Mother
|-damage|p1a: Mother|162\/291
|-resisted|p1a: Mother
|-damage|p1a: Mother|122\/291
|-hitcount|p1a: Mother|2
|
|upkeep
|turn|13
|choice|move stickyweb|move knockoff
|
|move|p1a: Mother|Sticky Web|p2a: Marowak
|-sidestart|p2: lcezasfuck|move: Sticky Web
|move|p2a: Marowak|Knock Off|p1a: Mother
|-damage|p1a: Mother|0 fnt
|-enditem|p1a: Mother|Focus Sash|[from] move: Knock Off|[of] p2a: Marowak
|faint|p1a: Mother
|
|upkeep
|choice|switch 6|
|
|switch|p1a: Shinigami|Dusclops, M|284\/284
|-activate|p1a: Shinigami|move: Sticky Web
|-unboost|p1a: Shinigami|spe|1
|-ability|p1a: Shinigami|Pressure
|turn|14
|choice|move willowisp|move knockoff
|
|move|p2a: Marowak|Knock Off|p1a: Shinigami
|-supereffective|p1a: Shinigami
|-damage|p1a: Shinigami|130\/284
|-enditem|p1a: Shinigami|Eviolite|[from] move: Knock Off|[of] p2a: Marowak
|move|p1a: Shinigami|Will-O-Wisp|p2a: Marowak
|-status|p2a: Marowak|brn
|
|-damage|p2a: Marowak|133\/261 brn|[from] brn
|upkeep
|turn|15
|choice|move nightshade|move stealthrock
|
|move|p2a: Marowak|Stealth Rock|p1a: Shinigami
|-sidestart|p1: The Italian Raichu|move: Stealth Rock
|move|p1a: Shinigami|Night Shade|p2a: Marowak
|-damage|p2a: Marowak|33\/261 brn
|
|-damage|p2a: Marowak|1\/261 brn|[from] brn
|upkeep
|turn|16
|choice|switch 2|switch 2
|
|switch|p2a: Clefairy|Clefairy, M|344\/344
|-activate|p2a: Clefairy|move: Sticky Web
|-unboost|p2a: Clefairy|spe|1
|switch|p1a: Fluffybun|Wigglytuff, F|484\/484 par
|-damage|p1a: Fluffybun|424\/484 par|[from] Stealth Rock
|-activate|p1a: Fluffybun|move: Sticky Web
|-unboost|p1a: Fluffybun|spe|1
|-ability|p1a: Fluffybun|Competitive|boost
|-boost|p1a: Fluffybun|spa|2
|
|-heal|p1a: Fluffybun|454\/484 par|[from] item: Leftovers
|upkeep
|turn|17
|choice|move healbell|move healbell
|
|move|p2a: Clefairy|Heal Bell|p2a: Clefairy
|-activate|p2a: Clefairy|move: Heal Bell
|-curestatus|p2: Marowak|brn|[msg]
|move|p1a: Fluffybun|Heal Bell|p1a: Fluffybun
|-activate|p1a: Fluffybun|move: Heal Bell
|-curestatus|p1a: Fluffybun|par|[msg]
|
|-heal|p1a: Fluffybun|484\/484|[from] item: Leftovers
|upkeep
|turn|18
|choice|move dazzlinggleam|move knockoff
|
|move|p1a: Fluffybun|Dazzling Gleam|p2a: Clefairy
|-crit|p2a: Clefairy
|-damage|p2a: Clefairy|188\/344
|move|p2a: Clefairy|Knock Off|p1a: Fluffybun
|-resisted|p1a: Fluffybun
|-damage|p1a: Fluffybun|447\/484
|-enditem|p1a: Fluffybun|Leftovers|[from] move: Knock Off|[of] p2a: Clefairy
|
|upkeep
|turn|19
|choice|move dazzlinggleam|move softboiled
|
|move|p1a: Fluffybun|Dazzling Gleam|p2a: Clefairy
|-damage|p2a: Clefairy|92\/344
|move|p2a: Clefairy|Soft-Boiled|p2a: Clefairy
|-heal|p2a: Clefairy|264\/344
|
|upkeep
|turn|20
|choice|move wish|move softboiled
|
|move|p1a: Fluffybun|Wish|p1a: Fluffybun
|move|p2a: Clefairy|Soft-Boiled|p2a: Clefairy
|-heal|p2a: Clefairy|344\/344
|
|upkeep
|turn|21
|choice|switch 2|move moonblast
|
|switch|p1a: Shinigami|Dusclops, M|130\/284
|-activate|p1a: Shinigami|move: Sticky Web
|-unboost|p1a: Shinigami|spe|1
|-damage|p1a: Shinigami|95\/284|[from] Stealth Rock
|-ability|p1a: Shinigami|Pressure
|move|p2a: Clefairy|Moonblast|p1a: Shinigami
|-damage|p1a: Shinigami|35\/284
|
|-heal|p1a: Shinigami|277\/284|[from] move: Wish|[wisher] Fluffybun
|upkeep
|turn|22
|choice|move nightshade|move moonblast
|
|move|p2a: Clefairy|Moonblast|p1a: Shinigami
|-damage|p1a: Shinigami|219\/284
|move|p1a: Shinigami|Night Shade|p2a: Clefairy
|-damage|p2a: Clefairy|244\/344
|
|upkeep
|turn|23
|choice|switch 3|move moonblast
|
|switch|p1a: Shadow the lion|Luxray, M, shiny|301\/301
|-activate|p1a: Shadow the lion|move: Sticky Web
|-unboost|p1a: Shadow the lion|spe|1
|-damage|p1a: Shadow the lion|264\/301|[from] Stealth Rock
|move|p2a: Clefairy|Moonblast|p1a: Shadow the lion
|-damage|p1a: Shadow the lion|182\/301
|-unboost|p1a: Shadow the lion|spa|1
|
|-status|p1a: Shadow the lion|tox|[from] item: Toxic Orb
|upkeep
|turn|24
|choice|move wildcharge|switch 3
|
|switch|p2a: Avalugg|Avalugg, F|394\/394
|-activate|p2a: Avalugg|move: Sticky Web
|-unboost|p2a: Avalugg|spe|1
|move|p1a: Shadow the lion|Wild Charge|p2a: Avalugg
|-damage|p2a: Avalugg|289\/394
|-damage|p1a: Shadow the lion|132\/301 tox|[from] item: Rocky Helmet|[of] p2a: Avalugg
|-damage|p1a: Shadow the lion|106\/301 tox|[from] recoil|[of] p2a: Avalugg
|
|-damage|p1a: Shadow the lion|88\/301 tox|[from] psn
|upkeep
|turn|25
|choice|move superpower|move recover
|
|move|p1a: Shadow the lion|Superpower|p2a: Avalugg
|-supereffective|p2a: Avalugg
|-damage|p2a: Avalugg|93\/394
|-damage|p1a: Shadow the lion|38\/301 tox|[from] item: Rocky Helmet|[of] p2a: Avalugg
|-unboost|p1a: Shadow the lion|atk|1
|-unboost|p1a: Shadow the lion|def|1
|move|p2a: Avalugg|Recover|p2a: Avalugg
|-heal|p2a: Avalugg|290\/394
|
|-damage|p1a: Shadow the lion|2\/301 tox|[from] psn
|upkeep
|turn|26
|choice|move superpower|move rapidspin
|
|move|p1a: Shadow the lion|Superpower|p2a: Avalugg
|-supereffective|p2a: Avalugg
|-damage|p2a: Avalugg|154\/394
|-damage|p1a: Shadow the lion|0 fnt|[from] item: Rocky Helmet|[of] p2a: Avalugg
|faint|p1a: Shadow the lion
|move|p2a: Avalugg|Rapid Spin|p1: Shadow the lion|[notarget]
|-notarget
|
|upkeep
|choice|switch 2|
|
|switch|p1a: Fluffybun|Wigglytuff, F|447\/484
|-activate|p1a: Fluffybun|move: Sticky Web
|-unboost|p1a: Fluffybun|spe|1
|-ability|p1a: Fluffybun|Competitive|boost
|-boost|p1a: Fluffybun|spa|2
|-damage|p1a: Fluffybun|387\/484|[from] Stealth Rock
|turn|27
|choice|move dazzlinggleam|switch 3
|
|switch|p2a: Clefairy|Clefairy, M|244\/344
|-activate|p2a: Clefairy|move: Sticky Web
|-unboost|p2a: Clefairy|spe|1
|move|p1a: Fluffybun|Dazzling Gleam|p2a: Clefairy
|-crit|p2a: Clefairy
|-damage|p2a: Clefairy|96\/344
|
|upkeep
|turn|28
|choice|move dazzlinggleam|move softboiled
|
|move|p1a: Fluffybun|Dazzling Gleam|p2a: Clefairy
|-damage|p2a: Clefairy|0 fnt
|faint|p2a: Clefairy
|
|upkeep
|choice||switch 2
|
|switch|p2a: Marowak|Marowak, F|1\/261
|-activate|p2a: Marowak|move: Sticky Web
|-unboost|p2a: Marowak|spe|1
|turn|29
|choice|move dazzlinggleam|move bonemerang
|
|move|p2a: Marowak|Bonemerang|p1a: Fluffybun
|-damage|p1a: Fluffybun|104\/484
|-damage|p1a: Fluffybun|0 fnt
|-hitcount|p1a: Fluffybun|2
|faint|p1a: Fluffybun
|
|upkeep
|choice|switch 5|
|
|switch|p1a: Reggie On Ice|Regice|311\/311
|-damage|p1a: Reggie On Ice|234\/311|[from] Stealth Rock
|-activate|p1a: Reggie On Ice|move: Sticky Web
|-fail|p1a: Reggie On Ice|unboost|[from] ability: Clear Body|[of] p1a: Reggie On Ice
|turn|30
|choice|move icebeam|switch 4
|
|switch|p2a: Come on Fire|Politoed, M|384\/384
|-activate|p2a: Come on Fire|move: Sticky Web
|-unboost|p2a: Come on Fire|spe|1
|move|p1a: Reggie On Ice|Ice Beam|p2a: Come on Fire
|-resisted|p2a: Come on Fire
|-damage|p2a: Come on Fire|314\/384
|
|-heal|p2a: Come on Fire|338\/384|[from] item: Leftovers
|upkeep
|turn|31
|choice|move thunderbolt|move encore
|
|move|p1a: Reggie On Ice|Thunderbolt|p2a: Come on Fire
|-supereffective|p2a: Come on Fire
|-damage|p2a: Come on Fire|132\/384
|-status|p2a: Come on Fire|par
|move|p2a: Come on Fire|Encore|p1a: Reggie On Ice
|-start|p1a: Reggie On Ice|Encore
|
|-heal|p2a: Come on Fire|156\/384 par|[from] item: Leftovers
|upkeep
|turn|32
|choice|switch 3|switch 4
|
|switch|p1a: Shinigami|Dusclops, M|219\/284
|-activate|p1a: Shinigami|move: Sticky Web
|-unboost|p1a: Shinigami|spe|1
|-damage|p1a: Shinigami|184\/284|[from] Stealth Rock
|-ability|p1a: Shinigami|Pressure
|switch|p2a: Marowak|Marowak, F|1\/261
|-activate|p2a: Marowak|move: Sticky Web
|-unboost|p2a: Marowak|spe|1
|
|upkeep
|turn|33
|choice|move nightshade|move bonemerang
|
|move|p2a: Marowak|Bonemerang|p1a: Shinigami
|-damage|p1a: Shinigami|106\/284
|-damage|p1a: Shinigami|27\/284
|-hitcount|p1a: Shinigami|2
|move|p1a: Shinigami|Night Shade|p2a: Marowak
|-damage|p2a: Marowak|0 fnt
|faint|p2a: Marowak
|
|upkeep
|choice||switch 6
|
|switch|p2a: Raichu|Raichu, F|261\/261
|-activate|p2a: Raichu|move: Sticky Web
|-unboost|p2a: Raichu|spe|1
|turn|34
|choice|move painsplit|move nastyplot
|
|move|p2a: Raichu|Nasty Plot|p2a: Raichu
|-boost|p2a: Raichu|spa|2
|move|p1a: Shinigami|Pain Split|p2a: Raichu
|-sethp|p2a: Raichu|144\/261|p1a: Shinigami|144\/284|[from] move: Pain Split
|
|upkeep
|turn|35
|choice|move haze|move thunderbolt
|
|move|p2a: Raichu|Thunderbolt|p1a: Shinigami
|-damage|p1a: Shinigami|0 fnt
|-damage|p2a: Raichu|118\/261|[from] item: Life Orb
|faint|p1a: Shinigami
|
|upkeep
|choice|switch 3|
|
|switch|p1a: Reggie On Ice|Regice|234\/311
|-damage|p1a: Reggie On Ice|157\/311|[from] Stealth Rock
|-activate|p1a: Reggie On Ice|move: Sticky Web
|-fail|p1a: Reggie On Ice|unboost|[from] ability: Clear Body|[of] p1a: Reggie On Ice
|turn|36
|choice|move icebeam|move thunderbolt
|
|move|p2a: Raichu|Thunderbolt|p1a: Reggie On Ice
|-damage|p1a: Reggie On Ice|0 fnt
|-damage|p2a: Raichu|92\/261|[from] item: Life Orb
|faint|p1a: Reggie On Ice
|
|win|lcezasfuck
|raw|The Italian Raichu's rating: 1371 &rarr; <strong>1353<\/strong><br \/>(-18 for losing)
|raw|lcezasfuck's rating: 1402 &rarr; <strong>1421<\/strong><br \/>(+19 for winning)</script>
</div>
<div class="battle-log battle-log-inline"><div class="inner"><div class="battle-options"></div><div class="inner"><div class="chat"><small>The Italian Raichu joined.</small></div><div class="chat"><small>lcezasfuck joined.</small></div><div class=""><small>Format:</small> <br><strong>PU</strong></div><div class="rated"><strong>Rated battle</strong></div><div class=""><small><em>Sleep Clause Mod:</em> Limit one foe put to sleep</small></div><div class=""><small><em>Species Clause:</em> Limit one of each Pokémon</small></div><div class=""><small><em>OHKO Clause:</em> OHKO moves are banned</small></div><div class=""><small><em>Moody Clause:</em> Moody is banned</small></div><div class=""><small><em>Evasion Moves Clause:</em> Evasion moves are banned</small></div><div class=""><small><em>Endless Battle Clause:</em> Forcing endless battles is banned</small></div><div class=""><small><em>HP Percentage Mod:</em> HP is shown in percentages</small></div><div class=""><small><em>Swagger Clause:</em> Swagger is banned</small></div><div class=""><small><em>Baton Pass Clause:</em> Limit one Baton Passer, can't pass Spe and other stats simultaneously</small></div><div class="chat battle-history"><strong>The Italian Raichu's team:</strong> <em style="color:#445566;display:block;">Wigglytuff / Leavanny / Luxray / Gigalith / Regice / Dusclops</em></div><div class="chat battle-history"><strong>lcezasfuck's team:</strong> <em style="color:#445566;display:block;">Natu / Clefairy / Avalugg / Politoed / Marowak / Raichu</em></div><div class="spacer battle-history"><br></div><div class="battle-history">Battle started between The Italian Raichu and lcezasfuck!<br></div><div class="spacer battle-history"><br></div><div class="battle-history">Go! Mother (<strong>Leavanny</strong>)!<br></div><div class="spacer battle-history"><br></div><div class="battle-history">lcezasfuck sent out <strong>Avalugg</strong>!<br></div><div class="spacer battle-history"><br></div><h2 class="battle-history">Turn 1</h2><div class="spacer battle-history"><br></div><div class="battle-history">lcezasfuck withdrew Avalugg!<br></div><div class="battle-history">lcezasfuck sent out <strong>Natu</strong>!<br></div><div class="spacer battle-history"><br></div><div class="battle-history">Mother used <strong>Sticky Web</strong>!<br></div><div class="spacer battle-history"><br></div><div class="battle-history"><small>[The opposing Natu's Magic Bounce]</small><br>The opposing Natu bounced the Sticky Web back!<br></div><div class="battle-history"><small>A sticky web spreads out on the ground around your team!</small><br></div><div class="spacer battle-history"><br></div><h2 class="battle-history">Turn 2</h2><div class="spacer battle-history"><br></div><div class="battle-history">Mother used <strong>Knock Off</strong>!<br></div><div class="battle-history"><small>It's super effective!</small><br></div><div class="battle-history"><small>(The opposing Natu lost <abbr title="−138/283">48.8%</abbr> of its health!)</small><br></div><div class="battle-history"><small>Mother knocked off the opposing Natu's Eviolite!</small><br></div><div class="spacer battle-history"><br></div><div class="battle-history">The opposing Natu used <strong>Thunder Wave</strong>!<br></div><div class="battle-history"><small>Mother is paralyzed! It may be unable to move!</small><br></div><div class="spacer battle-history"><br></div><h2 class="battle-history">Turn 3</h2><div class="spacer battle-history"><br></div><div class="battle-history">The opposing Natu used <strong>Roost</strong>!<br></div><div class="battle-history"><small>The opposing Natu restored its HP.</small><br></div><div class="spacer battle-history"><br></div><div class="battle-history">Mother used <strong>Knock Off</strong>!<br></div><div class="battle-history"><small>It's super effective!</small><br></div><div class="battle-history"><small>(The opposing Natu lost <abbr title="−140/283">49.5%</abbr> of its health!)</small><br></div><div class="spacer battle-history"><br></div><h2 class="battle-history">Turn 4</h2><div class="spacer battle-history"><br></div><div class="battle-history">Mother, come back!<br></div><div class="battle-history">Go! Crusher (<strong>Gigalith</strong>)!<br></div><div class="battle-history"><small>Crusher floats in the air with its Air Balloon!</small><br></div><div class="spacer battle-history"><br></div><div class="battle-history">The opposing Natu used <strong>Roost</strong>!<br></div><div class="battle-history"><small>The opposing Natu restored its HP.</small><br></div><div class="spacer battle-history"><br></div><h2 class="battle-history">Turn 5</h2><div class="spacer battle-history"><br></div><div class="battle-history">The opposing Natu used <strong>U-turn</strong>!<br></div><div class="battle-history"><small>(Crusher lost <abbr title="−24/374">6.4%</abbr> of its health!)</small><br></div><div class="battle-history"><small>Crusher's Air Balloon popped!</small><br></div><div class="spacer battle-history"><br></div><div class="battle-history">The opposing Natu went back to lcezasfuck!<br></div><div class="battle-history">lcezasfuck sent out <strong>Marowak</strong>!<br></div><div class="spacer battle-history"><br></div><div class="battle-history">Crusher used <strong>Stone Edge</strong>!<br></div><div class="battle-history"><small>It's not very effective...</small><br></div><div class="battle-history"><small>(The opposing Marowak lost <abbr title="−96/261">36.8%</abbr> of its health!)</small><br></div><div class="spacer battle-history"><br></div><h2 class="battle-history">Turn 6</h2><div class="spacer battle-history"><br></div><div class="battle-history">The opposing Marowak used <strong>Bonemerang</strong>!<br></div><div class="battle-history"><small>It's super effective!</small><br></div><div class="battle-history"><small>(Crusher lost <abbr title="−236/374">63.1%</abbr> of its health!)</small><br></div><div class="battle-history"><small>It's super effective!</small><br></div><div class="battle-history"><small>(Crusher lost <abbr title="−114/374">30.5%</abbr> of its health!)</small><br></div><div class="battle-history"><small>Hit 2 times!</small><br></div><div class="spacer battle-history"><br></div><div class="battle-history">Crusher fainted!<br></div><div class="spacer battle-history"><br></div><div class="battle-history">Go! Mother (<strong>Leavanny</strong>)!<br></div><div class="battle-history"><small>Mother was caught in a sticky web!</small><br></div><div class="battle-history"><small>Mother's Speed fell!</small><br></div><div class="spacer battle-history"><br></div><h2 class="battle-history">Turn 7</h2><div class="spacer battle-history"><br></div><div class="battle-history">lcezasfuck withdrew Marowak!<br></div><div class="battle-history">lcezasfuck sent out <strong>Natu</strong>!<br></div><div class="spacer battle-history"><br></div><div class="battle-history">Mother is paralyzed! It can't move!<br></div><div class="spacer battle-history"><br></div><h2 class="battle-history">Turn 8</h2><div class="spacer battle-history"><br></div><div class="battle-history">The opposing Natu used <strong>Psychic</strong>!<br></div><div class="battle-history"><small>(Mother lost <abbr title="−90/291">30.9%</abbr> of its health!)</small><br></div><div class="spacer battle-history"><br></div><div class="battle-history">Mother used <strong>Knock Off</strong>!<br></div><div class="battle-history"><small>It's super effective!</small><br></div><div class="battle-history"><small>(The opposing Natu lost <abbr title="−146/283">51.6%</abbr> of its health!)</small><br></div><div class="spacer battle-history"><br></div><h2 class="battle-history">Turn 9</h2><div class="spacer battle-history"><br></div><div class="battle-history">Mother, come back!<br></div><div class="battle-history">Go! Fluffybun (<strong>Wigglytuff</strong>)!<br></div><div class="battle-history"><small>Fluffybun was caught in a sticky web!</small><br></div><div class="battle-history"><small>Fluffybun's Speed fell!</small><br></div><div class="battle-history"><small>[Fluffybun's Competitive]</small><br></div><div class="battle-history"><small>Fluffybun's Special Attack rose sharply!</small><br></div><div class="spacer battle-history"><br></div><div class="battle-history">The opposing Natu used <strong>Roost</strong>!<br></div><div class="battle-history"><small>The opposing Natu restored its HP.</small><br></div><div class="spacer battle-history"><br></div><h2 class="battle-history">Turn 10</h2><div class="spacer battle-history"><br></div><div class="battle-history">The opposing Natu used <strong>Thunder Wave</strong>!<br></div><div class="battle-history"><small>Fluffybun is paralyzed! It may be unable to move!</small><br></div><div class="spacer battle-history"><br></div><div class="battle-history">Fluffybun used <strong>Heal Bell</strong>!<br></div><div class="battle-history"><small>A bell chimed!</small><br></div><div class="battle-history"><small>Fluffybun was cured of paralysis.</small><br></div><div class="battle-history"><small>Mother was cured of paralysis.</small><br></div><div class="spacer battle-history"><br></div><h2 class="battle-history">Turn 11</h2><div class="spacer battle-history"><br></div><div class="battle-history">The opposing Natu used <strong>Thunder Wave</strong>!<br></div><div class="battle-history"><small>Fluffybun is paralyzed! It may be unable to move!</small><br></div><div class="spacer battle-history"><br></div><div class="battle-history">Fluffybun used <strong>Dazzling Gleam</strong>!<br></div><div class="battle-history"><small>(The opposing Natu lost <abbr title="−279/283">98.6%</abbr> of its health!)</small><br></div><div class="spacer battle-history"><br></div><div class="battle-history">The opposing Natu fainted!<br></div><div class="spacer battle-history"><br></div><div class="battle-history">lcezasfuck sent out <strong>Marowak</strong>!<br></div><div class="spacer battle-history"><br></div><h2 class="battle-history">Turn 12</h2><div class="spacer battle-history"><br></div><div class="battle-history">Fluffybun, come back!<br></div><div class="battle-history">Go! Mother (<strong>Leavanny</strong>)!<br></div><div class="battle-history"><small>Mother was caught in a sticky web!</small><br></div><div class="battle-history"><small>Mother's Speed fell!</small><br></div><div class="spacer battle-history"><br></div><div class="battle-history">The opposing Marowak used <strong>Bonemerang</strong>!<br></div><div class="battle-history"><small>It's not very effective...</small><br></div><div class="battle-history"><small>(Mother lost <abbr title="−39/291">13.4%</abbr> of its health!)</small><br></div><div class="battle-history"><small>It's not very effective...</small><br></div><div class="battle-history"><small>(Mother lost <abbr title="−40/291">13.7%</abbr> of its health!)</small><br></div><div class="battle-history"><small>Hit 2 times!</small><br></div><div class="spacer battle-history"><br></div><h2 class="battle-history">Turn 13</h2><div class="spacer battle-history"><br></div><div class="battle-history">Mother used <strong>Sticky Web</strong>!<br></div><div class="battle-history"><small>A sticky web spreads out on the ground around the opposing team!</small><br></div><div class="spacer battle-history"><br></div><div class="battle-history">The opposing Marowak used <strong>Knock Off</strong>!<br></div><div class="battle-history"><small>(Mother lost <abbr title="−122/291">41.9%</abbr> of its health!)</small><br></div><div class="battle-history"><small>The opposing Marowak knocked off Mother's Focus Sash!</small><br></div><div class="spacer battle-history"><br></div><div class="battle-history">Mother fainted!<br></div><div class="spacer battle-history"><br></div><div class="battle-history">Go! Shinigami (<strong>Dusclops</strong>)!<br></div><div class="battle-history"><small>Shinigami was caught in a sticky web!</small><br></div><div class="battle-history"><small>Shinigami's Speed fell!</small><br></div><div class="battle-history"><small>[Shinigami's Pressure]</small><br><small>Shinigami is exerting its pressure!</small><br></div><div class="spacer battle-history"><br></div><h2 class="battle-history">Turn 14</h2><div class="spacer battle-history"><br></div><div class="battle-history">The opposing Marowak used <strong>Knock Off</strong>!<br></div><div class="battle-history"><small>It's super effective!</small><br></div><div class="battle-history"><small>(Shinigami lost <abbr title="−154/284">54.2%</abbr> of its health!)</small><br></div><div class="battle-history"><small>The opposing Marowak knocked off Shinigami's Eviolite!</small><br></div><div class="spacer battle-history"><br></div><div class="battle-history">Shinigami used <strong>Will-O-Wisp</strong>!<br></div><div class="battle-history"><small>The opposing Marowak was burned!</small><br></div><div class="spacer battle-history"><br></div><div class="battle-history"><small>The opposing Marowak was hurt by its burn!</small><br></div><div class="spacer battle-history"><br></div><h2 class="battle-history">Turn 15</h2><div class="spacer battle-history"><br></div><div class="battle-history">The opposing Marowak used <strong>Stealth Rock</strong>!<br></div><div class="battle-history"><small>Pointed stones float in the air around your team!</small><br></div><div class="spacer battle-history"><br></div><div class="battle-history">Shinigami used <strong>Night Shade</strong>!<br></div><div class="battle-history"><small>(The opposing Marowak lost <abbr title="−100/261">38.3%</abbr> of its health!)</small><br></div><div class="spacer battle-history"><br></div><div class="battle-history"><small>The opposing Marowak was hurt by its burn!</small><br></div><div class="spacer battle-history"><br></div><h2 class="battle-history">Turn 16</h2><div class="spacer battle-history"><br></div><div class="battle-history">lcezasfuck withdrew Marowak!<br></div><div class="battle-history">lcezasfuck sent out <strong>Clefairy</strong>!<br></div><div class="battle-history"><small>The opposing Clefairy was caught in a sticky web!</small><br></div><div class="battle-history"><small>The opposing Clefairy's Speed fell!</small><br></div><div class="spacer battle-history"><br></div><div class="battle-history">Shinigami, come back!<br></div><div class="battle-history">Go! Fluffybun (<strong>Wigglytuff</strong>)!<br></div><div class="battle-history"><small>Pointed stones dug into Fluffybun!</small><br></div><div class="battle-history"><small>Fluffybun was caught in a sticky web!</small><br></div><div class="battle-history"><small>Fluffybun's Speed fell!</small><br></div><div class="battle-history"><small>[Fluffybun's Competitive]</small><br></div><div class="battle-history"><small>Fluffybun's Special Attack rose sharply!</small><br></div><div class="spacer battle-history"><br></div><div class="battle-history"><small>Fluffybun restored a little HP using its Leftovers!</small><br></div><div class="spacer battle-history"><br></div><h2 class="battle-history">Turn 17</h2><div class="spacer battle-history"><br></div><div class="battle-history">The opposing Clefairy used <strong>Heal Bell</strong>!<br></div><div class="battle-history"><small>A bell chimed!</small><br></div><div class="battle-history"><small>The opposing Marowak's burn was healed.</small><br></div><div class="spacer battle-history"><br></div><div class="battle-history">Fluffybun used <strong>Heal Bell</strong>!<br></div><div class="battle-history"><small>A bell chimed!</small><br></div><div class="battle-history"><small>Fluffybun was cured of paralysis.</small><br></div><div class="spacer battle-history"><br></div><div class="battle-history"><small>Fluffybun restored a little HP using its Leftovers!</small><br></div><div class="spacer battle-history"><br></div><h2 class="battle-history">Turn 18</h2><div class="spacer battle-history"><br></div><div class="battle-history">Fluffybun used <strong>Dazzling Gleam</strong>!<br></div><div class="battle-history"><small>A critical hit!</small><br></div><div class="battle-history"><small>(The opposing Clefairy lost <abbr title="−156/344">45.3%</abbr> of its health!)</small><br></div><div class="spacer battle-history"><br></div><div class="battle-history">The opposing Clefairy used <strong>Knock Off</strong>!<br></div><div class="battle-history"><small>It's not very effective...</small><br></div><div class="battle-history"><small>(Fluffybun lost <abbr title="−37/484">7.6%</abbr> of its health!)</small><br></div><div class="battle-history"><small>The opposing Clefairy knocked off Fluffybun's Leftovers!</small><br></div><div class="spacer battle-history"><br></div><h2 class="battle-history">Turn 19</h2><div class="spacer battle-history"><br></div><div class="battle-history">Fluffybun used <strong>Dazzling Gleam</strong>!<br></div><div class="battle-history"><small>(The opposing Clefairy lost <abbr title="−96/344">27.9%</abbr> of its health!)</small><br></div><div class="spacer battle-history"><br></div><div class="battle-history">The opposing Clefairy used <strong>Soft-Boiled</strong>!<br></div><div class="battle-history"><small>The opposing Clefairy restored its HP.</small><br></div><div class="spacer battle-history"><br></div><h2 class="battle-history">Turn 20</h2><div class="spacer battle-history"><br></div><div class="battle-history">Fluffybun used <strong>Wish</strong>!<br></div><div class="spacer battle-history"><br></div><div class="battle-history">The opposing Clefairy used <strong>Soft-Boiled</strong>!<br></div><div class="battle-history"><small>The opposing Clefairy restored its HP.</small><br></div><div class="spacer battle-history"><br></div><h2 class="battle-history">Turn 21</h2><div class="spacer battle-history"><br></div><div class="battle-history">Fluffybun, come back!<br></div><div class="battle-history">Go! Shinigami (<strong>Dusclops</strong>)!<br></div><div class="battle-history"><small>Shinigami was caught in a sticky web!</small><br></div><div class="battle-history"><small>Shinigami's Speed fell!</small><br></div><div class="battle-history"><small>Pointed stones dug into Shinigami!</small><br></div><div class="battle-history"><small>[Shinigami's Pressure]</small><br><small>Shinigami is exerting its pressure!</small><br></div><div class="spacer battle-history"><br></div><div class="battle-history">The opposing Clefairy used <strong>Moonblast</strong>!<br></div><div class="battle-history"><small>(Shinigami lost <abbr title="−60/284">21.1%</abbr> of its health!)</small><br></div><div class="spacer battle-history"><br></div><div class="battle-history"><small>Fluffybun's wish came true!</small><br></div><div class="spacer battle-history"><br></div><h2 class="battle-history">Turn 22</h2><div class="spacer battle-history"><br></div><div class="battle-history">The opposing Clefairy used <strong>Moonblast</strong>!<br></div><div class="battle-history"><small>(Shinigami lost <abbr title="−58/284">20.4%</abbr> of its health!)</small><br></div><div class="spacer battle-history"><br></div><div class="battle-history">Shinigami used <strong>Night Shade</strong>!<br></div><div class="battle-history"><small>(The opposing Clefairy lost <abbr title="−100/344">29.1%</abbr> of its health!)</small><br></div><div class="spacer battle-history"><br></div><h2 class="battle-history">Turn 23</h2><div class="spacer battle-history"><br></div><div class="battle-history">Shinigami, come back!<br></div><div class="battle-history">Go! Shadow the lion (<strong>Luxray</strong>)!<br></div><div class="battle-history"><small>Shadow the lion was caught in a sticky web!</small><br></div><div class="battle-history"><small>Shadow the lion's Speed fell!</small><br></div><div class="battle-history"><small>Pointed stones dug into Shadow the lion!</small><br></div><div class="spacer battle-history"><br></div><div class="battle-history">The opposing Clefairy used <strong>Moonblast</strong>!<br></div><div class="battle-history"><small>(Shadow the lion lost <abbr title="−82/301">27.2%</abbr> of its health!)</small><br></div><div class="battle-history"><small>Shadow the lion's Special Attack fell!</small><br></div><div class="spacer battle-history"><br></div><div class="battle-history"><small>Shadow the lion was badly poisoned!</small><br></div><div class="spacer battle-history"><br></div><h2 class="battle-history">Turn 24</h2><div class="spacer battle-history"><br></div><div class="battle-history">lcezasfuck withdrew Clefairy!<br></div><div class="battle-history">lcezasfuck sent out <strong>Avalugg</strong>!<br></div><div class="battle-history"><small>The opposing Avalugg was caught in a sticky web!</small><br></div><div class="battle-history"><small>The opposing Avalugg's Speed fell!</small><br></div><div class="spacer battle-history"><br></div><div class="battle-history">Shadow the lion used <strong>Wild Charge</strong>!<br></div><div class="battle-history"><small>(The opposing Avalugg lost <abbr title="−105/394">26.6%</abbr> of its health!)</small><br></div><div class="battle-history"><small>Shadow the lion was hurt by the Rocky Helmet!</small><br></div><div class="battle-history"><small>Shadow the lion is damaged by the recoil!</small><br></div><div class="spacer battle-history"><br></div><div class="battle-history"><small>Shadow the lion was hurt by poison!</small><br></div><div class="spacer battle-history"><br></div><h2 class="battle-history">Turn 25</h2><div class="spacer battle-history"><br></div><div class="battle-history">Shadow the lion used <strong>Superpower</strong>!<br></div><div class="battle-history"><small>It's super effective!</small><br></div><div class="battle-history"><small>(The opposing Avalugg lost <abbr title="−196/394">49.7%</abbr> of its health!)</small><br></div><div class="battle-history"><small>Shadow the lion was hurt by the Rocky Helmet!</small><br></div><div class="battle-history"><small>Shadow the lion's Attack fell!</small><br></div><div class="battle-history"><small>Shadow the lion's Defense fell!</small><br></div><div class="spacer battle-history"><br></div><div class="battle-history">The opposing Avalugg used <strong>Recover</strong>!<br></div><div class="battle-history"><small>The opposing Avalugg restored its HP.</small><br></div><div class="spacer battle-history"><br></div><div class="battle-history"><small>Shadow the lion was hurt by poison!</small><br></div><div class="spacer battle-history"><br></div><h2 class="battle-history">Turn 26</h2><div class="spacer battle-history"><br></div><div class="battle-history">Shadow the lion used <strong>Superpower</strong>!<br></div><div class="battle-history"><small>It's super effective!</small><br></div><div class="battle-history"><small>(The opposing Avalugg lost <abbr title="−136/394">34.5%</abbr> of its health!)</small><br></div><div class="battle-history"><small>Shadow the lion was hurt by the Rocky Helmet!</small><br></div><div class="spacer battle-history"><br></div><div class="battle-history">Shadow the lion fainted!<br></div><div class="battle-history">The opposing Avalugg used <strong>Rapid Spin</strong>!<br></div><div class="battle-history"><small>But there was no target...</small><br></div><div class="spacer battle-history"><br></div><div class="battle-history">Go! Fluffybun (<strong>Wigglytuff</strong>)!<br></div><div class="battle-history"><small>Fluffybun was caught in a sticky web!</small><br></div><div class="battle-history"><small>Fluffybun's Speed fell!</small><br></div><div class="battle-history"><small>[Fluffybun's Competitive]</small><br></div><div class="battle-history"><small>Fluffybun's Special Attack rose sharply!</small><br></div><div class="battle-history"><small>Pointed stones dug into Fluffybun!</small><br></div><div class="spacer battle-history"><br></div><h2 class="battle-history">Turn 27</h2><div class="spacer battle-history"><br></div><div class="battle-history">lcezasfuck withdrew Avalugg!<br></div><div class="battle-history">lcezasfuck sent out <strong>Clefairy</strong>!<br></div><div class="battle-history"><small>The opposing Clefairy was caught in a sticky web!</small><br></div><div class="battle-history"><small>The opposing Clefairy's Speed fell!</small><br></div><div class="spacer battle-history"><br></div><div class="battle-history">Fluffybun used <strong>Dazzling Gleam</strong>!<br></div><div class="battle-history"><small>A critical hit!</small><br></div><div class="battle-history"><small>(The opposing Clefairy lost <abbr title="−148/344">43.0%</abbr> of its health!)</small><br></div><div class="spacer battle-history"><br></div><h2 class="battle-history">Turn 28</h2><div class="spacer battle-history"><br></div><div class="battle-history">Fluffybun used <strong>Dazzling Gleam</strong>!<br></div><div class="battle-history"><small>(The opposing Clefairy lost <abbr title="−96/344">27.9%</abbr> of its health!)</small><br></div><div class="spacer battle-history"><br></div><div class="battle-history">The opposing Clefairy fainted!<br></div><div class="spacer battle-history"><br></div><div class="battle-history">lcezasfuck sent out <strong>Marowak</strong>!<br></div><div class="battle-history"><small>The opposing Marowak was caught in a sticky web!</small><br></div><div class="battle-history"><small>The opposing Marowak's Speed fell!</small><br></div><div class="spacer battle-history"><br></div><h2 class="battle-history">Turn 29</h2><div class="spacer battle-history"><br></div><div class="battle-history">The opposing Marowak used <strong>Bonemerang</strong>!<br></div><div class="battle-history"><small>(Fluffybun lost <abbr title="−283/484">58.5%</abbr> of its health!)</small><br></div><div class="battle-history"><small>(Fluffybun lost <abbr title="−104/484">21.5%</abbr> of its health!)</small><br></div><div class="battle-history"><small>Hit 2 times!</small><br></div><div class="spacer battle-history"><br></div><div class="battle-history">Fluffybun fainted!<br></div><div class="spacer battle-history"><br></div><div class="battle-history">Go! Reggie On Ice (<strong>Regice</strong>)!<br></div><div class="battle-history"><small>Pointed stones dug into Reggie On Ice!</small><br></div><div class="battle-history"><small>Reggie On Ice was caught in a sticky web!</small><br></div><div class="battle-history"><small>[Reggie On Ice's Clear Body]</small><br><small>Reggie On Ice's stats were not lowered!</small><br></div><div class="spacer battle-history"><br></div><h2 class="battle-history">Turn 30</h2><div class="spacer battle-history"><br></div><div class="battle-history">lcezasfuck withdrew Marowak!<br></div><div class="battle-history">lcezasfuck sent out Come on Fire (<strong>Politoed</strong>)!<br></div><div class="battle-history"><small>The opposing Come on Fire was caught in a sticky web!</small><br></div><div class="battle-history"><small>The opposing Come on Fire's Speed fell!</small><br></div><div class="spacer battle-history"><br></div><div class="battle-history">Reggie On Ice used <strong>Ice Beam</strong>!<br></div><div class="battle-history"><small>It's not very effective...</small><br></div><div class="battle-history"><small>(The opposing Come on Fire lost <abbr title="−70/384">18.2%</abbr> of its health!)</small><br></div><div class="spacer battle-history"><br></div><div class="battle-history"><small>The opposing Come on Fire restored a little HP using its Leftovers!</small><br></div><div class="spacer battle-history"><br></div><h2 class="battle-history">Turn 31</h2><div class="spacer battle-history"><br></div><div class="battle-history">Reggie On Ice used <strong>Thunderbolt</strong>!<br></div><div class="battle-history"><small>It's super effective!</small><br></div><div class="battle-history"><small>(The opposing Come on Fire lost <abbr title="−206/384">53.6%</abbr> of its health!)</small><br></div><div class="battle-history"><small>The opposing Come on Fire is paralyzed! It may be unable to move!</small><br></div><div class="spacer battle-history"><br></div><div class="battle-history">The opposing Come on Fire used <strong>Encore</strong>!<br></div><div class="battle-history"><small>Reggie On Ice received an encore!</small><br></div><div class="spacer battle-history"><br></div><div class="battle-history"><small>The opposing Come on Fire restored a little HP using its Leftovers!</small><br></div><div class="spacer battle-history"><br></div><h2 class="battle-history">Turn 32</h2><div class="spacer battle-history"><br></div><div class="battle-history">Reggie On Ice, come back!<br></div><div class="battle-history">Go! Shinigami (<strong>Dusclops</strong>)!<br></div><div class="battle-history"><small>Shinigami was caught in a sticky web!</small><br></div><div class="battle-history"><small>Shinigami's Speed fell!</small><br></div><div class="battle-history"><small>Pointed stones dug into Shinigami!</small><br></div><div class="battle-history"><small>[Shinigami's Pressure]</small><br><small>Shinigami is exerting its pressure!</small><br></div><div class="spacer battle-history"><br></div><div class="battle-history">lcezasfuck withdrew Come on Fire!<br></div><div class="battle-history">lcezasfuck sent out <strong>Marowak</strong>!<br></div><div class="battle-history"><small>The opposing Marowak was caught in a sticky web!</small><br></div><div class="battle-history"><small>The opposing Marowak's Speed fell!</small><br></div><div class="spacer battle-history"><br></div><h2 class="battle-history">Turn 33</h2><div class="spacer battle-history"><br></div><div class="battle-history">The opposing Marowak used <strong>Bonemerang</strong>!<br></div><div class="battle-history"><small>(Shinigami lost <abbr title="−78/284">27.5%</abbr> of its health!)</small><br></div><div class="battle-history"><small>(Shinigami lost <abbr title="−79/284">27.8%</abbr> of its health!)</small><br></div><div class="battle-history"><small>Hit 2 times!</small><br></div><div class="spacer battle-history"><br></div><div class="battle-history">Shinigami used <strong>Night Shade</strong>!<br></div><div class="battle-history"><small>(The opposing Marowak lost <abbr title="−1/261">0.4%</abbr> of its health!)</small><br></div><div class="spacer battle-history"><br></div><div class="battle-history">The opposing Marowak fainted!<br></div><div class="spacer battle-history"><br></div><div class="battle-history">lcezasfuck sent out <strong>Raichu</strong>!<br></div><div class="battle-history"><small>The opposing Raichu was caught in a sticky web!</small><br></div><div class="battle-history"><small>The opposing Raichu's Speed fell!</small><br></div><div class="spacer battle-history"><br></div><h2 class="battle-history">Turn 34</h2><div class="spacer battle-history"><br></div><div class="battle-history">The opposing Raichu used <strong>Nasty Plot</strong>!<br></div><div class="battle-history"><small>The opposing Raichu's Special Attack rose sharply!</small><br></div><div class="spacer battle-history"><br></div><div class="battle-history">Shinigami used <strong>Pain Split</strong>!<br></div><div class="battle-history"><small>The battlers shared their pain!</small><br></div><div class="spacer battle-history"><br></div><h2 class="battle-history">Turn 35</h2><div class="spacer battle-history"><br></div><div class="battle-history">The opposing Raichu used <strong>Thunderbolt</strong>!<br></div><div class="battle-history"><small>(Shinigami lost <abbr title="−144/284">50.7%</abbr> of its health!)</small><br></div><div class="battle-history"><small>The opposing Raichu lost some of its HP!</small><br></div><div class="spacer battle-history"><br></div><div class="battle-history">Shinigami fainted!<br></div><div class="spacer battle-history"><br></div><div class="battle-history">Go! Reggie On Ice (<strong>Regice</strong>)!<br></div><div class="battle-history"><small>Pointed stones dug into Reggie On Ice!</small><br></div><div class="battle-history"><small>Reggie On Ice was caught in a sticky web!</small><br></div><div class="battle-history"><small>[Reggie On Ice's Clear Body]</small><br><small>Reggie On Ice's stats were not lowered!</small><br></div><div class="spacer battle-history"><br></div><h2 class="battle-history">Turn 36</h2><div class="spacer battle-history"><br></div><div class="battle-history">The opposing Raichu used <strong>Thunderbolt</strong>!<br></div><div class="battle-history"><small>(Reggie On Ice lost <abbr title="−157/311">50.5%</abbr> of its health!)</small><br></div><div class="battle-history"><small>The opposing Raichu lost some of its HP!</small><br></div><div class="spacer battle-history"><br></div><div class="battle-history">Reggie On Ice fainted!<br></div><div class="spacer battle-history"><br></div><div class="battle-history"><strong>lcezasfuck</strong> won the battle!<br></div><div class="chat">The Italian Raichu's rating: 1371 → <strong>1353</strong><br>(-18 for losing)</div><div class="chat">lcezasfuck's rating: 1402 → <strong>1421</strong><br>(+19 for winning)</div></div><div class="inner-preempt"></div></div></div>
</div>
<script>
let daily = Math.floor(Date.now()/1000/60/60/24);document.write('<script src="https://play.pokemonshowdown.com/js/replay-embed.js?version'+daily+'"></'+'script>');
</script>
