<!DOCTYPE html>
<meta charset="utf-8" />
<!-- version 1 -->
<title>PU replay: Greenheroes vs. TheBlueSkill</title>
<style>
html,body {font-family:Verdana, sans-serif;font-size:10pt;margin:0;padding:0;}body{padding:12px 0;} .battle-log {font-family:Verdana, sans-serif;font-size:10pt;} .battle-log-inline {border:1px solid #AAAAAA;background:#EEF2F5;color:black;max-width:640px;margin:0 auto 80px;padding-bottom:5px;} .battle-log .inner {padding:4px 8px 0px 8px;} .battle-log .inner-preempt {padding:0 8px 4px 8px;} .battle-log .inner-after {margin-top:0.5em;} .battle-log h2 {margin:0.5em -8px;padding:4px 8px;border:1px solid #AAAAAA;background:#E0E7EA;border-left:0;border-right:0;font-family:Verdana, sans-serif;font-size:13pt;} .battle-log .chat {vertical-align:middle;padding:3px 0 3px 0;font-size:8pt;} .battle-log .chat strong {color:#40576A;} .battle-log .chat em {padding:1px 4px 1px 3px;color:#000000;font-style:normal;} .chat.mine {background:rgba(0,0,0,0.05);margin-left:-8px;margin-right:-8px;padding-left:8px;padding-right:8px;} .spoiler {color:#BBBBBB;background:#BBBBBB;padding:0px 3px;} .spoiler:hover, .spoiler:active, .spoiler-shown {color:#000000;background:#E2E2E2;padding:0px 3px;} .spoiler a {color:#BBBBBB;} .spoiler:hover a, .spoiler:active a, .spoiler-shown a {color:#2288CC;} .chat code, .chat .spoiler:hover code, .chat .spoiler:active code, .chat .spoiler-shown code {border:1px solid #C0C0C0;background:#EEEEEE;color:black;padding:0 2px;} .chat .spoiler code {border:1px solid #CCCCCC;background:#CCCCCC;color:#CCCCCC;} .battle-log .rated {padding:3px 4px;} .battle-log .rated strong {color:white;background:#89A;padding:1px 4px;border-radius:4px;} .spacer {margin-top:0.5em;} .message-announce {background:#6688AA;color:white;padding:1px 4px 2px;} .message-announce a, .broadcast-green a, .broadcast-blue a, .broadcast-red a {color:#DDEEFF;} .broadcast-green {background-color:#559955;color:white;padding:2px 4px;} .broadcast-blue {background-color:#6688AA;color:white;padding:2px 4px;} .infobox {border:1px solid #6688AA;padding:2px 4px;} .infobox-limited {max-height:200px;overflow:auto;overflow-x:hidden;} .broadcast-red {background-color:#AA5544;color:white;padding:2px 4px;} .message-learn-canlearn {font-weight:bold;color:#228822;text-decoration:underline;} .message-learn-cannotlearn {font-weight:bold;color:#CC2222;text-decoration:underline;} .message-effect-weak {font-weight:bold;color:#CC2222;} .message-effect-resist {font-weight:bold;color:#6688AA;} .message-effect-immune {font-weight:bold;color:#666666;} .message-learn-list {margin-top:0;margin-bottom:0;} .message-throttle-notice, .message-error {color:#992222;} .message-overflow, .chat small.message-overflow {font-size:0pt;} .message-overflow::before {font-size:9pt;content:'...';} .subtle {color:#3A4A66;}
</style>
<div class="wrapper replay-wrapper" style="max-width:1180px;margin:0 auto">
<input type="hidden" name="replayid" value="pokestrat-pu-1642" />
<div class="battle"></div><div class="battle-log"></div><div class="replay-controls"></div><div class="replay-controls-2"></div>
<h1 style="font-weight:normal;text-align:center"><strong>PU</strong><br /><a href="http://pokemonshowdown.com/users/greenheroes" class="subtle" target="_blank">Greenheroes</a> vs. <a href="http://pokemonshowdown.com/users/theblueskill" class="subtle" target="_blank">TheBlueSkill</a></h1>
<script type="text/plain" class="battle-log-data">|j|Greenheroes
|j|TheBlueSkill
|player|p1|Greenheroes|25
|player|p2|TheBlueSkill|293
|gametype|singles
|gen|6
|tier|PU
|seed|24428,40341,30349,29322
|rule|Sleep Clause Mod: Limit one foe put to sleep
|rule|Species Clause: Limit one of each Pokémon
|rule|OHKO Clause: OHKO moves are banned
|rule|Moody Clause: Moody is banned
|rule|Evasion Moves Clause: Evasion moves are banned
|rule|Endless Battle Clause: Forcing endless battles is banned
|rule|HP Percentage Mod: HP is shown in percentages
|clearpoke
|poke|p1|Flareon, M|item
|poke|p1|Rotom-Frost|item
|poke|p1|Cacturne, M|item
|poke|p1|Mawile, F|item
|poke|p1|Floatzel, F|item
|poke|p1|Audino, M|item
|poke|p2|Wartortle, F|item
|poke|p2|Gourgeist-*, F|item
|poke|p2|Gabite, F|item
|poke|p2|Ninjask, M|item
|poke|p2|Simisear, M|item
|poke|p2|Luxray, F|item
|rule|Swagger Clause: Swagger is banned
|rule|Baton Pass Clause: Limit one Baton Passer, can't pass Spe and other stats simultaneously
|teampreview
|c|☆Greenheroes|bonne chance
|choice|team 4, team 2, team 3, team 1, team 5, team 6|team 5, team 2, team 3, team 4, team 1, team 6
|
|start
|switch|p1a: Mawile|Mawile, F|303\/303
|switch|p2a: fire haxx|Simisear, M|292\/292
|-ability|p1a: Mawile|Intimidate|boost
|-unboost|p2a: fire haxx|atk|1
|turn|1
|choice|switch 4|switch 3
|
|switch|p2a: hello dad|Gabite, F|339\/339
|switch|p1a: Flareon|Flareon, M|334\/334
|
|upkeep
|turn|2
|choice|switch 2|move stealthrock
|
|switch|p1a: Rotom|Rotom-Frost|241\/241
|move|p2a: hello dad|Stealth Rock|p1a: Rotom
|-sidestart|p1: Greenheroes|move: Stealth Rock
|
|upkeep
|turn|3
|choice|move voltswitch|switch 5
|
|switch|p2a: hey im turtle|Wartortle, F|322\/322
|move|p1a: Rotom|Volt Switch|p2a: hey im turtle
|-supereffective|p2a: hey im turtle
|-damage|p2a: hey im turtle|178\/322
|choice|switch 4|
|
|switch|p1a: Mawile|Mawile, F|303\/303
|-damage|p1a: Mawile|285\/303|[from] Stealth Rock
|-ability|p1a: Mawile|Intimidate|boost
|-unboost|p2a: hey im turtle|atk|1
|
|-heal|p1a: Mawile|303\/303|[from] item: Leftovers
|upkeep
|turn|4
|choice|move stealthrock|move protect
|
|move|p2a: hey im turtle|Protect|p2a: hey im turtle
|-singleturn|p2a: hey im turtle|Protect
|move|p1a: Mawile|Stealth Rock|p2a: hey im turtle
|-sidestart|p2: TheBlueSkill|move: Stealth Rock
|
|upkeep
|turn|5
|choice|switch 3|move raindance
|
|switch|p1a: Cacturne|Cacturne, M|343\/343
|-damage|p1a: Cacturne|301\/343|[from] Stealth Rock
|move|p2a: hey im turtle|Rain Dance|p2a: hey im turtle
|-weather|RainDance
|
|-weather|RainDance|[upkeep]
|-heal|p2a: hey im turtle|198\/322|[from] ability: Rain Dish
|upkeep
|turn|6
|choice|move darkpulse|move protect
|
|move|p2a: hey im turtle|Protect|p2a: hey im turtle
|-singleturn|p2a: hey im turtle|Protect
|move|p1a: Cacturne|Dark Pulse|p2a: hey im turtle
|-activate|p2a: hey im turtle|move: Protect
|
|-weather|RainDance|[upkeep]
|-heal|p2a: hey im turtle|218\/322|[from] ability: Rain Dish
|upkeep
|turn|7
|choice|move gigadrain|move rapidspin
|
|move|p2a: hey im turtle|Rapid Spin|p1a: Cacturne
|-damage|p1a: Cacturne|292\/343
|-sideend|p2: TheBlueSkill|Stealth Rock|[from] move: Rapid Spin|[of] p2a: hey im turtle
|move|p1a: Cacturne|Giga Drain|p2a: hey im turtle
|-supereffective|p2a: hey im turtle
|-damage|p2a: hey im turtle|0 fnt
|-heal|p1a: Cacturne|343\/343|[from] drain|[of] p2a: hey im turtle
|-damage|p1a: Cacturne|309\/343|[from] item: Life Orb
|faint|p2a: hey im turtle
|
|-weather|RainDance|[upkeep]
|upkeep
|choice||switch 4
|
|switch|p2a: shinobi|Ninjask, M|263\/263
|turn|8
|choice|switch 3|move uturn
|
|switch|p1a: Mawile|Mawile, F|303\/303
|-damage|p1a: Mawile|285\/303|[from] Stealth Rock
|-ability|p1a: Mawile|Intimidate|boost
|-unboost|p2a: shinobi|atk|1
|move|p2a: shinobi|U-turn|p1a: Mawile
|-resisted|p1a: Mawile
|-damage|p1a: Mawile|264\/303
|choice||switch 5
|
|switch|p2a: hello dad|Gabite, F|339\/339
|
|-weather|RainDance|[upkeep]
|-heal|p1a: Mawile|282\/303|[from] item: Leftovers
|upkeep
|turn|9
|choice|move stealthrock|move toxic
|
|move|p2a: hello dad|Toxic|p1a: Mawile|[miss]
|-miss|p2a: hello dad|p1a: Mawile
|move|p1a: Mawile|Stealth Rock|p2a: hello dad
|-sidestart|p2: TheBlueSkill|move: Stealth Rock
|
|-weather|none
|-heal|p1a: Mawile|300\/303|[from] item: Leftovers
|upkeep
|turn|10
|c|☆Greenheroes|euh type acier mec
|c|☆TheBlueSkill|anticipation
|c|☆Greenheroes|ah
|choice|move playrough|move earthquake
|
|move|p2a: hello dad|Earthquake|p1a: Mawile
|-supereffective|p1a: Mawile
|-damage|p1a: Mawile|112\/303
|move|p1a: Mawile|Play Rough|p2a: hello dad
|-supereffective|p2a: hello dad
|-damage|p2a: hello dad|205\/339
|-damage|p1a: Mawile|75\/303|[from] ability: Rough Skin|[of] p2a: hello dad
|
|-heal|p1a: Mawile|93\/303|[from] item: Leftovers
|upkeep
|turn|11
|choice|switch 4|move toxic
|
|switch|p1a: Rotom|Rotom-Frost|241\/241
|-damage|p1a: Rotom|181\/241|[from] Stealth Rock
|move|p2a: hello dad|Toxic|p1a: Rotom
|-status|p1a: Rotom|tox
|
|-damage|p1a: Rotom|166\/241 tox|[from] psn
|upkeep
|turn|12
|choice|move blizzard|move dragonclaw
|
|move|p1a: Rotom|Blizzard|p2a: hello dad
|-supereffective|p2a: hello dad
|-damage|p2a: hello dad|0 fnt
|faint|p2a: hello dad
|
|-damage|p1a: Rotom|136\/241 tox|[from] psn
|upkeep
|choice||switch 3
|
|switch|p2a: fire haxx|Simisear, M|292\/292
|-damage|p2a: fire haxx|219\/292|[from] Stealth Rock
|turn|13
|choice|switch 2|move focusblast
|
|switch|p1a: Flareon|Flareon, M|334\/334
|-damage|p1a: Flareon|251\/334|[from] Stealth Rock
|move|p2a: fire haxx|Focus Blast|p1a: Flareon|[miss]
|-miss|p2a: fire haxx|p1a: Flareon
|
|upkeep
|turn|14
|choice|move flareblitz|move focusblast
|
|move|p2a: fire haxx|Focus Blast|p1a: Flareon
|-damage|p1a: Flareon|144\/334
|move|p1a: Flareon|Flare Blitz|p2a: fire haxx
|-resisted|p2a: fire haxx
|-damage|p2a: fire haxx|102\/292
|-damage|p1a: Flareon|105\/334|[from] recoil|[of] p2a: fire haxx
|
|upkeep
|turn|15
|choice|move synchronoise|move focusblast
|
|move|p2a: fire haxx|Focus Blast|p1a: Flareon
|-damage|p1a: Flareon|0 fnt
|faint|p1a: Flareon
|
|upkeep
|choice|switch 3|
|
|switch|p1a: Cacturne|Cacturne, M|309\/343
|-damage|p1a: Cacturne|267\/343|[from] Stealth Rock
|turn|16
|choice|move suckerpunch|move focusblast
|
|move|p1a: Cacturne|Sucker Punch|p2a: fire haxx
|-damage|p2a: fire haxx|0 fnt
|-damage|p1a: Cacturne|233\/343|[from] item: Life Orb
|faint|p2a: fire haxx
|
|upkeep
|choice||switch 6
|
|switch|p2a: fuck mother|Luxray, F|364\/364
|-damage|p2a: fuck mother|319\/364|[from] Stealth Rock
|-ability|p2a: fuck mother|Intimidate|boost
|-unboost|p1a: Cacturne|atk|1
|turn|17
|choice|move gigadrain|move superpower
|
|move|p2a: fuck mother|Superpower|p1a: Cacturne
|-supereffective|p1a: Cacturne
|-damage|p1a: Cacturne|0 fnt
|-unboost|p2a: fuck mother|atk|1
|-unboost|p2a: fuck mother|def|1
|faint|p1a: Cacturne
|
|upkeep
|choice|switch 5|
|
|switch|p1a: Floatzel|Floatzel, F|311\/311
|-damage|p1a: Floatzel|273\/311|[from] Stealth Rock
|turn|18
|choice|move icepunch|move superpower
|
|move|p1a: Floatzel|Ice Punch|p2a: fuck mother
|-damage|p2a: fuck mother|94\/364
|move|p2a: fuck mother|Superpower|p1a: Floatzel
|-damage|p1a: Floatzel|111\/311
|-unboost|p2a: fuck mother|atk|1
|-unboost|p2a: fuck mother|def|1
|
|upkeep
|turn|19
|choice|move icepunch|switch 2
|
|switch|p2a: stall mvp|Gourgeist-Super, F|374\/374
|-damage|p2a: stall mvp|328\/374|[from] Stealth Rock
|-item|p1a: Floatzel|Choice Band|[from] ability: Frisk|[of] p2a: stall mvp|[identify]
|move|p1a: Floatzel|Ice Punch|p2a: stall mvp
|-supereffective|p2a: stall mvp
|-damage|p2a: stall mvp|132\/374
|
|-heal|p2a: stall mvp|155\/374|[from] item: Leftovers
|upkeep
|turn|20
|choice|move icepunch|move shadowsneak
|
|move|p2a: stall mvp|Shadow Sneak|p1a: Floatzel
|-damage|p1a: Floatzel|33\/311
|move|p1a: Floatzel|Ice Punch|p2a: stall mvp
|-supereffective|p2a: stall mvp
|-damage|p2a: stall mvp|0 fnt
|faint|p2a: stall mvp
|
|upkeep
|choice||switch 2
|
|switch|p2a: fuck mother|Luxray, F|94\/364
|-damage|p2a: fuck mother|49\/364|[from] Stealth Rock
|-ability|p2a: fuck mother|Intimidate|boost
|-unboost|p1a: Floatzel|atk|1
|turn|21
|choice|switch 4|move wildcharge
|
|switch|p1a: Mawile|Mawile, F|93\/303
|-damage|p1a: Mawile|75\/303|[from] Stealth Rock
|-ability|p1a: Mawile|Intimidate|boost
|-unboost|p2a: fuck mother|atk|1
|move|p2a: fuck mother|Wild Charge|p1a: Mawile
|-damage|p1a: Mawile|0 fnt
|-damage|p2a: fuck mother|30\/364|[from] recoil|[of] p1a: Mawile
|faint|p1a: Mawile
|
|upkeep
|choice|switch 4|
|
|switch|p1a: Floatzel|Floatzel, F|33\/311
|-damage|p1a: Floatzel|0 fnt|[from] Stealth Rock
|faint|p1a: Floatzel
|choice|switch 6|
|
|switch|p1a: Audino|Audino, M|410\/410
|-damage|p1a: Audino|359\/410|[from] Stealth Rock
|turn|22
|choice|move wish|move wildcharge
|
|move|p2a: fuck mother|Wild Charge|p1a: Audino
|-damage|p1a: Audino|227\/410
|-damage|p2a: fuck mother|0 fnt|[from] recoil|[of] p1a: Audino
|faint|p2a: fuck mother
|move|p1a: Audino|Wish|p1a: Audino
|
|-heal|p1a: Audino|252\/410|[from] item: Leftovers
|upkeep
|choice||switch 5
|
|switch|p2a: shinobi|Ninjask, M|263\/263
|-damage|p2a: shinobi|132\/263|[from] Stealth Rock
|turn|23
|choice|move protect|move xscissor
|
|move|p1a: Audino|Protect|p1a: Audino
|-singleturn|p1a: Audino|Protect
|move|p2a: shinobi|X-Scissor|p1a: Audino
|-activate|p1a: Audino|move: Protect
|
|-heal|p1a: Audino|410\/410|[from] move: Wish|[wisher] Audino
|upkeep
|turn|24
|choice|move knockoff|move xscissor
|
|move|p2a: shinobi|X-Scissor|p1a: Audino
|-damage|p1a: Audino|194\/410
|move|p1a: Audino|Knock Off|p2a: shinobi
|-damage|p2a: shinobi|34\/263
|-enditem|p2a: shinobi|Choice Band|[from] move: Knock Off|[of] p1a: Audino
|
|-heal|p1a: Audino|219\/410|[from] item: Leftovers
|upkeep
|turn|25
|choice|move knockoff|move xscissor
|
|move|p2a: shinobi|X-Scissor|p1a: Audino
|-damage|p1a: Audino|71\/410
|move|p1a: Audino|Knock Off|p2a: shinobi
|-damage|p2a: shinobi|0 fnt
|faint|p2a: shinobi
|
|win|Greenheroes
|c|☆TheBlueSkill|gg</script>
</div>
<div class="battle-log battle-log-inline"><div class="inner"><div class="battle-options"></div><div class="inner"><div class="chat"><small>Greenheroes joined.</small></div><div class="chat"><small>TheBlueSkill joined.</small></div><div class=""><small>Format:</small> <br><strong>PU</strong></div><div class=""><small><em>Sleep Clause Mod:</em> Limit one foe put to sleep</small></div><div class=""><small><em>Species Clause:</em> Limit one of each Pokémon</small></div><div class=""><small><em>OHKO Clause:</em> OHKO moves are banned</small></div><div class=""><small><em>Moody Clause:</em> Moody is banned</small></div><div class=""><small><em>Evasion Moves Clause:</em> Evasion moves are banned</small></div><div class=""><small><em>Endless Battle Clause:</em> Forcing endless battles is banned</small></div><div class=""><small><em>HP Percentage Mod:</em> HP is shown in percentages</small></div><div class=""><small><em>Swagger Clause:</em> Swagger is banned</small></div><div class=""><small><em>Baton Pass Clause:</em> Limit one Baton Passer, can't pass Spe and other stats simultaneously</small></div><div class="chat battle-history"><strong>Greenheroes's team:</strong> <em style="color:#445566;display:block;">Flareon / Rotom-Frost / Cacturne / Mawile / Floatzel / Audino</em></div><div class="chat battle-history"><strong>TheBlueSkill's team:</strong> <em style="color:#445566;display:block;">Wartortle / Gourgeist-* / Gabite / Ninjask / Simisear / Luxray</em></div><div class="chat chatmessage-greenheroes"><strong style="color:hsl(265,74%,56.967384459884016%)"><small>☆</small><span class="username" data-name="Greenheroes">Greenheroes</span>:</strong> <em>bonne chance</em></div><div class="spacer battle-history"><br></div><div class="battle-history">Battle started between Greenheroes and TheBlueSkill!<br></div><div class="spacer battle-history"><br></div><div class="battle-history">Go! <strong>Mawile</strong>!<br></div><div class="spacer battle-history"><br></div><div class="battle-history">TheBlueSkill sent out fire haxx (<strong>Simisear</strong>)!<br></div><div class="battle-history"><small>[Mawile's Intimidate]</small><br></div><div class="battle-history"><small>The opposing fire haxx's Attack fell!</small><br></div><div class="spacer battle-history"><br></div><h2 class="battle-history">Turn 1</h2><div class="spacer battle-history"><br></div><div class="battle-history">TheBlueSkill withdrew fire haxx!<br></div><div class="battle-history">TheBlueSkill sent out hello dad (<strong>Gabite</strong>)!<br></div><div class="spacer battle-history"><br></div><div class="battle-history">Mawile, come back!<br></div><div class="battle-history">Go! <strong>Flareon</strong>!<br></div><div class="spacer battle-history"><br></div><h2 class="battle-history">Turn 2</h2><div class="spacer battle-history"><br></div><div class="battle-history">Flareon, come back!<br></div><div class="battle-history">Go! Rotom (<strong>Rotom-Frost</strong>)!<br></div><div class="spacer battle-history"><br></div><div class="battle-history">The opposing hello dad used <strong>Stealth Rock</strong>!<br></div><div class="battle-history"><small>Pointed stones float in the air around your team!</small><br></div><div class="spacer battle-history"><br></div><h2 class="battle-history">Turn 3</h2><div class="spacer battle-history"><br></div><div class="battle-history">TheBlueSkill withdrew hello dad!<br></div><div class="battle-history">TheBlueSkill sent out hey im turtle (<strong>Wartortle</strong>)!<br></div><div class="spacer battle-history"><br></div><div class="battle-history">Rotom used <strong>Volt Switch</strong>!<br></div><div class="battle-history"><small>It's super effective!</small><br></div><div class="battle-history"><small>(The opposing hey im turtle lost <abbr title="−144/322">44.7%</abbr> of its health!)</small><br></div><div class="spacer battle-history"><br></div><div class="battle-history">Rotom went back to Greenheroes!<br></div><div class="battle-history">Go! <strong>Mawile</strong>!<br></div><div class="battle-history"><small>Pointed stones dug into Mawile!</small><br></div><div class="battle-history"><small>[Mawile's Intimidate]</small><br></div><div class="battle-history"><small>The opposing hey im turtle's Attack fell!</small><br></div><div class="spacer battle-history"><br></div><div class="battle-history"><small>Mawile restored a little HP using its Leftovers!</small><br></div><div class="spacer battle-history"><br></div><h2 class="battle-history">Turn 4</h2><div class="spacer battle-history"><br></div><div class="battle-history">The opposing hey im turtle used <strong>Protect</strong>!<br></div><div class="battle-history"><small>The opposing hey im turtle protected itself!</small><br></div><div class="spacer battle-history"><br></div><div class="battle-history">Mawile used <strong>Stealth Rock</strong>!<br></div><div class="battle-history"><small>Pointed stones float in the air around the opposing team!</small><br></div><div class="spacer battle-history"><br></div><h2 class="battle-history">Turn 5</h2><div class="spacer battle-history"><br></div><div class="battle-history">Mawile, come back!<br></div><div class="battle-history">Go! <strong>Cacturne</strong>!<br></div><div class="battle-history"><small>Pointed stones dug into Cacturne!</small><br></div><div class="spacer battle-history"><br></div><div class="battle-history">The opposing hey im turtle used <strong>Rain Dance</strong>!<br></div><div class="battle-history"><small>It started to rain!</small><br></div><div class="spacer battle-history"><br></div><div class="battle-history"><small>(Rain continues to fall!)</small><br></div><div class="battle-history"><small>[The opposing hey im turtle's Rain Dish]</small><br><small>The opposing hey im turtle restored its HP.</small><br></div><div class="spacer battle-history"><br></div><h2 class="battle-history">Turn 6</h2><div class="spacer battle-history"><br></div><div class="battle-history">The opposing hey im turtle used <strong>Protect</strong>!<br></div><div class="battle-history"><small>The opposing hey im turtle protected itself!</small><br></div><div class="spacer battle-history"><br></div><div class="battle-history">Cacturne used <strong>Dark Pulse</strong>!<br></div><div class="battle-history"><small>The opposing hey im turtle protected itself!</small><br></div><div class="spacer battle-history"><br></div><div class="battle-history"><small>(Rain continues to fall!)</small><br></div><div class="battle-history"><small>[The opposing hey im turtle's Rain Dish]</small><br><small>The opposing hey im turtle restored its HP.</small><br></div><div class="spacer battle-history"><br></div><h2 class="battle-history">Turn 7</h2><div class="spacer battle-history"><br></div><div class="battle-history">The opposing hey im turtle used <strong>Rapid Spin</strong>!<br></div><div class="battle-history"><small>(Cacturne lost <abbr title="−9/343">2.6%</abbr> of its health!)</small><br></div><div class="battle-history"><small>The pointed stones disappeared from around the opposing team!</small><br></div><div class="spacer battle-history"><br></div><div class="battle-history">Cacturne used <strong>Giga Drain</strong>!<br></div><div class="battle-history"><small>It's super effective!</small><br></div><div class="battle-history"><small>(The opposing hey im turtle lost <abbr title="−218/322">67.7%</abbr> of its health!)</small><br></div><div class="battle-history"><small>The opposing hey im turtle had its energy drained!</small><br></div><div class="battle-history"><small>Cacturne lost some of its HP!</small><br></div><div class="spacer battle-history"><br></div><div class="battle-history">The opposing hey im turtle fainted!<br></div><div class="spacer battle-history"><br></div><div class="battle-history"><small>(Rain continues to fall!)</small><br></div><div class="spacer battle-history"><br></div><div class="battle-history">TheBlueSkill sent out shinobi (<strong>Ninjask</strong>)!<br></div><div class="spacer battle-history"><br></div><h2 class="battle-history">Turn 8</h2><div class="spacer battle-history"><br></div><div class="battle-history">Cacturne, come back!<br></div><div class="battle-history">Go! <strong>Mawile</strong>!<br></div><div class="battle-history"><small>Pointed stones dug into Mawile!</small><br></div><div class="battle-history"><small>[Mawile's Intimidate]</small><br></div><div class="battle-history"><small>The opposing shinobi's Attack fell!</small><br></div><div class="spacer battle-history"><br></div><div class="battle-history">The opposing shinobi used <strong>U-turn</strong>!<br></div><div class="battle-history"><small>It's not very effective...</small><br></div><div class="battle-history"><small>(Mawile lost <abbr title="−21/303">6.9%</abbr> of its health!)</small><br></div><div class="spacer battle-history"><br></div><div class="battle-history">The opposing shinobi went back to TheBlueSkill!<br></div><div class="battle-history">TheBlueSkill sent out hello dad (<strong>Gabite</strong>)!<br></div><div class="spacer battle-history"><br></div><div class="battle-history"><small>(Rain continues to fall!)</small><br></div><div class="battle-history"><small>Mawile restored a little HP using its Leftovers!</small><br></div><div class="spacer battle-history"><br></div><h2 class="battle-history">Turn 9</h2><div class="spacer battle-history"><br></div><div class="battle-history">The opposing hello dad used <strong>Toxic</strong>!<br></div><div class="battle-history"><small>Mawile avoided the attack!</small><br></div><div class="spacer battle-history"><br></div><div class="battle-history">Mawile used <strong>Stealth Rock</strong>!<br></div><div class="battle-history"><small>Pointed stones float in the air around the opposing team!</small><br></div><div class="spacer battle-history"><br></div><div class="battle-history"><small>The rain stopped.</small><br></div><div class="battle-history"><small>Mawile restored a little HP using its Leftovers!</small><br></div><div class="spacer battle-history"><br></div><h2 class="battle-history">Turn 10</h2><div class="chat chatmessage-greenheroes"><strong style="color:hsl(265,74%,56.967384459884016%)"><small>☆</small><span class="username" data-name="Greenheroes">Greenheroes</span>:</strong> <em>euh type acier mec</em></div><div class="chat chatmessage-theblueskill"><strong style="color:hsl(28,72%,45%)"><small>☆</small><span class="username" data-name="TheBlueSkill">TheBlueSkill</span>:</strong> <em>anticipation</em></div><div class="chat chatmessage-greenheroes"><strong style="color:hsl(265,74%,56.967384459884016%)"><small>☆</small><span class="username" data-name="Greenheroes">Greenheroes</span>:</strong> <em>ah</em></div><div class="spacer battle-history"><br></div><div class="battle-history">The opposing hello dad used <strong>Earthquake</strong>!<br></div><div class="battle-history"><small>It's super effective!</small><br></div><div class="battle-history"><small>(Mawile lost <abbr title="−188/303">62.0%</abbr> of its health!)</small><br></div><div class="spacer battle-history"><br></div><div class="battle-history">Mawile used <strong>Play Rough</strong>!<br></div><div class="battle-history"><small>It's super effective!</small><br></div><div class="battle-history"><small>(The opposing hello dad lost <abbr title="−134/339">39.5%</abbr> of its health!)</small><br></div><div class="battle-history"><small>[The opposing hello dad's Rough Skin]</small><br><small>Mawile was hurt!</small><br></div><div class="spacer battle-history"><br></div><div class="battle-history"><small>Mawile restored a little HP using its Leftovers!</small><br></div><div class="spacer battle-history"><br></div><h2 class="battle-history">Turn 11</h2><div class="spacer battle-history"><br></div><div class="battle-history">Mawile, come back!<br></div><div class="battle-history">Go! Rotom (<strong>Rotom-Frost</strong>)!<br></div><div class="battle-history"><small>Pointed stones dug into Rotom!</small><br></div><div class="spacer battle-history"><br></div><div class="battle-history">The opposing hello dad used <strong>Toxic</strong>!<br></div><div class="battle-history"><small>Rotom was badly poisoned!</small><br></div><div class="spacer battle-history"><br></div><div class="battle-history"><small>Rotom was hurt by poison!</small><br></div><div class="spacer battle-history"><br></div><h2 class="battle-history">Turn 12</h2><div class="spacer battle-history"><br></div><div class="battle-history">Rotom used <strong>Blizzard</strong>!<br></div><div class="battle-history"><small>It's super effective!</small><br></div><div class="battle-history"><small>(The opposing hello dad lost <abbr title="−205/339">60.5%</abbr> of its health!)</small><br></div><div class="spacer battle-history"><br></div><div class="battle-history">The opposing hello dad fainted!<br></div><div class="spacer battle-history"><br></div><div class="battle-history"><small>Rotom was hurt by poison!</small><br></div><div class="spacer battle-history"><br></div><div class="battle-history">TheBlueSkill sent out fire haxx (<strong>Simisear</strong>)!<br></div><div class="battle-history"><small>Pointed stones dug into the opposing fire haxx!</small><br></div><div class="spacer battle-history"><br></div><h2 class="battle-history">Turn 13</h2><div class="spacer battle-history"><br></div><div class="battle-history">Rotom, come back!<br></div><div class="battle-history">Go! <strong>Flareon</strong>!<br></div><div class="battle-history"><small>Pointed stones dug into Flareon!</small><br></div><div class="spacer battle-history"><br></div><div class="battle-history">The opposing fire haxx used <strong>Focus Blast</strong>!<br></div><div class="battle-history"><small>Flareon avoided the attack!</small><br></div><div class="spacer battle-history"><br></div><h2 class="battle-history">Turn 14</h2><div class="spacer battle-history"><br></div><div class="battle-history">The opposing fire haxx used <strong>Focus Blast</strong>!<br></div><div class="battle-history"><small>(Flareon lost <abbr title="−107/334">32.0%</abbr> of its health!)</small><br></div><div class="spacer battle-history"><br></div><div class="battle-history">Flareon used <strong>Flare Blitz</strong>!<br></div><div class="battle-history"><small>It's not very effective...</small><br></div><div class="battle-history"><small>(The opposing fire haxx lost <abbr title="−117/292">40.1%</abbr> of its health!)</small><br></div><div class="battle-history"><small>Flareon is damaged by the recoil!</small><br></div><div class="spacer battle-history"><br></div><h2 class="battle-history">Turn 15</h2><div class="spacer battle-history"><br></div><div class="battle-history">The opposing fire haxx used <strong>Focus Blast</strong>!<br></div><div class="battle-history"><small>(Flareon lost <abbr title="−105/334">31.4%</abbr> of its health!)</small><br></div><div class="spacer battle-history"><br></div><div class="battle-history">Flareon fainted!<br></div><div class="spacer battle-history"><br></div><div class="battle-history">Go! <strong>Cacturne</strong>!<br></div><div class="battle-history"><small>Pointed stones dug into Cacturne!</small><br></div><div class="spacer battle-history"><br></div><h2 class="battle-history">Turn 16</h2><div class="spacer battle-history"><br></div><div class="battle-history">Cacturne used <strong>Sucker Punch</strong>!<br></div><div class="battle-history"><small>(The opposing fire haxx lost <abbr title="−102/292">34.9%</abbr> of its health!)</small><br></div><div class="battle-history"><small>Cacturne lost some of its HP!</small><br></div><div class="spacer battle-history"><br></div><div class="battle-history">The opposing fire haxx fainted!<br></div><div class="spacer battle-history"><br></div><div class="battle-history">TheBlueSkill sent out fuck mother (<strong>Luxray</strong>)!<br></div><div class="battle-history"><small>Pointed stones dug into the opposing fuck mother!</small><br></div><div class="battle-history"><small>[The opposing fuck mother's Intimidate]</small><br></div><div class="battle-history"><small>Cacturne's Attack fell!</small><br></div><div class="spacer battle-history"><br></div><h2 class="battle-history">Turn 17</h2><div class="spacer battle-history"><br></div><div class="battle-history">The opposing fuck mother used <strong>Superpower</strong>!<br></div><div class="battle-history"><small>It's super effective!</small><br></div><div class="battle-history"><small>(Cacturne lost <abbr title="−233/343">67.9%</abbr> of its health!)</small><br></div><div class="battle-history"><small>The opposing fuck mother's Attack fell!</small><br></div><div class="battle-history"><small>The opposing fuck mother's Defense fell!</small><br></div><div class="spacer battle-history"><br></div><div class="battle-history">Cacturne fainted!<br></div><div class="spacer battle-history"><br></div><div class="battle-history">Go! <strong>Floatzel</strong>!<br></div><div class="battle-history"><small>Pointed stones dug into Floatzel!</small><br></div><div class="spacer battle-history"><br></div><h2 class="battle-history">Turn 18</h2><div class="spacer battle-history"><br></div><div class="battle-history">Floatzel used <strong>Ice Punch</strong>!<br></div><div class="battle-history"><small>(The opposing fuck mother lost <abbr title="−225/364">61.8%</abbr> of its health!)</small><br></div><div class="spacer battle-history"><br></div><div class="battle-history">The opposing fuck mother used <strong>Superpower</strong>!<br></div><div class="battle-history"><small>(Floatzel lost <abbr title="−162/311">52.1%</abbr> of its health!)</small><br></div><div class="battle-history"><small>The opposing fuck mother's Attack fell!</small><br></div><div class="battle-history"><small>The opposing fuck mother's Defense fell!</small><br></div><div class="spacer battle-history"><br></div><h2 class="battle-history">Turn 19</h2><div class="spacer battle-history"><br></div><div class="battle-history">TheBlueSkill withdrew fuck mother!<br></div><div class="battle-history">TheBlueSkill sent out stall mvp (<strong>Gourgeist-Super</strong>)!<br></div><div class="battle-history"><small>Pointed stones dug into the opposing stall mvp!</small><br></div><div class="battle-history"><small>[The opposing stall mvp's Frisk]</small><br><small>The opposing stall mvp frisked Floatzel and found its Choice Band!</small><br></div><div class="spacer battle-history"><br></div><div class="battle-history">Floatzel used <strong>Ice Punch</strong>!<br></div><div class="battle-history"><small>It's super effective!</small><br></div><div class="battle-history"><small>(The opposing stall mvp lost <abbr title="−196/374">52.4%</abbr> of its health!)</small><br></div><div class="spacer battle-history"><br></div><div class="battle-history"><small>The opposing stall mvp restored a little HP using its Leftovers!</small><br></div><div class="spacer battle-history"><br></div><h2 class="battle-history">Turn 20</h2><div class="spacer battle-history"><br></div><div class="battle-history">The opposing stall mvp used <strong>Shadow Sneak</strong>!<br></div><div class="battle-history"><small>(Floatzel lost <abbr title="−78/311">25.1%</abbr> of its health!)</small><br></div><div class="spacer battle-history"><br></div><div class="battle-history">Floatzel used <strong>Ice Punch</strong>!<br></div><div class="battle-history"><small>It's super effective!</small><br></div><div class="battle-history"><small>(The opposing stall mvp lost <abbr title="−155/374">41.4%</abbr> of its health!)</small><br></div><div class="spacer battle-history"><br></div><div class="battle-history">The opposing stall mvp fainted!<br></div><div class="spacer battle-history"><br></div><div class="battle-history">TheBlueSkill sent out fuck mother (<strong>Luxray</strong>)!<br></div><div class="battle-history"><small>Pointed stones dug into the opposing fuck mother!</small><br></div><div class="battle-history"><small>[The opposing fuck mother's Intimidate]</small><br></div><div class="battle-history"><small>Floatzel's Attack fell!</small><br></div><div class="spacer battle-history"><br></div><h2 class="battle-history">Turn 21</h2><div class="spacer battle-history"><br></div><div class="battle-history">Floatzel, come back!<br></div><div class="battle-history">Go! <strong>Mawile</strong>!<br></div><div class="battle-history"><small>Pointed stones dug into Mawile!</small><br></div><div class="battle-history"><small>[Mawile's Intimidate]</small><br></div><div class="battle-history"><small>The opposing fuck mother's Attack fell!</small><br></div><div class="spacer battle-history"><br></div><div class="battle-history">The opposing fuck mother used <strong>Wild Charge</strong>!<br></div><div class="battle-history"><small>(Mawile lost <abbr title="−75/303">24.8%</abbr> of its health!)</small><br></div><div class="battle-history"><small>The opposing fuck mother is damaged by the recoil!</small><br></div><div class="spacer battle-history"><br></div><div class="battle-history">Mawile fainted!<br></div><div class="spacer battle-history"><br></div><div class="battle-history">Go! <strong>Floatzel</strong>!<br></div><div class="battle-history"><small>Pointed stones dug into Floatzel!</small><br></div><div class="spacer battle-history"><br></div><div class="battle-history">Floatzel fainted!<br></div><div class="spacer battle-history"><br></div><div class="battle-history">Go! <strong>Audino</strong>!<br></div><div class="battle-history"><small>Pointed stones dug into Audino!</small><br></div><div class="spacer battle-history"><br></div><h2 class="battle-history">Turn 22</h2><div class="spacer battle-history"><br></div><div class="battle-history">The opposing fuck mother used <strong>Wild Charge</strong>!<br></div><div class="battle-history"><small>(Audino lost <abbr title="−132/410">32.2%</abbr> of its health!)</small><br></div><div class="battle-history"><small>The opposing fuck mother is damaged by the recoil!</small><br></div><div class="spacer battle-history"><br></div><div class="battle-history">The opposing fuck mother fainted!<br></div><div class="battle-history">Audino used <strong>Wish</strong>!<br></div><div class="spacer battle-history"><br></div><div class="battle-history"><small>Audino restored a little HP using its Leftovers!</small><br></div><div class="spacer battle-history"><br></div><div class="battle-history">TheBlueSkill sent out shinobi (<strong>Ninjask</strong>)!<br></div><div class="battle-history"><small>Pointed stones dug into the opposing shinobi!</small><br></div><div class="spacer battle-history"><br></div><h2 class="battle-history">Turn 23</h2><div class="spacer battle-history"><br></div><div class="battle-history">Audino used <strong>Protect</strong>!<br></div><div class="battle-history"><small>Audino protected itself!</small><br></div><div class="spacer battle-history"><br></div><div class="battle-history">The opposing shinobi used <strong>X-Scissor</strong>!<br></div><div class="battle-history"><small>Audino protected itself!</small><br></div><div class="spacer battle-history"><br></div><div class="battle-history"><small>Audino's wish came true!</small><br></div><div class="spacer battle-history"><br></div><h2 class="battle-history">Turn 24</h2><div class="spacer battle-history"><br></div><div class="battle-history">The opposing shinobi used <strong>X-Scissor</strong>!<br></div><div class="battle-history"><small>(Audino lost <abbr title="−216/410">52.7%</abbr> of its health!)</small><br></div><div class="spacer battle-history"><br></div><div class="battle-history">Audino used <strong>Knock Off</strong>!<br></div><div class="battle-history"><small>(The opposing shinobi lost <abbr title="−98/263">37.3%</abbr> of its health!)</small><br></div><div class="battle-history"><small>Audino knocked off the opposing shinobi's Choice Band!</small><br></div><div class="spacer battle-history"><br></div><div class="battle-history"><small>Audino restored a little HP using its Leftovers!</small><br></div><div class="spacer battle-history"><br></div><h2 class="battle-history">Turn 25</h2><div class="spacer battle-history"><br></div><div class="battle-history">The opposing shinobi used <strong>X-Scissor</strong>!<br></div><div class="battle-history"><small>(Audino lost <abbr title="−148/410">36.1%</abbr> of its health!)</small><br></div><div class="spacer battle-history"><br></div><div class="battle-history">Audino used <strong>Knock Off</strong>!<br></div><div class="battle-history"><small>(The opposing shinobi lost <abbr title="−34/263">12.9%</abbr> of its health!)</small><br></div><div class="spacer battle-history"><br></div><div class="battle-history">The opposing shinobi fainted!<br></div><div class="spacer battle-history"><br></div><div class="battle-history"><strong>Greenheroes</strong> won the battle!<br></div><div class="chat chatmessage-theblueskill"><strong style="color:hsl(28,72%,45%)"><small>☆</small><span class="username" data-name="TheBlueSkill">TheBlueSkill</span>:</strong> <em>gg</em></div></div><div class="inner-preempt"></div></div></div>
</div>
<script>
let daily = Math.floor(Date.now()/1000/60/60/24);document.write('<script src="https://play.pokemonshowdown.com/js/replay-embed.js?version'+daily+'"></'+'script>');
</script>
