<!DOCTYPE html>
<meta charset="utf-8" />
<!-- version 1 -->
<title>PU replay: neoELVIS vs. RivalET</title>
<style>
html,body {font-family:Verdana, sans-serif;font-size:10pt;margin:0;padding:0;}body{padding:12px 0;} .battle-log {font-family:Verdana, sans-serif;font-size:10pt;} .battle-log-inline {border:1px solid #AAAAAA;background:#EEF2F5;color:black;max-width:640px;margin:0 auto 80px;padding-bottom:5px;} .battle-log .inner {padding:4px 8px 0px 8px;} .battle-log .inner-preempt {padding:0 8px 4px 8px;} .battle-log .inner-after {margin-top:0.5em;} .battle-log h2 {margin:0.5em -8px;padding:4px 8px;border:1px solid #AAAAAA;background:#E0E7EA;border-left:0;border-right:0;font-family:Verdana, sans-serif;font-size:13pt;} .battle-log .chat {vertical-align:middle;padding:3px 0 3px 0;font-size:8pt;} .battle-log .chat strong {color:#40576A;} .battle-log .chat em {padding:1px 4px 1px 3px;color:#000000;font-style:normal;} .chat.mine {background:rgba(0,0,0,0.05);margin-left:-8px;margin-right:-8px;padding-left:8px;padding-right:8px;} .spoiler {color:#BBBBBB;background:#BBBBBB;padding:0px 3px;} .spoiler:hover, .spoiler:active, .spoiler-shown {color:#000000;background:#E2E2E2;padding:0px 3px;} .spoiler a {color:#BBBBBB;} .spoiler:hover a, .spoiler:active a, .spoiler-shown a {color:#2288CC;} .chat code, .chat .spoiler:hover code, .chat .spoiler:active code, .chat .spoiler-shown code {border:1px solid #C0C0C0;background:#EEEEEE;color:black;padding:0 2px;} .chat .spoiler code {border:1px solid #CCCCCC;background:#CCCCCC;color:#CCCCCC;} .battle-log .rated {padding:3px 4px;} .battle-log .rated strong {color:white;background:#89A;padding:1px 4px;border-radius:4px;} .spacer {margin-top:0.5em;} .message-announce {background:#6688AA;color:white;padding:1px 4px 2px;} .message-announce a, .broadcast-green a, .broadcast-blue a, .broadcast-red a {color:#DDEEFF;} .broadcast-green {background-color:#559955;color:white;padding:2px 4px;} .broadcast-blue {background-color:#6688AA;color:white;padding:2px 4px;} .infobox {border:1px solid #6688AA;padding:2px 4px;} .infobox-limited {max-height:200px;overflow:auto;overflow-x:hidden;} .broadcast-red {background-color:#AA5544;color:white;padding:2px 4px;} .message-learn-canlearn {font-weight:bold;color:#228822;text-decoration:underline;} .message-learn-cannotlearn {font-weight:bold;color:#CC2222;text-decoration:underline;} .message-effect-weak {font-weight:bold;color:#CC2222;} .message-effect-resist {font-weight:bold;color:#6688AA;} .message-effect-immune {font-weight:bold;color:#666666;} .message-learn-list {margin-top:0;margin-bottom:0;} .message-throttle-notice, .message-error {color:#992222;} .message-overflow, .chat small.message-overflow {font-size:0pt;} .message-overflow::before {font-size:9pt;content:'...';} .subtle {color:#3A4A66;}
</style>
<div class="wrapper replay-wrapper" style="max-width:1180px;margin:0 auto">
<input type="hidden" name="replayid" value="pu-594221803" />
<div class="battle"></div><div class="battle-log"></div><div class="replay-controls"></div><div class="replay-controls-2"></div>
<h1 style="font-weight:normal;text-align:center"><strong>PU</strong><br /><a href="http://pokemonshowdown.com/users/neoelvis" class="subtle" target="_blank">neoELVIS</a> vs. <a href="http://pokemonshowdown.com/users/rivalet" class="subtle" target="_blank">RivalET</a></h1>
<script type="text/plain" class="battle-log-data">|j|neoELVIS
|j|RivalET
|player|p1|neoELVIS|287
|teamsize|p1|6
|player|p2|RivalET|126
|teamsize|p2|6
|gametype|singles
|gen|6
|tier|PU
|seed|5510,41876,57408,32743
|rule|Sleep Clause Mod: Limit one foe put to sleep
|rule|Species Clause: Limit one of each Pokémon
|rule|OHKO Clause: OHKO moves are banned
|rule|Moody Clause: Moody is banned
|rule|Evasion Moves Clause: Evasion moves are banned
|rule|Endless Battle Clause: Forcing endless battles is banned
|rule|HP Percentage Mod: HP is shown in percentages
|clearpoke
|poke|p1|Rotom-Fan|item
|poke|p1|Smeargle, M|item
|poke|p1|Golem, M|item
|poke|p1|Clefairy, M|item
|poke|p1|Misdreavus, M|item
|poke|p1|Lumineon, F|item
|poke|p2|Altaria, F|item
|poke|p2|Crustle, M|item
|poke|p2|Misdreavus, M|item
|poke|p2|Pawniard, M|item
|poke|p2|Stoutland, M|item
|poke|p2|Chatot, M|item
|rule|Swagger Clause: Swagger is banned
|rule|Baton Pass Clause: Limit one Baton Passer, can't pass Spe and other stats simultaneously
|teampreview
|c|☆neoELVIS|hf
|c|☆RivalET|u2
|choice|team 6, team 2, team 3, team 4, team 5, team 1|team 3, team 2, team 1, team 4, team 5, team 6
|
|start
|switch|p1a: Lumineon|Lumineon, F|342\/342
|switch|p2a: Mis Dre|Misdreavus, M|261\/261
|turn|1
|choice|move uturn|switch 3
|
|switch|p2a: Tabaria|Altaria, F|291\/291
|move|p1a: Lumineon|U-turn|p2a: Tabaria
|-resisted|p2a: Tabaria
|-damage|p2a: Tabaria|272\/291
|choice|switch 6|
|
|switch|p1a: Rotom|Rotom-Fan|303\/303
|
|upkeep
|turn|2
|choice|move willowisp|move dracometeor
|
|move|p2a: Tabaria|Draco Meteor|p1a: Rotom
|-crit|p1a: Rotom
|-damage|p1a: Rotom|0 fnt
|-unboost|p2a: Tabaria|spa|2
|-damage|p2a: Tabaria|243\/291|[from] item: Life Orb
|faint|p1a: Rotom
|
|upkeep
|c|☆neoELVIS|lol
|c|☆RivalET|damn
|c|☆RivalET|Offensive altaria is cool tho
|choice|switch 3|
|
|switch|p1a: Golem|Golem, M|301\/301
|turn|3
|c|☆neoELVIS|ive always used dd cotton altaria
|choice|move stealthrock|switch 2
|
|switch|p2a: unrustled|Crustle, M|281\/281
|move|p1a: Golem|Stealth Rock|p2a: unrustled
|-sidestart|p2: RivalET|move: Stealth Rock
|
|upkeep
|turn|4
|c|☆neoELVIS|that was surprising
|choice|move rockblast|move stealthrock
|
|move|p2a: unrustled|Stealth Rock|p1a: Golem
|-sidestart|p1: neoELVIS|move: Stealth Rock
|move|p1a: Golem|Rock Blast|p2a: unrustled
|-supereffective|p2a: unrustled
|-damage|p2a: unrustled|215\/281
|-supereffective|p2a: unrustled
|-damage|p2a: unrustled|143\/281
|-supereffective|p2a: unrustled
|-damage|p2a: unrustled|75\/281
|-supereffective|p2a: unrustled
|-damage|p2a: unrustled|7\/281
|-hitcount|p2a: unrustled|4
|
|upkeep
|turn|5
|choice|move suckerpunch|move spikes
|-enditem|p2a: unrustled|Custap Berry|[eat]
|-activate|p2a: unrustled|item: Custap Berry
|
|move|p1a: Golem|Sucker Punch|p2a: unrustled|[still]
|-fail|p1a: Golem
|move|p2a: unrustled|Spikes|p1a: Golem
|-sidestart|p1: neoELVIS|Spikes
|
|upkeep
|turn|6
|j|quagsgone
|choice|move rockblast|move knockoff
|
|move|p2a: unrustled|Knock Off|p1a: Golem
|-damage|p1a: Golem|233\/301
|-enditem|p1a: Golem|Weakness Policy|[from] move: Knock Off|[of] p2a: unrustled
|move|p1a: Golem|Rock Blast|p2a: unrustled
|-supereffective|p2a: unrustled
|-damage|p2a: unrustled|0 fnt
|-hitcount|p2a: unrustled|1
|faint|p2a: unrustled
|
|upkeep
|c|☆neoELVIS|oh man
|c|☆neoELVIS|ur wrecking my stuff
|j|Beksel ✘
|c| Beksel ✘|Tailwind offense
|c|☆RivalET|i actualy wanted to go w\/ knock the fist time
|choice||switch 4
|
|switch|p2a: Dealer|Pawniard, M|231\/231
|-damage|p2a: Dealer|217\/231|[from] Stealth Rock
|turn|7
|choice|move earthquake|move ironhead
|
|move|p2a: Dealer|Iron Head|p1a: Golem
|-supereffective|p1a: Golem
|-damage|p1a: Golem|57\/301
|move|p1a: Golem|Earthquake|p2a: Dealer
|-supereffective|p2a: Dealer
|-damage|p2a: Dealer|0 fnt
|faint|p2a: Dealer
|
|upkeep
|c|☆RivalET|oh rip
|choice||switch 5
|
|switch|p2a: Bismark|Stoutland, M|311\/311
|-damage|p2a: Bismark|273\/311|[from] Stealth Rock
|turn|8
|c|☆RivalET|stoutland away
|choice|move suckerpunch|move frustration
|
|move|p1a: Golem|Sucker Punch|p2a: Bismark
|-damage|p2a: Bismark|170\/311
|move|p2a: Bismark|Frustration|p1a: Golem
|-resisted|p1a: Golem
|-damage|p1a: Golem|0 fnt
|faint|p1a: Golem
|
|upkeep
|c| Beksel ✘|RivalET what you think about Hyper Offense\/ Stack offense?
|c|☆RivalET|HO stack is the best
|c| Beksel ✘|Teddeh say it's bad :( because mach up and haxx really annoying
|c|☆RivalET|ye but
|choice|switch 5|
|
|switch|p1a: Misdreavus|Misdreavus, M|261\/261
|-damage|p1a: Misdreavus|229\/261|[from] Stealth Rock
|turn|9
|c|☆RivalET|winning every game w\/ muk gets stale
|choice|move hiddenpower|move facade
|
|move|p1a: Misdreavus|Hidden Power|p2a: Bismark
|-supereffective|p2a: Bismark
|-damage|p2a: Bismark|40\/311
|move|p2a: Bismark|Facade|p1a: Misdreavus
|-damage|p1a: Misdreavus|93\/261
|
|upkeep
|turn|10
|choice|move hiddenpower|move pursuit
|
|move|p1a: Misdreavus|Hidden Power|p2a: Bismark
|-supereffective|p2a: Bismark
|-damage|p2a: Bismark|0 fnt
|faint|p2a: Bismark
|
|upkeep
|choice||switch 3
|
|switch|p2a: Mis Dre|Misdreavus, M|261\/261
|-damage|p2a: Mis Dre|229\/261|[from] Stealth Rock
|turn|11
|choice|switch 4|move shadowball
|
|switch|p1a: Clefairy|Clefairy, M|344\/344
|move|p2a: Mis Dre|Shadow Ball|p1a: Clefairy
|-damage|p1a: Clefairy|277\/344
|
|upkeep
|turn|12
|choice|move thunderwave|move taunt
|
|move|p2a: Mis Dre|Taunt|p1a: Clefairy
|-start|p1a: Clefairy|move: Taunt
|cant|p1a: Clefairy|move: Taunt|Thunder Wave
|
|upkeep
|turn|13
|choice|switch 6|move nastyplot
|
|switch|p1a: Lumineon|Lumineon, F|342\/342
|-damage|p1a: Lumineon|300\/342|[from] Stealth Rock
|-damage|p1a: Lumineon|258\/342|[from] Spikes
|move|p2a: Mis Dre|Nasty Plot|p2a: Mis Dre
|-boost|p2a: Mis Dre|spa|2
|
|upkeep
|turn|14
|choice|move scald|move shadowball
|
|move|p1a: Lumineon|Scald|p2a: Mis Dre
|-damage|p2a: Mis Dre|175\/261
|move|p2a: Mis Dre|Shadow Ball|p1a: Lumineon
|-damage|p1a: Lumineon|24\/342
|
|upkeep
|turn|15
|choice|move defog|move shadowball
|
|move|p1a: Lumineon|Defog|p2a: Mis Dre
|-unboost|p2a: Mis Dre|evasion|1
|-sideend|p2: RivalET|Stealth Rock|[from] move: Defog|[of] p2a: Mis Dre
|-sideend|p1: neoELVIS|Spikes|[from] move: Defog|[of] p1a: Lumineon
|-sideend|p1: neoELVIS|Stealth Rock|[from] move: Defog|[of] p1a: Lumineon
|move|p2a: Mis Dre|Shadow Ball|p1a: Lumineon
|-crit|p1a: Lumineon
|-damage|p1a: Lumineon|0 fnt
|faint|p1a: Lumineon
|
|upkeep
|choice|switch 6|
|
|switch|p1a: Clefairy|Clefairy, M|277\/344
|turn|16
|c|☆RivalET|watch the BD smeargle
|choice|move knockoff|move shadowball
|
|move|p2a: Mis Dre|Shadow Ball|p1a: Clefairy
|-damage|p1a: Clefairy|120\/344
|move|p1a: Clefairy|Knock Off|p2a: Mis Dre
|-supereffective|p2a: Mis Dre
|-damage|p2a: Mis Dre|97\/261
|-enditem|p2a: Mis Dre|Eviolite|[from] move: Knock Off|[of] p1a: Clefairy
|
|upkeep
|turn|17
|choice|move softboiled|move shadowball
|
|move|p2a: Mis Dre|Shadow Ball|p1a: Clefairy
|-damage|p1a: Clefairy|0 fnt
|faint|p1a: Clefairy
|
|upkeep
|choice|switch 4|
|
|switch|p1a: Misdreavus|Misdreavus, M|93\/261
|turn|18
|choice|move shadowball|move shadowball
|
|move|p2a: Mis Dre|Shadow Ball|p1a: Misdreavus
|-supereffective|p1a: Misdreavus
|-damage|p1a: Misdreavus|0 fnt
|faint|p1a: Misdreavus
|
|upkeep
|choice|switch 2|
|
|switch|p1a: Smeargle|Smeargle, M|274\/274
|turn|19
|c|☆neoELVIS|gg
|c|☆neoELVIS|iacant hit
|c| quagsgone|what set?
|c| quagsgone|bd
|c|☆neoELVIS|lol
|c|☆RivalET|I WAS TIMID ALL ALONG
|c| Beksel ✘|missdreavus beat stall no audino
|choice|move extremespeed|move taunt
|
|move|p1a: Smeargle|Extreme Speed|p2a: Mis Dre
|-immune|p2a: Mis Dre|[msg]
|move|p2a: Mis Dre|Taunt|p1a: Smeargle
|-start|p1a: Smeargle|move: Taunt
|
|upkeep
|turn|20
|c|☆neoELVIS|sigh
|c| quagsgone|so what 3 moves are u?
|choice|move bonemerang|move hiddenpower
|
|move|p2a: Mis Dre|Hidden Power|p1a: Smeargle
|-supereffective|p1a: Smeargle
|-damage|p1a: Smeargle|0 fnt
|faint|p1a: Smeargle
|
|win|RivalET
|c| quagsgone|+bd
|c|☆RivalET|ggs mang
|c|☆neoELVIS|dark void e speed and bone
|c| quagsgone|ah
|c|☆neoELVIS|ggs
|l|quagsgone
|l|Beksel ✘
|l|neoELVIS</script>
</div>
<div class="battle-log battle-log-inline"><div class="inner"><div class="battle-options"></div><div class="inner"><div class="chat"><small>neoELVIS joined.</small></div><div class="chat"><small>RivalET joined.</small></div><div class=""><small>Format:</small> <br><strong>PU</strong></div><div class=""><small><em>Sleep Clause Mod:</em> Limit one foe put to sleep</small></div><div class=""><small><em>Species Clause:</em> Limit one of each Pokémon</small></div><div class=""><small><em>OHKO Clause:</em> OHKO moves are banned</small></div><div class=""><small><em>Moody Clause:</em> Moody is banned</small></div><div class=""><small><em>Evasion Moves Clause:</em> Evasion moves are banned</small></div><div class=""><small><em>Endless Battle Clause:</em> Forcing endless battles is banned</small></div><div class=""><small><em>HP Percentage Mod:</em> HP is shown in percentages</small></div><div class=""><small><em>Swagger Clause:</em> Swagger is banned</small></div><div class=""><small><em>Baton Pass Clause:</em> Limit one Baton Passer, can't pass Spe and other stats simultaneously</small></div><div class="chat battle-history"><strong>neoELVIS's team:</strong> <em style="color:#445566;display:block;">Rotom-Fan / Smeargle / Golem / Clefairy / Misdreavus / Lumineon</em></div><div class="chat battle-history"><strong>RivalET's team:</strong> <em style="color:#445566;display:block;">Altaria / Crustle / Misdreavus / Pawniard / Stoutland / Chatot</em></div><div class="chat chatmessage-neoelvis"><strong style="color:hsl(96,64%,35%)"><small>☆</small><span class="username" data-name="neoELVIS">neoELVIS</span>:</strong> <em>hf</em></div><div class="chat chatmessage-rivalet"><strong style="color:hsl(1,69%,49.320757446718204%)"><small>☆</small><span class="username" data-name="RivalET">RivalET</span>:</strong> <em>u2</em></div><div class="spacer battle-history"><br></div><div class="battle-history">Battle started between neoELVIS and RivalET!<br></div><div class="spacer battle-history"><br></div><div class="battle-history">Go! <strong>Lumineon</strong>!<br></div><div class="spacer battle-history"><br></div><div class="battle-history">RivalET sent out Mis Dre (<strong>Misdreavus</strong>)!<br></div><div class="spacer battle-history"><br></div><h2 class="battle-history">Turn 1</h2><div class="spacer battle-history"><br></div><div class="battle-history">RivalET withdrew Mis Dre!<br></div><div class="battle-history">RivalET sent out Tabaria (<strong>Altaria</strong>)!<br></div><div class="spacer battle-history"><br></div><div class="battle-history">Lumineon used <strong>U-turn</strong>!<br></div><div class="battle-history"><small>It's not very effective...</small><br></div><div class="battle-history"><small>(The opposing Tabaria lost <abbr title="−19/291">6.5%</abbr> of its health!)</small><br></div><div class="spacer battle-history"><br></div><div class="battle-history">Lumineon went back to neoELVIS!<br></div><div class="battle-history">Go! Rotom (<strong>Rotom-Fan</strong>)!<br></div><div class="spacer battle-history"><br></div><h2 class="battle-history">Turn 2</h2><div class="spacer battle-history"><br></div><div class="battle-history">The opposing Tabaria used <strong>Draco Meteor</strong>!<br></div><div class="battle-history"><small>A critical hit!</small><br></div><div class="battle-history"><small>(Rotom lost <abbr title="−303/303">100%</abbr> of its health!)</small><br></div><div class="battle-history"><small>The opposing Tabaria's Special Attack fell harshly!</small><br></div><div class="battle-history"><small>The opposing Tabaria lost some of its HP!</small><br></div><div class="spacer battle-history"><br></div><div class="battle-history">Rotom fainted!<br></div><div class="chat chatmessage-neoelvis"><strong style="color:hsl(96,64%,35%)"><small>☆</small><span class="username" data-name="neoELVIS">neoELVIS</span>:</strong> <em>lol</em></div><div class="chat chatmessage-rivalet"><strong style="color:hsl(1,69%,49.320757446718204%)"><small>☆</small><span class="username" data-name="RivalET">RivalET</span>:</strong> <em>damn</em></div><div class="chat chatmessage-rivalet"><strong style="color:hsl(1,69%,49.320757446718204%)"><small>☆</small><span class="username" data-name="RivalET">RivalET</span>:</strong> <em>Offensive altaria is cool tho</em></div><div class="spacer battle-history"><br></div><div class="battle-history">Go! <strong>Golem</strong>!<br></div><div class="spacer battle-history"><br></div><h2 class="battle-history">Turn 3</h2><div class="chat chatmessage-neoelvis"><strong style="color:hsl(96,64%,35%)"><small>☆</small><span class="username" data-name="neoELVIS">neoELVIS</span>:</strong> <em>ive always used dd cotton altaria</em></div><div class="spacer battle-history"><br></div><div class="battle-history">RivalET withdrew Tabaria!<br></div><div class="battle-history">RivalET sent out unrustled (<strong>Crustle</strong>)!<br></div><div class="spacer battle-history"><br></div><div class="battle-history">Golem used <strong>Stealth Rock</strong>!<br></div><div class="battle-history"><small>Pointed stones float in the air around the opposing team!</small><br></div><div class="spacer battle-history"><br></div><h2 class="battle-history">Turn 4</h2><div class="chat chatmessage-neoelvis"><strong style="color:hsl(96,64%,35%)"><small>☆</small><span class="username" data-name="neoELVIS">neoELVIS</span>:</strong> <em>that was surprising</em></div><div class="spacer battle-history"><br></div><div class="battle-history">The opposing unrustled used <strong>Stealth Rock</strong>!<br></div><div class="battle-history"><small>Pointed stones float in the air around your team!</small><br></div><div class="spacer battle-history"><br></div><div class="battle-history">Golem used <strong>Rock Blast</strong>!<br></div><div class="battle-history"><small>It's super effective!</small><br></div><div class="battle-history"><small>(The opposing unrustled lost <abbr title="−66/281">23.5%</abbr> of its health!)</small><br></div><div class="battle-history"><small>It's super effective!</small><br></div><div class="battle-history"><small>(The opposing unrustled lost <abbr title="−72/281">25.6%</abbr> of its health!)</small><br></div><div class="battle-history"><small>It's super effective!</small><br></div><div class="battle-history"><small>(The opposing unrustled lost <abbr title="−68/281">24.2%</abbr> of its health!)</small><br></div><div class="battle-history"><small>It's super effective!</small><br></div><div class="battle-history"><small>(The opposing unrustled lost <abbr title="−68/281">24.2%</abbr> of its health!)</small><br></div><div class="battle-history"><small>Hit 4 times!</small><br></div><div class="spacer battle-history"><br></div><h2 class="battle-history">Turn 5</h2><div class="spacer battle-history"><br></div><div class="battle-history"><small>The opposing unrustled ate its Custap Berry!</small><br></div><div class="battle-history"><small>The opposing unrustled's Custap Berry let it move first!</small><br></div><div class="spacer battle-history"><br></div><div class="battle-history">Golem used <strong>Sucker Punch</strong>!<br></div><div class="battle-history"><small>But it failed!</small><br></div><div class="spacer battle-history"><br></div><div class="battle-history">The opposing unrustled used <strong>Spikes</strong>!<br></div><div class="battle-history"><small>Spikes were scattered on the ground all around your team!</small><br></div><div class="spacer battle-history"><br></div><h2 class="battle-history">Turn 6</h2><div class="chat"><small>quagsgone joined.</small></div><div class="spacer battle-history"><br></div><div class="battle-history">The opposing unrustled used <strong>Knock Off</strong>!<br></div><div class="battle-history"><small>(Golem lost <abbr title="−68/301">22.6%</abbr> of its health!)</small><br></div><div class="battle-history"><small>The opposing unrustled knocked off Golem's Weakness Policy!</small><br></div><div class="spacer battle-history"><br></div><div class="battle-history">Golem used <strong>Rock Blast</strong>!<br></div><div class="battle-history"><small>It's super effective!</small><br></div><div class="battle-history"><small>(The opposing unrustled lost <abbr title="−7/281">2.5%</abbr> of its health!)</small><br></div><div class="battle-history"><small>Hit 1 time!</small><br></div><div class="spacer battle-history"><br></div><div class="battle-history">The opposing unrustled fainted!<br></div><div class="chat chatmessage-neoelvis"><strong style="color:hsl(96,64%,35%)"><small>☆</small><span class="username" data-name="neoELVIS">neoELVIS</span>:</strong> <em>oh man</em></div><div class="chat chatmessage-neoelvis"><strong style="color:hsl(96,64%,35%)"><small>☆</small><span class="username" data-name="neoELVIS">neoELVIS</span>:</strong> <em>ur wrecking my stuff</em></div><div class="chat"><small>Beksel ✘ joined.</small></div><div class="chat chatmessage-beksel"><strong style="color:hsl(31,69%,45%)"><small> </small><span class="username" data-name="Beksel ✘">Beksel ✘</span>:</strong> <em>Tailwind offense</em></div><div class="chat chatmessage-rivalet"><strong style="color:hsl(1,69%,49.320757446718204%)"><small>☆</small><span class="username" data-name="RivalET">RivalET</span>:</strong> <em>i actualy wanted to go w/ knock the fist time</em></div><div class="spacer battle-history"><br></div><div class="battle-history">RivalET sent out Dealer (<strong>Pawniard</strong>)!<br></div><div class="battle-history"><small>Pointed stones dug into the opposing Dealer!</small><br></div><div class="spacer battle-history"><br></div><h2 class="battle-history">Turn 7</h2><div class="spacer battle-history"><br></div><div class="battle-history">The opposing Dealer used <strong>Iron Head</strong>!<br></div><div class="battle-history"><small>It's super effective!</small><br></div><div class="battle-history"><small>(Golem lost <abbr title="−176/301">58.5%</abbr> of its health!)</small><br></div><div class="spacer battle-history"><br></div><div class="battle-history">Golem used <strong>Earthquake</strong>!<br></div><div class="battle-history"><small>It's super effective!</small><br></div><div class="battle-history"><small>(The opposing Dealer lost <abbr title="−217/231">93.9%</abbr> of its health!)</small><br></div><div class="spacer battle-history"><br></div><div class="battle-history">The opposing Dealer fainted!<br></div><div class="chat chatmessage-rivalet"><strong style="color:hsl(1,69%,49.320757446718204%)"><small>☆</small><span class="username" data-name="RivalET">RivalET</span>:</strong> <em>oh rip</em></div><div class="spacer battle-history"><br></div><div class="battle-history">RivalET sent out Bismark (<strong>Stoutland</strong>)!<br></div><div class="battle-history"><small>Pointed stones dug into the opposing Bismark!</small><br></div><div class="spacer battle-history"><br></div><h2 class="battle-history">Turn 8</h2><div class="chat chatmessage-rivalet"><strong style="color:hsl(1,69%,49.320757446718204%)"><small>☆</small><span class="username" data-name="RivalET">RivalET</span>:</strong> <em>stoutland away</em></div><div class="spacer battle-history"><br></div><div class="battle-history">Golem used <strong>Sucker Punch</strong>!<br></div><div class="battle-history"><small>(The opposing Bismark lost <abbr title="−103/311">33.1%</abbr> of its health!)</small><br></div><div class="spacer battle-history"><br></div><div class="battle-history">The opposing Bismark used <strong>Frustration</strong>!<br></div><div class="battle-history"><small>It's not very effective...</small><br></div><div class="battle-history"><small>(Golem lost <abbr title="−57/301">18.9%</abbr> of its health!)</small><br></div><div class="spacer battle-history"><br></div><div class="battle-history">Golem fainted!<br></div><div class="chat chatmessage-beksel"><strong style="color:hsl(31,69%,45%)"><small> </small><span class="username" data-name="Beksel ✘">Beksel ✘</span>:</strong> <em>RivalET what you think about Hyper Offense/ Stack offense?</em></div><div class="chat chatmessage-rivalet"><strong style="color:hsl(1,69%,49.320757446718204%)"><small>☆</small><span class="username" data-name="RivalET">RivalET</span>:</strong> <em>HO stack is the best</em></div><div class="chat chatmessage-beksel"><strong style="color:hsl(31,69%,45%)"><small> </small><span class="username" data-name="Beksel ✘">Beksel ✘</span>:</strong> <em>Teddeh say it's bad :( because mach up and haxx really annoying</em></div><div class="chat chatmessage-rivalet"><strong style="color:hsl(1,69%,49.320757446718204%)"><small>☆</small><span class="username" data-name="RivalET">RivalET</span>:</strong> <em>ye but</em></div><div class="spacer battle-history"><br></div><div class="battle-history">Go! <strong>Misdreavus</strong>!<br></div><div class="battle-history"><small>Pointed stones dug into Misdreavus!</small><br></div><div class="spacer battle-history"><br></div><h2 class="battle-history">Turn 9</h2><div class="chat chatmessage-rivalet"><strong style="color:hsl(1,69%,49.320757446718204%)"><small>☆</small><span class="username" data-name="RivalET">RivalET</span>:</strong> <em>winning every game w/ muk gets stale</em></div><div class="spacer battle-history"><br></div><div class="battle-history">Misdreavus used <strong>Hidden Power</strong>!<br></div><div class="battle-history"><small>It's super effective!</small><br></div><div class="battle-history"><small>(The opposing Bismark lost <abbr title="−130/311">41.8%</abbr> of its health!)</small><br></div><div class="spacer battle-history"><br></div><div class="battle-history">The opposing Bismark used <strong>Facade</strong>!<br></div><div class="battle-history"><small>(Misdreavus lost <abbr title="−136/261">52.1%</abbr> of its health!)</small><br></div><div class="spacer battle-history"><br></div><h2 class="battle-history">Turn 10</h2><div class="spacer battle-history"><br></div><div class="battle-history">Misdreavus used <strong>Hidden Power</strong>!<br></div><div class="battle-history"><small>It's super effective!</small><br></div><div class="battle-history"><small>(The opposing Bismark lost <abbr title="−40/311">12.9%</abbr> of its health!)</small><br></div><div class="spacer battle-history"><br></div><div class="battle-history">The opposing Bismark fainted!<br></div><div class="spacer battle-history"><br></div><div class="battle-history">RivalET sent out Mis Dre (<strong>Misdreavus</strong>)!<br></div><div class="battle-history"><small>Pointed stones dug into the opposing Mis Dre!</small><br></div><div class="spacer battle-history"><br></div><h2 class="battle-history">Turn 11</h2><div class="spacer battle-history"><br></div><div class="battle-history">Misdreavus, come back!<br></div><div class="battle-history">Go! <strong>Clefairy</strong>!<br></div><div class="spacer battle-history"><br></div><div class="battle-history">The opposing Mis Dre used <strong>Shadow Ball</strong>!<br></div><div class="battle-history"><small>(Clefairy lost <abbr title="−67/344">19.5%</abbr> of its health!)</small><br></div><div class="spacer battle-history"><br></div><h2 class="battle-history">Turn 12</h2><div class="spacer battle-history"><br></div><div class="battle-history">The opposing Mis Dre used <strong>Taunt</strong>!<br></div><div class="battle-history"><small>Clefairy fell for the taunt!</small><br></div><div class="spacer battle-history"><br></div><div class="battle-history">Clefairy can't use Thunder Wave after the taunt!<br></div><div class="spacer battle-history"><br></div><h2 class="battle-history">Turn 13</h2><div class="spacer battle-history"><br></div><div class="battle-history">Clefairy, come back!<br></div><div class="battle-history">Go! <strong>Lumineon</strong>!<br></div><div class="battle-history"><small>Pointed stones dug into Lumineon!</small><br></div><div class="battle-history"><small>Lumineon is hurt by the spikes!</small><br></div><div class="spacer battle-history"><br></div><div class="battle-history">The opposing Mis Dre used <strong>Nasty Plot</strong>!<br></div><div class="battle-history"><small>The opposing Mis Dre's Special Attack rose sharply!</small><br></div><div class="spacer battle-history"><br></div><h2 class="battle-history">Turn 14</h2><div class="spacer battle-history"><br></div><div class="battle-history">Lumineon used <strong>Scald</strong>!<br></div><div class="battle-history"><small>(The opposing Mis Dre lost <abbr title="−54/261">20.7%</abbr> of its health!)</small><br></div><div class="spacer battle-history"><br></div><div class="battle-history">The opposing Mis Dre used <strong>Shadow Ball</strong>!<br></div><div class="battle-history"><small>(Lumineon lost <abbr title="−234/342">68.4%</abbr> of its health!)</small><br></div><div class="spacer battle-history"><br></div><h2 class="battle-history">Turn 15</h2><div class="spacer battle-history"><br></div><div class="battle-history">Lumineon used <strong>Defog</strong>!<br></div><div class="battle-history"><small>The opposing Mis Dre's evasiveness fell!</small><br></div><div class="battle-history"><small>The pointed stones disappeared from around the opposing team!</small><br></div><div class="battle-history"><small>The spikes disappeared from the ground around your team!</small><br></div><div class="battle-history"><small>The pointed stones disappeared from around your team!</small><br></div><div class="spacer battle-history"><br></div><div class="battle-history">The opposing Mis Dre used <strong>Shadow Ball</strong>!<br></div><div class="battle-history"><small>A critical hit!</small><br></div><div class="battle-history"><small>(Lumineon lost <abbr title="−24/342">7.0%</abbr> of its health!)</small><br></div><div class="spacer battle-history"><br></div><div class="battle-history">Lumineon fainted!<br></div><div class="spacer battle-history"><br></div><div class="battle-history">Go! <strong>Clefairy</strong>!<br></div><div class="spacer battle-history"><br></div><h2 class="battle-history">Turn 16</h2><div class="chat chatmessage-rivalet"><strong style="color:hsl(1,69%,49.320757446718204%)"><small>☆</small><span class="username" data-name="RivalET">RivalET</span>:</strong> <em>watch the BD smeargle</em></div><div class="spacer battle-history"><br></div><div class="battle-history">The opposing Mis Dre used <strong>Shadow Ball</strong>!<br></div><div class="battle-history"><small>(Clefairy lost <abbr title="−157/344">45.6%</abbr> of its health!)</small><br></div><div class="spacer battle-history"><br></div><div class="battle-history">Clefairy used <strong>Knock Off</strong>!<br></div><div class="battle-history"><small>It's super effective!</small><br></div><div class="battle-history"><small>(The opposing Mis Dre lost <abbr title="−78/261">29.9%</abbr> of its health!)</small><br></div><div class="battle-history"><small>Clefairy knocked off the opposing Mis Dre's Eviolite!</small><br></div><div class="spacer battle-history"><br></div><h2 class="battle-history">Turn 17</h2><div class="spacer battle-history"><br></div><div class="battle-history">The opposing Mis Dre used <strong>Shadow Ball</strong>!<br></div><div class="battle-history"><small>(Clefairy lost <abbr title="−120/344">34.9%</abbr> of its health!)</small><br></div><div class="spacer battle-history"><br></div><div class="battle-history">Clefairy fainted!<br></div><div class="spacer battle-history"><br></div><div class="battle-history">Go! <strong>Misdreavus</strong>!<br></div><div class="spacer battle-history"><br></div><h2 class="battle-history">Turn 18</h2><div class="spacer battle-history"><br></div><div class="battle-history">The opposing Mis Dre used <strong>Shadow Ball</strong>!<br></div><div class="battle-history"><small>It's super effective!</small><br></div><div class="battle-history"><small>(Misdreavus lost <abbr title="−93/261">35.6%</abbr> of its health!)</small><br></div><div class="spacer battle-history"><br></div><div class="battle-history">Misdreavus fainted!<br></div><div class="spacer battle-history"><br></div><div class="battle-history">Go! <strong>Smeargle</strong>!<br></div><div class="spacer battle-history"><br></div><h2 class="battle-history">Turn 19</h2><div class="chat chatmessage-neoelvis"><strong style="color:hsl(96,64%,35%)"><small>☆</small><span class="username" data-name="neoELVIS">neoELVIS</span>:</strong> <em>gg</em></div><div class="chat chatmessage-neoelvis"><strong style="color:hsl(96,64%,35%)"><small>☆</small><span class="username" data-name="neoELVIS">neoELVIS</span>:</strong> <em>iacant hit</em></div><div class="chat chatmessage-quagsgone"><strong style="color:hsl(283,77%,45.76726876648347%)"><small> </small><span class="username" data-name="quagsgone">quagsgone</span>:</strong> <em>what set?</em></div><div class="chat chatmessage-quagsgone"><strong style="color:hsl(283,77%,45.76726876648347%)"><small> </small><span class="username" data-name="quagsgone">quagsgone</span>:</strong> <em>bd</em></div><div class="chat chatmessage-neoelvis"><strong style="color:hsl(96,64%,35%)"><small>☆</small><span class="username" data-name="neoELVIS">neoELVIS</span>:</strong> <em>lol</em></div><div class="chat chatmessage-rivalet"><strong style="color:hsl(1,69%,49.320757446718204%)"><small>☆</small><span class="username" data-name="RivalET">RivalET</span>:</strong> <em>I WAS TIMID ALL ALONG</em></div><div class="chat chatmessage-beksel"><strong style="color:hsl(31,69%,45%)"><small> </small><span class="username" data-name="Beksel ✘">Beksel ✘</span>:</strong> <em>missdreavus beat stall no audino</em></div><div class="spacer battle-history"><br></div><div class="battle-history">Smeargle used <strong>Extreme Speed</strong>!<br></div><div class="battle-history"><small>It doesn't affect the opposing Mis Dre...</small><br></div><div class="spacer battle-history"><br></div><div class="battle-history">The opposing Mis Dre used <strong>Taunt</strong>!<br></div><div class="battle-history"><small>Smeargle fell for the taunt!</small><br></div><div class="spacer battle-history"><br></div><h2 class="battle-history">Turn 20</h2><div class="chat chatmessage-neoelvis"><strong style="color:hsl(96,64%,35%)"><small>☆</small><span class="username" data-name="neoELVIS">neoELVIS</span>:</strong> <em>sigh</em></div><div class="chat chatmessage-quagsgone"><strong style="color:hsl(283,77%,45.76726876648347%)"><small> </small><span class="username" data-name="quagsgone">quagsgone</span>:</strong> <em>so what 3 moves are u?</em></div><div class="spacer battle-history"><br></div><div class="battle-history">The opposing Mis Dre used <strong>Hidden Power</strong>!<br></div><div class="battle-history"><small>It's super effective!</small><br></div><div class="battle-history"><small>(Smeargle lost <abbr title="−274/274">100%</abbr> of its health!)</small><br></div><div class="spacer battle-history"><br></div><div class="battle-history">Smeargle fainted!<br></div><div class="spacer battle-history"><br></div><div class="battle-history"><strong>RivalET</strong> won the battle!<br></div><div class="chat chatmessage-quagsgone"><strong style="color:hsl(283,77%,45.76726876648347%)"><small> </small><span class="username" data-name="quagsgone">quagsgone</span>:</strong> <em>+bd</em></div><div class="chat chatmessage-rivalet"><strong style="color:hsl(1,69%,49.320757446718204%)"><small>☆</small><span class="username" data-name="RivalET">RivalET</span>:</strong> <em>ggs mang</em></div><div class="chat chatmessage-neoelvis"><strong style="color:hsl(96,64%,35%)"><small>☆</small><span class="username" data-name="neoELVIS">neoELVIS</span>:</strong> <em>dark void e speed and bone</em></div><div class="chat chatmessage-quagsgone"><strong style="color:hsl(283,77%,45.76726876648347%)"><small> </small><span class="username" data-name="quagsgone">quagsgone</span>:</strong> <em>ah</em></div><div class="chat chatmessage-neoelvis"><strong style="color:hsl(96,64%,35%)"><small>☆</small><span class="username" data-name="neoELVIS">neoELVIS</span>:</strong> <em>ggs</em></div><div class="chat"><small>quagsgone left.</small></div><div class="chat"><small>Beksel ✘ left.</small></div><div class="chat"><small>neoELVIS left.</small></div></div><div class="inner-preempt"></div></div></div>
</div>
<script>
let daily = Math.floor(Date.now()/1000/60/60/24);document.write('<script src="https://play.pokemonshowdown.com/js/replay-embed.js?version'+daily+'"></'+'script>');
</script>
