<!DOCTYPE html>
<meta charset="utf-8" />
<!-- version 1 -->
<title>PU replay: Swoobat Sucks vs. Tuthur1EXC</title>
<style>
html,body {font-family:Verdana, sans-serif;font-size:10pt;margin:0;padding:0;}body{padding:12px 0;} .battle-log {font-family:Verdana, sans-serif;font-size:10pt;} .battle-log-inline {border:1px solid #AAAAAA;background:#EEF2F5;color:black;max-width:640px;margin:0 auto 80px;padding-bottom:5px;} .battle-log .inner {padding:4px 8px 0px 8px;} .battle-log .inner-preempt {padding:0 8px 4px 8px;} .battle-log .inner-after {margin-top:0.5em;} .battle-log h2 {margin:0.5em -8px;padding:4px 8px;border:1px solid #AAAAAA;background:#E0E7EA;border-left:0;border-right:0;font-family:Verdana, sans-serif;font-size:13pt;} .battle-log .chat {vertical-align:middle;padding:3px 0 3px 0;font-size:8pt;} .battle-log .chat strong {color:#40576A;} .battle-log .chat em {padding:1px 4px 1px 3px;color:#000000;font-style:normal;} .chat.mine {background:rgba(0,0,0,0.05);margin-left:-8px;margin-right:-8px;padding-left:8px;padding-right:8px;} .spoiler {color:#BBBBBB;background:#BBBBBB;padding:0px 3px;} .spoiler:hover, .spoiler:active, .spoiler-shown {color:#000000;background:#E2E2E2;padding:0px 3px;} .spoiler a {color:#BBBBBB;} .spoiler:hover a, .spoiler:active a, .spoiler-shown a {color:#2288CC;} .chat code, .chat .spoiler:hover code, .chat .spoiler:active code, .chat .spoiler-shown code {border:1px solid #C0C0C0;background:#EEEEEE;color:black;padding:0 2px;} .chat .spoiler code {border:1px solid #CCCCCC;background:#CCCCCC;color:#CCCCCC;} .battle-log .rated {padding:3px 4px;} .battle-log .rated strong {color:white;background:#89A;padding:1px 4px;border-radius:4px;} .spacer {margin-top:0.5em;} .message-announce {background:#6688AA;color:white;padding:1px 4px 2px;} .message-announce a, .broadcast-green a, .broadcast-blue a, .broadcast-red a {color:#DDEEFF;} .broadcast-green {background-color:#559955;color:white;padding:2px 4px;} .broadcast-blue {background-color:#6688AA;color:white;padding:2px 4px;} .infobox {border:1px solid #6688AA;padding:2px 4px;} .infobox-limited {max-height:200px;overflow:auto;overflow-x:hidden;} .broadcast-red {background-color:#AA5544;color:white;padding:2px 4px;} .message-learn-canlearn {font-weight:bold;color:#228822;text-decoration:underline;} .message-learn-cannotlearn {font-weight:bold;color:#CC2222;text-decoration:underline;} .message-effect-weak {font-weight:bold;color:#CC2222;} .message-effect-resist {font-weight:bold;color:#6688AA;} .message-effect-immune {font-weight:bold;color:#666666;} .message-learn-list {margin-top:0;margin-bottom:0;} .message-throttle-notice, .message-error {color:#992222;} .message-overflow, .chat small.message-overflow {font-size:0pt;} .message-overflow::before {font-size:9pt;content:'...';} .subtle {color:#3A4A66;}
</style>
<div class="wrapper replay-wrapper" style="max-width:1180px;margin:0 auto">
<input type="hidden" name="replayid" value="pu-562515003" />
<div class="battle"></div><div class="battle-log"></div><div class="replay-controls"></div><div class="replay-controls-2"></div>
<h1 style="font-weight:normal;text-align:center"><strong>PU</strong><br /><a href="http://pokemonshowdown.com/users/swoobatsucks" class="subtle" target="_blank">Swoobat Sucks</a> vs. <a href="http://pokemonshowdown.com/users/tuthur1exc" class="subtle" target="_blank">Tuthur1EXC</a></h1>
<script type="text/plain" class="battle-log-data">|j|Swoobat Sucks
|j|Tuthur1EXC
|player|p1|Swoobat Sucks|168
|player|p2|Tuthur1EXC|267
|gametype|singles
|gen|6
|tier|PU
|seed|32819,50584,42374,50837
|rule|Sleep Clause Mod: Limit one foe put to sleep
|rule|Species Clause: Limit one of each Pokémon
|rule|OHKO Clause: OHKO moves are banned
|rule|Moody Clause: Moody is banned
|rule|Evasion Moves Clause: Evasion moves are banned
|rule|Endless Battle Clause: Forcing endless battles is banned
|rule|HP Percentage Mod: HP is shown in percentages
|clearpoke
|poke|p1|Lumineon, F|item
|poke|p1|Rotom-Frost|item
|poke|p1|Bronzor|item
|poke|p1|Jumpluff, M|
|poke|p1|Combusken, M|item
|poke|p1|Grumpig, M|item
|poke|p2|Mawile, F|item
|poke|p2|Leavanny, F|item
|poke|p2|Electrode|item
|poke|p2|Stoutland, F|item
|poke|p2|Golem, M|item
|poke|p2|Swanna, F|item
|rule|Swagger Clause: Swagger is banned
|rule|Baton Pass Clause: Limit one Baton Passer, can't pass Spe and other stats simultaneously
|teampreview
|j|TIBot
|c|☆Tuthur1EXC|glhf
|choice|team 2, team 1, team 3, team 4, team 5, team 6|team 2, team 1, team 3, team 4, team 5, team 6
|
|start
|switch|p1a: Rotom|Rotom-Frost|241\/241
|switch|p2a: Manternel|Leavanny, F|291\/291
|turn|1
|choice|move voltswitch|move stickyweb
|
|move|p1a: Rotom|Volt Switch|p2a: Manternel
|-resisted|p2a: Manternel
|-damage|p2a: Manternel|216\/291
|choice|switch 4|
|
|switch|p1a: Jumpluff|Jumpluff, M|291\/291
|move|p2a: Manternel|Sticky Web|p1a: Jumpluff
|-sidestart|p1: Swoobat Sucks|move: Sticky Web
|
|upkeep
|turn|2
|choice|move sleeppowder|move electroweb
|
|move|p1a: Jumpluff|Sleep Powder|p2a: Manternel
|-immune|p2a: Manternel|[msg]
|move|p2a: Manternel|Electroweb|p1a: Jumpluff
|-damage|p1a: Jumpluff|255\/291
|-unboost|p1a: Jumpluff|spe|1
|
|upkeep
|turn|3
|choice|move acrobatics|move electroweb
|
|move|p2a: Manternel|Electroweb|p1a: Jumpluff
|-damage|p1a: Jumpluff|219\/291
|-unboost|p1a: Jumpluff|spe|1
|move|p1a: Jumpluff|Acrobatics|p2a: Manternel
|-supereffective|p2a: Manternel
|-damage|p2a: Manternel|0 fnt
|faint|p2a: Manternel
|
|upkeep
|choice||switch 2
|
|switch|p2a: Mysdibule|Mawile, F|242\/242
|turn|4
|choice|switch 2|move swordsdance
|
|switch|p1a: Lumineon|Lumineon, F|331\/331
|-activate|p1a: Lumineon|move: Sticky Web
|-unboost|p1a: Lumineon|spe|1
|move|p2a: Mysdibule|Swords Dance|p2a: Mysdibule
|-boost|p2a: Mysdibule|atk|2
|
|upkeep
|turn|5
|choice|move defog|move playrough
|
|move|p2a: Mysdibule|Play Rough|p1a: Lumineon
|-crit|p1a: Lumineon
|-damage|p1a: Lumineon|0 fnt
|faint|p1a: Lumineon
|
|upkeep
|c|☆Swoobat Sucks|come onn
|choice|switch 5|
|
|switch|p1a: Combusken|Combusken, M|261\/261
|-activate|p1a: Combusken|move: Sticky Web
|-unboost|p1a: Combusken|spe|1
|turn|6
|c|☆Tuthur1EXC|crits didn't not matter
|choice|move protect|switch 6
|
|switch|p2a: Lakmécygne|Swanna, F|291\/291
|move|p1a: Combusken|Protect|p1a: Combusken
|-fail|p1a: Combusken
|
|-ability|p1a: Combusken|Speed Boost|boost
|-boost|p1a: Combusken|spe|1
|upkeep
|turn|7
|choice|switch 3|move scald
|
|switch|p1a: Bronzor|Bronzor|317\/317
|move|p2a: Lakmécygne|Scald|p1a: Bronzor
|-damage|p1a: Bronzor|220\/317
|-damage|p2a: Lakmécygne|262\/291|[from] item: Life Orb
|
|upkeep
|turn|8
|choice|move stealthrock|switch 6
|
|switch|p2a: Mysdibule|Mawile, F|242\/242
|move|p1a: Bronzor|Stealth Rock|p2a: Mysdibule
|-sidestart|p2: Tuthur1EXC|move: Stealth Rock
|
|upkeep
|turn|9
|choice|move psywave|move playrough
|
|move|p2a: Mysdibule|Play Rough|p1a: Bronzor
|-resisted|p1a: Bronzor
|-damage|p1a: Bronzor|155\/317
|move|p1a: Bronzor|Psywave|p2a: Mysdibule
|-damage|p2a: Mysdibule|114\/242
|
|upkeep
|turn|10
|choice|move psywave|move suckerpunch
|
|move|p2a: Mysdibule|Sucker Punch|p1a: Bronzor
|-supereffective|p1a: Bronzor
|-damage|p1a: Bronzor|38\/317
|-damage|p2a: Mysdibule|90\/242|[from] item: Life Orb
|move|p1a: Bronzor|Psywave|p2a: Mysdibule
|-damage|p2a: Mysdibule|2\/242
|
|upkeep
|turn|11
|choice|move rest|move playrough
|
|move|p2a: Mysdibule|Play Rough|p1a: Bronzor
|-resisted|p1a: Bronzor
|-damage|p1a: Bronzor|0 fnt
|faint|p1a: Bronzor
|
|upkeep
|choice|switch 2|
|
|switch|p1a: Jumpluff|Jumpluff, M|219\/291
|turn|12
|choice|move sleeppowder|move ironhead
|
|move|p1a: Jumpluff|Sleep Powder|p2a: Mysdibule|[miss]
|-miss|p1a: Jumpluff|p2a: Mysdibule
|move|p2a: Mysdibule|Iron Head|p1a: Jumpluff
|-damage|p1a: Jumpluff|0 fnt
|faint|p1a: Jumpluff
|
|upkeep
|c|☆Tuthur1EXC|sry
|choice|switch 3|
|
|switch|p1a: Combusken|Combusken, M|261\/261
|-activate|p1a: Combusken|move: Sticky Web
|-unboost|p1a: Combusken|spe|1
|turn|13
|j|The Golden Banjo
|choice|move protect|move playrough
|
|move|p1a: Combusken|Protect|p1a: Combusken
|-singleturn|p1a: Combusken|Protect
|move|p2a: Mysdibule|Play Rough|p1a: Combusken
|-activate|p1a: Combusken|move: Protect
|
|-ability|p1a: Combusken|Speed Boost|boost
|-boost|p1a: Combusken|spe|1
|upkeep
|turn|14
|j|2xTheTap
|choice|move swordsdance|move playrough
|
|move|p1a: Combusken|Swords Dance|p1a: Combusken
|-boost|p1a: Combusken|atk|2
|move|p2a: Mysdibule|Play Rough|p1a: Combusken
|-damage|p1a: Combusken|0 fnt
|faint|p1a: Combusken
|
|upkeep
|-message|Swoobat Sucks forfeited.
|
|win|Tuthur1EXC
|l|TIBot
|l|Swoobat Sucks
|l|The Golden Banjo
|l|Tuthur1EXC
|j|The Golden Banjo
|l|The Golden Banjo
|j|quagsgone
|l|quagsgone</script>
</div>
<div class="battle-log battle-log-inline"><div class="inner"><div class="battle-options"></div><div class="inner"><div class="chat"><small>Swoobat Sucks joined.</small></div><div class="chat"><small>Tuthur1EXC joined.</small></div><div class=""><small>Format:</small> <br><strong>PU</strong></div><div class=""><small><em>Sleep Clause Mod:</em> Limit one foe put to sleep</small></div><div class=""><small><em>Species Clause:</em> Limit one of each Pokémon</small></div><div class=""><small><em>OHKO Clause:</em> OHKO moves are banned</small></div><div class=""><small><em>Moody Clause:</em> Moody is banned</small></div><div class=""><small><em>Evasion Moves Clause:</em> Evasion moves are banned</small></div><div class=""><small><em>Endless Battle Clause:</em> Forcing endless battles is banned</small></div><div class=""><small><em>HP Percentage Mod:</em> HP is shown in percentages</small></div><div class=""><small><em>Swagger Clause:</em> Swagger is banned</small></div><div class=""><small><em>Baton Pass Clause:</em> Limit one Baton Passer, can't pass Spe and other stats simultaneously</small></div><div class="chat battle-history"><strong>Swoobat Sucks's team:</strong> <em style="color:#445566;display:block;">Lumineon / Rotom-Frost / Bronzor / Jumpluff / Combusken / Grumpig</em></div><div class="chat battle-history"><strong>Tuthur1EXC's team:</strong> <em style="color:#445566;display:block;">Mawile / Leavanny / Electrode / Stoutland / Golem / Swanna</em></div><div class="chat"><small>TIBot joined.</small></div><div class="chat chatmessage-tuthur1exc"><strong style="color:hsl(119,52%,34.22395838701922%)"><small>☆</small><span class="username" data-name="Tuthur1EXC">Tuthur1EXC</span>:</strong> <em>glhf</em></div><div class="spacer battle-history"><br></div><div class="battle-history">Battle started between Swoobat Sucks and Tuthur1EXC!<br></div><div class="spacer battle-history"><br></div><div class="battle-history">Go! Rotom (<strong>Rotom-Frost</strong>)!<br></div><div class="spacer battle-history"><br></div><div class="battle-history">Tuthur1EXC sent out Manternel (<strong>Leavanny</strong>)!<br></div><div class="spacer battle-history"><br></div><h2 class="battle-history">Turn 1</h2><div class="spacer battle-history"><br></div><div class="battle-history">Rotom used <strong>Volt Switch</strong>!<br></div><div class="battle-history"><small>It's not very effective...</small><br></div><div class="battle-history"><small>(The opposing Manternel lost <abbr title="−75/291">25.8%</abbr> of its health!)</small><br></div><div class="spacer battle-history"><br></div><div class="battle-history">Rotom went back to Swoobat Sucks!<br></div><div class="battle-history">Go! <strong>Jumpluff</strong>!<br></div><div class="spacer battle-history"><br></div><div class="battle-history">The opposing Manternel used <strong>Sticky Web</strong>!<br></div><div class="battle-history"><small>A sticky web spreads out on the ground around your team!</small><br></div><div class="spacer battle-history"><br></div><h2 class="battle-history">Turn 2</h2><div class="spacer battle-history"><br></div><div class="battle-history">Jumpluff used <strong>Sleep Powder</strong>!<br></div><div class="battle-history"><small>It doesn't affect the opposing Manternel...</small><br></div><div class="spacer battle-history"><br></div><div class="battle-history">The opposing Manternel used <strong>Electroweb</strong>!<br></div><div class="battle-history"><small>(Jumpluff lost <abbr title="−36/291">12.4%</abbr> of its health!)</small><br></div><div class="battle-history"><small>Jumpluff's Speed fell!</small><br></div><div class="spacer battle-history"><br></div><h2 class="battle-history">Turn 3</h2><div class="spacer battle-history"><br></div><div class="battle-history">The opposing Manternel used <strong>Electroweb</strong>!<br></div><div class="battle-history"><small>(Jumpluff lost <abbr title="−36/291">12.4%</abbr> of its health!)</small><br></div><div class="battle-history"><small>Jumpluff's Speed fell!</small><br></div><div class="spacer battle-history"><br></div><div class="battle-history">Jumpluff used <strong>Acrobatics</strong>!<br></div><div class="battle-history"><small>It's super effective!</small><br></div><div class="battle-history"><small>(The opposing Manternel lost <abbr title="−216/291">74.2%</abbr> of its health!)</small><br></div><div class="spacer battle-history"><br></div><div class="battle-history">The opposing Manternel fainted!<br></div><div class="spacer battle-history"><br></div><div class="battle-history">Tuthur1EXC sent out Mysdibule (<strong>Mawile</strong>)!<br></div><div class="spacer battle-history"><br></div><h2 class="battle-history">Turn 4</h2><div class="spacer battle-history"><br></div><div class="battle-history">Jumpluff, come back!<br></div><div class="battle-history">Go! <strong>Lumineon</strong>!<br></div><div class="battle-history"><small>Lumineon was caught in a sticky web!</small><br></div><div class="battle-history"><small>Lumineon's Speed fell!</small><br></div><div class="spacer battle-history"><br></div><div class="battle-history">The opposing Mysdibule used <strong>Swords Dance</strong>!<br></div><div class="battle-history"><small>The opposing Mysdibule's Attack rose sharply!</small><br></div><div class="spacer battle-history"><br></div><h2 class="battle-history">Turn 5</h2><div class="spacer battle-history"><br></div><div class="battle-history">The opposing Mysdibule used <strong>Play Rough</strong>!<br></div><div class="battle-history"><small>A critical hit!</small><br></div><div class="battle-history"><small>(Lumineon lost <abbr title="−331/331">100%</abbr> of its health!)</small><br></div><div class="spacer battle-history"><br></div><div class="battle-history">Lumineon fainted!<br></div><div class="chat chatmessage-swoobatsucks"><strong style="color:hsl(181,55%,46.8536774868571%)"><small>☆</small><span class="username" data-name="Swoobat Sucks">Swoobat Sucks</span>:</strong> <em>come onn</em></div><div class="spacer battle-history"><br></div><div class="battle-history">Go! <strong>Combusken</strong>!<br></div><div class="battle-history"><small>Combusken was caught in a sticky web!</small><br></div><div class="battle-history"><small>Combusken's Speed fell!</small><br></div><div class="spacer battle-history"><br></div><h2 class="battle-history">Turn 6</h2><div class="chat chatmessage-tuthur1exc"><strong style="color:hsl(119,52%,34.22395838701922%)"><small>☆</small><span class="username" data-name="Tuthur1EXC">Tuthur1EXC</span>:</strong> <em>crits didn't not matter</em></div><div class="spacer battle-history"><br></div><div class="battle-history">Tuthur1EXC withdrew Mysdibule!<br></div><div class="battle-history">Tuthur1EXC sent out Lakmécygne (<strong>Swanna</strong>)!<br></div><div class="spacer battle-history"><br></div><div class="battle-history">Combusken used <strong>Protect</strong>!<br></div><div class="battle-history"><small>But it failed!</small><br></div><div class="spacer battle-history"><br></div><div class="battle-history"><small>[Combusken's Speed Boost]</small><br></div><div class="battle-history"><small>Combusken's Speed rose!</small><br></div><div class="spacer battle-history"><br></div><h2 class="battle-history">Turn 7</h2><div class="spacer battle-history"><br></div><div class="battle-history">Combusken, come back!<br></div><div class="battle-history">Go! <strong>Bronzor</strong>!<br></div><div class="spacer battle-history"><br></div><div class="battle-history">The opposing Lakmécygne used <strong>Scald</strong>!<br></div><div class="battle-history"><small>(Bronzor lost <abbr title="−97/317">30.6%</abbr> of its health!)</small><br></div><div class="battle-history"><small>The opposing Lakmécygne lost some of its HP!</small><br></div><div class="spacer battle-history"><br></div><h2 class="battle-history">Turn 8</h2><div class="spacer battle-history"><br></div><div class="battle-history">Tuthur1EXC withdrew Lakmécygne!<br></div><div class="battle-history">Tuthur1EXC sent out Mysdibule (<strong>Mawile</strong>)!<br></div><div class="spacer battle-history"><br></div><div class="battle-history">Bronzor used <strong>Stealth Rock</strong>!<br></div><div class="battle-history"><small>Pointed stones float in the air around the opposing team!</small><br></div><div class="spacer battle-history"><br></div><h2 class="battle-history">Turn 9</h2><div class="spacer battle-history"><br></div><div class="battle-history">The opposing Mysdibule used <strong>Play Rough</strong>!<br></div><div class="battle-history"><small>It's not very effective...</small><br></div><div class="battle-history"><small>(Bronzor lost <abbr title="−65/317">20.5%</abbr> of its health!)</small><br></div><div class="spacer battle-history"><br></div><div class="battle-history">Bronzor used <strong>Psywave</strong>!<br></div><div class="battle-history"><small>(The opposing Mysdibule lost <abbr title="−128/242">52.9%</abbr> of its health!)</small><br></div><div class="spacer battle-history"><br></div><h2 class="battle-history">Turn 10</h2><div class="spacer battle-history"><br></div><div class="battle-history">The opposing Mysdibule used <strong>Sucker Punch</strong>!<br></div><div class="battle-history"><small>It's super effective!</small><br></div><div class="battle-history"><small>(Bronzor lost <abbr title="−117/317">36.9%</abbr> of its health!)</small><br></div><div class="battle-history"><small>The opposing Mysdibule lost some of its HP!</small><br></div><div class="spacer battle-history"><br></div><div class="battle-history">Bronzor used <strong>Psywave</strong>!<br></div><div class="battle-history"><small>(The opposing Mysdibule lost <abbr title="−88/242">36.4%</abbr> of its health!)</small><br></div><div class="spacer battle-history"><br></div><h2 class="battle-history">Turn 11</h2><div class="spacer battle-history"><br></div><div class="battle-history">The opposing Mysdibule used <strong>Play Rough</strong>!<br></div><div class="battle-history"><small>It's not very effective...</small><br></div><div class="battle-history"><small>(Bronzor lost <abbr title="−38/317">12.0%</abbr> of its health!)</small><br></div><div class="spacer battle-history"><br></div><div class="battle-history">Bronzor fainted!<br></div><div class="spacer battle-history"><br></div><div class="battle-history">Go! <strong>Jumpluff</strong>!<br></div><div class="spacer battle-history"><br></div><h2 class="battle-history">Turn 12</h2><div class="spacer battle-history"><br></div><div class="battle-history">Jumpluff used <strong>Sleep Powder</strong>!<br></div><div class="battle-history"><small>The opposing Mysdibule avoided the attack!</small><br></div><div class="spacer battle-history"><br></div><div class="battle-history">The opposing Mysdibule used <strong>Iron Head</strong>!<br></div><div class="battle-history"><small>(Jumpluff lost <abbr title="−219/291">75.3%</abbr> of its health!)</small><br></div><div class="spacer battle-history"><br></div><div class="battle-history">Jumpluff fainted!<br></div><div class="chat chatmessage-tuthur1exc"><strong style="color:hsl(119,52%,34.22395838701922%)"><small>☆</small><span class="username" data-name="Tuthur1EXC">Tuthur1EXC</span>:</strong> <em>sry</em></div><div class="spacer battle-history"><br></div><div class="battle-history">Go! <strong>Combusken</strong>!<br></div><div class="battle-history"><small>Combusken was caught in a sticky web!</small><br></div><div class="battle-history"><small>Combusken's Speed fell!</small><br></div><div class="spacer battle-history"><br></div><h2 class="battle-history">Turn 13</h2><div class="chat"><small>The Golden Banjo joined.</small></div><div class="spacer battle-history"><br></div><div class="battle-history">Combusken used <strong>Protect</strong>!<br></div><div class="battle-history"><small>Combusken protected itself!</small><br></div><div class="spacer battle-history"><br></div><div class="battle-history">The opposing Mysdibule used <strong>Play Rough</strong>!<br></div><div class="battle-history"><small>Combusken protected itself!</small><br></div><div class="spacer battle-history"><br></div><div class="battle-history"><small>[Combusken's Speed Boost]</small><br></div><div class="battle-history"><small>Combusken's Speed rose!</small><br></div><div class="spacer battle-history"><br></div><h2 class="battle-history">Turn 14</h2><div class="chat"><small>2xTheTap joined.</small></div><div class="spacer battle-history"><br></div><div class="battle-history">Combusken used <strong>Swords Dance</strong>!<br></div><div class="battle-history"><small>Combusken's Attack rose sharply!</small><br></div><div class="spacer battle-history"><br></div><div class="battle-history">The opposing Mysdibule used <strong>Play Rough</strong>!<br></div><div class="battle-history"><small>(Combusken lost <abbr title="−261/261">100%</abbr> of its health!)</small><br></div><div class="spacer battle-history"><br></div><div class="battle-history">Combusken fainted!<br></div><div class="spacer battle-history"><br></div><div class="battle-history"><small>Swoobat Sucks forfeited.</small><br></div><div class="spacer battle-history"><br></div><div class="battle-history"><strong>Tuthur1EXC</strong> won the battle!<br></div><div class="chat"><small>TIBot left.</small></div><div class="chat"><small>Swoobat Sucks left.</small></div><div class="chat"><small>The Golden Banjo left.</small></div><div class="chat"><small>Tuthur1EXC left.</small></div><div class="chat"><small>The Golden Banjo joined.</small></div><div class="chat"><small>The Golden Banjo left.</small></div><div class="chat"><small>quagsgone joined.</small></div><div class="chat"><small>quagsgone left.</small></div></div><div class="inner-preempt"></div></div></div>
</div>
<script>
let daily = Math.floor(Date.now()/1000/60/60/24);document.write('<script src="https://play.pokemonshowdown.com/js/replay-embed.js?version'+daily+'"></'+'script>');
</script>
