<!DOCTYPE html>
<meta charset="utf-8" />
<!-- version 1 -->
<title>UU replay: Knope vs. PakiSkan11</title>
<style>
html,body {font-family:Verdana, sans-serif;font-size:10pt;margin:0;padding:0;}body{padding:12px 0;} .battle-log {font-family:Verdana, sans-serif;font-size:10pt;} .battle-log-inline {border:1px solid #AAAAAA;background:#EEF2F5;color:black;max-width:640px;margin:0 auto 80px;padding-bottom:5px;} .battle-log .inner {padding:4px 8px 0px 8px;} .battle-log .inner-preempt {padding:0 8px 4px 8px;} .battle-log .inner-after {margin-top:0.5em;} .battle-log h2 {margin:0.5em -8px;padding:4px 8px;border:1px solid #AAAAAA;background:#E0E7EA;border-left:0;border-right:0;font-family:Verdana, sans-serif;font-size:13pt;} .battle-log .chat {vertical-align:middle;padding:3px 0 3px 0;font-size:8pt;} .battle-log .chat strong {color:#40576A;} .battle-log .chat em {padding:1px 4px 1px 3px;color:#000000;font-style:normal;} .chat.mine {background:rgba(0,0,0,0.05);margin-left:-8px;margin-right:-8px;padding-left:8px;padding-right:8px;} .spoiler {color:#BBBBBB;background:#BBBBBB;padding:0px 3px;} .spoiler:hover, .spoiler:active, .spoiler-shown {color:#000000;background:#E2E2E2;padding:0px 3px;} .spoiler a {color:#BBBBBB;} .spoiler:hover a, .spoiler:active a, .spoiler-shown a {color:#2288CC;} .chat code, .chat .spoiler:hover code, .chat .spoiler:active code, .chat .spoiler-shown code {border:1px solid #C0C0C0;background:#EEEEEE;color:black;padding:0 2px;} .chat .spoiler code {border:1px solid #CCCCCC;background:#CCCCCC;color:#CCCCCC;} .battle-log .rated {padding:3px 4px;} .battle-log .rated strong {color:white;background:#89A;padding:1px 4px;border-radius:4px;} .spacer {margin-top:0.5em;} .message-announce {background:#6688AA;color:white;padding:1px 4px 2px;} .message-announce a, .broadcast-green a, .broadcast-blue a, .broadcast-red a {color:#DDEEFF;} .broadcast-green {background-color:#559955;color:white;padding:2px 4px;} .broadcast-blue {background-color:#6688AA;color:white;padding:2px 4px;} .infobox {border:1px solid #6688AA;padding:2px 4px;} .infobox-limited {max-height:200px;overflow:auto;overflow-x:hidden;} .broadcast-red {background-color:#AA5544;color:white;padding:2px 4px;} .message-learn-canlearn {font-weight:bold;color:#228822;text-decoration:underline;} .message-learn-cannotlearn {font-weight:bold;color:#CC2222;text-decoration:underline;} .message-effect-weak {font-weight:bold;color:#CC2222;} .message-effect-resist {font-weight:bold;color:#6688AA;} .message-effect-immune {font-weight:bold;color:#666666;} .message-learn-list {margin-top:0;margin-bottom:0;} .message-throttle-notice, .message-error {color:#992222;} .message-overflow, .chat small.message-overflow {font-size:0pt;} .message-overflow::before {font-size:9pt;content:'...';} .subtle {color:#3A4A66;}
</style>
<div class="wrapper replay-wrapper" style="max-width:1180px;margin:0 auto">
<input type="hidden" name="replayid" value="uu-590691815" />
<div class="battle"></div><div class="battle-log"></div><div class="replay-controls"></div><div class="replay-controls-2"></div>
<h1 style="font-weight:normal;text-align:center"><strong>UU</strong><br /><a href="http://pokemonshowdown.com/users/knope" class="subtle" target="_blank">Knope</a> vs. <a href="http://pokemonshowdown.com/users/pakiskan11" class="subtle" target="_blank">PakiSkan11</a></h1>
<script type="text/plain" class="battle-log-data">|j|Knope
|j|PakiSkan11
|player|p1|Knope|80
|teamsize|p1|6
|player|p2|PakiSkan11|149
|teamsize|p2|6
|gametype|singles
|gen|6
|tier|UU
|rated
|seed|55680,39530,19749,18770
|rule|Sleep Clause Mod: Limit one foe put to sleep
|rule|Species Clause: Limit one of each Pokémon
|rule|OHKO Clause: OHKO moves are banned
|rule|Moody Clause: Moody is banned
|rule|Evasion Moves Clause: Evasion moves are banned
|rule|Endless Battle Clause: Forcing endless battles is banned
|rule|HP Percentage Mod: HP is shown in percentages
|clearpoke
|poke|p1|Shaymin|item
|poke|p1|Tentacruel, F|item
|poke|p1|Aggron, F|item
|poke|p1|Infernape, M|item
|poke|p1|Noivern, F|item
|poke|p1|Golurk|item
|poke|p2|Infernape, M|item
|poke|p2|Porygon-Z|item
|poke|p2|Tyrantrum, M, shiny|item
|poke|p2|Cresselia, F, shiny|item
|poke|p2|Drapion, M, shiny|item
|poke|p2|Steelix, M|item
|rule|Swagger Clause: Swagger is banned
|rule|Baton Pass Clause: Limit one Baton Passer, can't pass Spe and other stats simultaneously
|teampreview
|inactive|Battle timer is ON: inactive players will automatically lose when time's up. (requested by PakiSkan11)
|choice|team 6, team 2, team 3, team 4, team 5, team 1|team 1, team 2, team 3, team 4, team 5, team 6
|
|start
|switch|p1a: Golurk|Golurk|382\/382
|switch|p2a: Infernape|Infernape, M|293\/293
|turn|1
|choice|move earthquake|move grassknot
|
|move|p2a: Infernape|Grass Knot|p1a: Golurk
|-supereffective|p1a: Golurk
|-damage|p1a: Golurk|26\/382
|-damage|p2a: Infernape|264\/293|[from] item: Life Orb
|move|p1a: Golurk|Earthquake|p2a: Infernape
|-supereffective|p2a: Infernape
|-damage|p2a: Infernape|0 fnt
|faint|p2a: Infernape
|
|upkeep
|choice||switch 5
|
|switch|p2a: Drapion|Drapion, M, shiny|343\/343
|turn|2
|choice|move earthquake|move knockoff
|
|move|p2a: Drapion|Knock Off|p1a: Golurk
|-supereffective|p1a: Golurk
|-enditem|p1a: Golurk|Colbur Berry|[eat]
|-enditem|p1a: Golurk|Colbur Berry|[weaken]
|-damage|p1a: Golurk|0 fnt
|faint|p1a: Golurk
|
|upkeep
|choice|switch 5|
|
|switch|p1a: Noivern|Noivern, F|311\/311
|-item|p2a: Drapion|Black Sludge|[from] ability: Frisk|[of] p1a: Noivern|[identify]
|turn|3
|choice|move dracometeor|move knockoff
|
|move|p1a: Noivern|Draco Meteor|p2a: Drapion
|-damage|p2a: Drapion|3\/343
|-unboost|p1a: Noivern|spa|2
|move|p2a: Drapion|Knock Off|p1a: Noivern
|-damage|p1a: Noivern|191\/311
|-enditem|p1a: Noivern|Choice Specs|[from] move: Knock Off|[of] p2a: Drapion
|
|-heal|p2a: Drapion|24\/343|[from] item: Black Sludge
|upkeep
|turn|4
|choice|move uturn|move poisonjab
|
|move|p1a: Noivern|U-turn|p2a: Drapion
|-damage|p2a: Drapion|1\/343
|-message|Knope forfeited.
|
|win|PakiSkan11
|l|Knope
|raw|Knope's rating: 1337 &rarr; <strong>1310<\/strong><br \/>(-27 for losing)
|raw|PakiSkan11's rating: 1206 &rarr; <strong>1240<\/strong><br \/>(+34 for winning)</script>
</div>
<div class="battle-log battle-log-inline"><div class="inner"><div class="battle-options"></div><div class="inner"><div class="chat"><small>Knope joined.</small></div><div class="chat"><small>PakiSkan11 joined.</small></div><div class=""><small>Format:</small> <br><strong>UU</strong></div><div class="rated"><strong>Rated battle</strong></div><div class=""><small><em>Sleep Clause Mod:</em> Limit one foe put to sleep</small></div><div class=""><small><em>Species Clause:</em> Limit one of each Pokémon</small></div><div class=""><small><em>OHKO Clause:</em> OHKO moves are banned</small></div><div class=""><small><em>Moody Clause:</em> Moody is banned</small></div><div class=""><small><em>Evasion Moves Clause:</em> Evasion moves are banned</small></div><div class=""><small><em>Endless Battle Clause:</em> Forcing endless battles is banned</small></div><div class=""><small><em>HP Percentage Mod:</em> HP is shown in percentages</small></div><div class=""><small><em>Swagger Clause:</em> Swagger is banned</small></div><div class=""><small><em>Baton Pass Clause:</em> Limit one Baton Passer, can't pass Spe and other stats simultaneously</small></div><div class="chat battle-history"><strong>Knope's team:</strong> <em style="color:#445566;display:block;">Shaymin / Tentacruel / Aggron / Infernape / Noivern / Golurk</em></div><div class="chat battle-history"><strong>PakiSkan11's team:</strong> <em style="color:#445566;display:block;">Infernape / Porygon-Z / Tyrantrum / Cresselia / Drapion / Steelix</em></div><div class="chat message-error">Battle timer is ON: inactive players will automatically lose when time's up. (requested by PakiSkan11)</div><div class="spacer battle-history"><br></div><div class="battle-history">Battle started between Knope and PakiSkan11!<br></div><div class="spacer battle-history"><br></div><div class="battle-history">Go! <strong>Golurk</strong>!<br></div><div class="spacer battle-history"><br></div><div class="battle-history">PakiSkan11 sent out <strong>Infernape</strong>!<br></div><div class="spacer battle-history"><br></div><h2 class="battle-history">Turn 1</h2><div class="spacer battle-history"><br></div><div class="battle-history">The opposing Infernape used <strong>Grass Knot</strong>!<br></div><div class="battle-history"><small>It's super effective!</small><br></div><div class="battle-history"><small>(Golurk lost <abbr title="−356/382">93.2%</abbr> of its health!)</small><br></div><div class="battle-history"><small>The opposing Infernape lost some of its HP!</small><br></div><div class="spacer battle-history"><br></div><div class="battle-history">Golurk used <strong>Earthquake</strong>!<br></div><div class="battle-history"><small>It's super effective!</small><br></div><div class="battle-history"><small>(The opposing Infernape lost <abbr title="−264/293">90.1%</abbr> of its health!)</small><br></div><div class="spacer battle-history"><br></div><div class="battle-history">The opposing Infernape fainted!<br></div><div class="spacer battle-history"><br></div><div class="battle-history">PakiSkan11 sent out <strong>Drapion</strong>!<br></div><div class="spacer battle-history"><br></div><h2 class="battle-history">Turn 2</h2><div class="spacer battle-history"><br></div><div class="battle-history">The opposing Drapion used <strong>Knock Off</strong>!<br></div><div class="battle-history"><small>It's super effective!</small><br></div><div class="battle-history"><small>Golurk ate its Colbur Berry!</small><br></div><div class="battle-history"><small>The Colbur Berry weakened the damage to Golurk!</small><br></div><div class="battle-history"><small>(Golurk lost <abbr title="−26/382">6.8%</abbr> of its health!)</small><br></div><div class="spacer battle-history"><br></div><div class="battle-history">Golurk fainted!<br></div><div class="spacer battle-history"><br></div><div class="battle-history">Go! <strong>Noivern</strong>!<br></div><div class="battle-history"><small>[Noivern's Frisk]</small><br><small>Noivern frisked the opposing Drapion and found its Black Sludge!</small><br></div><div class="spacer battle-history"><br></div><h2 class="battle-history">Turn 3</h2><div class="spacer battle-history"><br></div><div class="battle-history">Noivern used <strong>Draco Meteor</strong>!<br></div><div class="battle-history"><small>(The opposing Drapion lost <abbr title="−340/343">99.1%</abbr> of its health!)</small><br></div><div class="battle-history"><small>Noivern's Special Attack fell harshly!</small><br></div><div class="spacer battle-history"><br></div><div class="battle-history">The opposing Drapion used <strong>Knock Off</strong>!<br></div><div class="battle-history"><small>(Noivern lost <abbr title="−120/311">38.6%</abbr> of its health!)</small><br></div><div class="battle-history"><small>The opposing Drapion knocked off Noivern's Choice Specs!</small><br></div><div class="spacer battle-history"><br></div><div class="battle-history"><small>The opposing Drapion restored a little HP using its Black Sludge!</small><br></div><div class="spacer battle-history"><br></div><h2 class="battle-history">Turn 4</h2><div class="spacer battle-history"><br></div><div class="battle-history">Noivern used <strong>U-turn</strong>!<br></div><div class="battle-history"><small>(The opposing Drapion lost <abbr title="−23/343">6.7%</abbr> of its health!)</small><br></div><div class="battle-history"><small>Knope forfeited.</small><br></div><div class="spacer battle-history"><br></div><div class="battle-history"><strong>PakiSkan11</strong> won the battle!<br></div><div class="chat"><small>Knope left.</small></div><div class="chat">Knope's rating: 1337 → <strong>1310</strong><br>(-27 for losing)</div><div class="chat">PakiSkan11's rating: 1206 → <strong>1240</strong><br>(+34 for winning)</div></div><div class="inner-preempt"></div></div></div>
</div>
<script>
let daily = Math.floor(Date.now()/1000/60/60/24);document.write('<script src="https://play.pokemonshowdown.com/js/replay-embed.js?version'+daily+'"></'+'script>');
</script>
