<!DOCTYPE html>
<meta charset="utf-8" />
<!-- version 1 -->
<title>UU replay: Parnstar vs. ss9x</title>
<style>
html,body {font-family:Verdana, sans-serif;font-size:10pt;margin:0;padding:0;}body{padding:12px 0;} .battle-log {font-family:Verdana, sans-serif;font-size:10pt;} .battle-log-inline {border:1px solid #AAAAAA;background:#EEF2F5;color:black;max-width:640px;margin:0 auto 80px;padding-bottom:5px;} .battle-log .inner {padding:4px 8px 0px 8px;} .battle-log .inner-preempt {padding:0 8px 4px 8px;} .battle-log .inner-after {margin-top:0.5em;} .battle-log h2 {margin:0.5em -8px;padding:4px 8px;border:1px solid #AAAAAA;background:#E0E7EA;border-left:0;border-right:0;font-family:Verdana, sans-serif;font-size:13pt;} .battle-log .chat {vertical-align:middle;padding:3px 0 3px 0;font-size:8pt;} .battle-log .chat strong {color:#40576A;} .battle-log .chat em {padding:1px 4px 1px 3px;color:#000000;font-style:normal;} .chat.mine {background:rgba(0,0,0,0.05);margin-left:-8px;margin-right:-8px;padding-left:8px;padding-right:8px;} .spoiler {color:#BBBBBB;background:#BBBBBB;padding:0px 3px;} .spoiler:hover, .spoiler:active, .spoiler-shown {color:#000000;background:#E2E2E2;padding:0px 3px;} .spoiler a {color:#BBBBBB;} .spoiler:hover a, .spoiler:active a, .spoiler-shown a {color:#2288CC;} .chat code, .chat .spoiler:hover code, .chat .spoiler:active code, .chat .spoiler-shown code {border:1px solid #C0C0C0;background:#EEEEEE;color:black;padding:0 2px;} .chat .spoiler code {border:1px solid #CCCCCC;background:#CCCCCC;color:#CCCCCC;} .battle-log .rated {padding:3px 4px;} .battle-log .rated strong {color:white;background:#89A;padding:1px 4px;border-radius:4px;} .spacer {margin-top:0.5em;} .message-announce {background:#6688AA;color:white;padding:1px 4px 2px;} .message-announce a, .broadcast-green a, .broadcast-blue a, .broadcast-red a {color:#DDEEFF;} .broadcast-green {background-color:#559955;color:white;padding:2px 4px;} .broadcast-blue {background-color:#6688AA;color:white;padding:2px 4px;} .infobox {border:1px solid #6688AA;padding:2px 4px;} .infobox-limited {max-height:200px;overflow:auto;overflow-x:hidden;} .broadcast-red {background-color:#AA5544;color:white;padding:2px 4px;} .message-learn-canlearn {font-weight:bold;color:#228822;text-decoration:underline;} .message-learn-cannotlearn {font-weight:bold;color:#CC2222;text-decoration:underline;} .message-effect-weak {font-weight:bold;color:#CC2222;} .message-effect-resist {font-weight:bold;color:#6688AA;} .message-effect-immune {font-weight:bold;color:#666666;} .message-learn-list {margin-top:0;margin-bottom:0;} .message-throttle-notice, .message-error {color:#992222;} .message-overflow, .chat small.message-overflow {font-size:0pt;} .message-overflow::before {font-size:9pt;content:'...';} .subtle {color:#3A4A66;}
</style>
<div class="wrapper replay-wrapper" style="max-width:1180px;margin:0 auto">
<input type="hidden" name="replayid" value="uu-554537194" />
<div class="battle"></div><div class="battle-log"></div><div class="replay-controls"></div><div class="replay-controls-2"></div>
<h1 style="font-weight:normal;text-align:center"><strong>UU</strong><br /><a href="http://pokemonshowdown.com/users/parnstar" class="subtle" target="_blank">Parnstar</a> vs. <a href="http://pokemonshowdown.com/users/ss9x" class="subtle" target="_blank">ss9x</a></h1>
<script type="text/plain" class="battle-log-data">|j|Parnstar
|j|ss9x
|player|p1|Parnstar|21
|player|p2|ss9x|137
|gametype|singles
|gen|6
|tier|UU
|rated
|seed|58518,48395,3565,63053
|rule|Sleep Clause Mod: Limit one foe put to sleep
|rule|Species Clause: Limit one of each Pokémon
|rule|OHKO Clause: OHKO moves are banned
|rule|Moody Clause: Moody is banned
|rule|Evasion Moves Clause: Evasion moves are banned
|rule|Endless Battle Clause: Forcing endless battles is banned
|rule|HP Percentage Mod: HP is shown in percentages
|clearpoke
|poke|p1|Mandibuzz, F|item
|poke|p1|Ampharos, M|item
|poke|p1|Donphan, F|item
|poke|p1|Whimsicott, F|item
|poke|p1|Mamoswine, F|item
|poke|p1|Infernape, F|item
|poke|p2|Infernape, M|item
|poke|p2|Sceptile, M|item
|poke|p2|Weezing, M|item
|poke|p2|Toxicroak, M|item
|poke|p2|Swampert, M|item
|poke|p2|Heliolisk, M|item
|rule|Swagger Clause: Swagger is banned
|rule|Baton Pass Clause: Limit one Baton Passer, can't pass Spe and other stats simultaneously
|teampreview
|choice|team 3, team 2, team 1, team 4, team 5, team 6|team 3, team 2, team 1, team 4, team 5, team 6
|
|start
|switch|p1a: Donphan|Donphan, F|333\/333
|switch|p2a: Weezing|Weezing, M|334\/334
|turn|1
|choice|move knockoff|move raindance
|
|move|p2a: Weezing|Rain Dance|p2a: Weezing
|-weather|RainDance
|move|p1a: Donphan|Knock Off|p2a: Weezing
|-damage|p2a: Weezing|260\/334
|-enditem|p2a: Weezing|Black Sludge|[from] move: Knock Off|[of] p1a: Donphan
|
|-weather|RainDance|[upkeep]
|upkeep
|turn|2
|choice|move stealthrock|switch 5
|
|switch|p2a: Swampert|Swampert, M|341\/341
|move|p1a: Donphan|Stealth Rock|p2a: Swampert
|-sidestart|p2: ss9x|move: Stealth Rock
|
|-weather|RainDance|[upkeep]
|upkeep
|turn|3
|choice|move roar|move waterfall mega
|
|detailschange|p2a: Swampert|Swampert-Mega, M
|-mega|p2a: Swampert|Swampert|Swampertite
|move|p2a: Swampert|Waterfall|p1a: Donphan
|-supereffective|p1a: Donphan
|-ability|p1a: Donphan|Sturdy
|-damage|p1a: Donphan|1\/333
|move|p1a: Donphan|Roar|p2a: Swampert
|drag|p2a: Weezing|Weezing, M|260\/334
|-damage|p2a: Weezing|219\/334|[from] Stealth Rock
|
|-weather|RainDance|[upkeep]
|upkeep
|turn|4
|choice|switch 6|move protect
|
|switch|p1a: Infernape|Infernape, F|293\/293
|move|p2a: Weezing|Protect|p2a: Weezing
|-fail|p2a: Weezing
|
|-weather|RainDance|[upkeep]
|upkeep
|turn|5
|choice|move overheat|move painsplit
|
|move|p1a: Infernape|Overheat|p2a: Weezing
|-damage|p2a: Weezing|96\/334
|-unboost|p1a: Infernape|spa|2
|move|p2a: Weezing|Pain Split|p1a: Infernape
|-sethp|p1a: Infernape|194\/293|p2a: Weezing|194\/334|[from] move: Pain Split
|
|-weather|none
|upkeep
|turn|6
|choice|switch 4|move painsplit
|
|switch|p1a: Whimsicott|Whimsicott, F|261\/261
|move|p2a: Weezing|Pain Split|p1a: Whimsicott
|-sethp|p1a: Whimsicott|227\/261|p2a: Weezing|227\/334|[from] move: Pain Split
|
|upkeep
|turn|7
|choice|move encore|move sludgebomb
|
|move|p1a: Whimsicott|Encore|p2a: Weezing
|-start|p2a: Weezing|Encore
|move|p2a: Weezing|Pain Split|p1a: Whimsicott
|-sethp|p1a: Whimsicott|227\/261|p2a: Weezing|227\/334|[from] move: Pain Split
|
|upkeep
|turn|8
|choice|move moonblast|move painsplit
|
|move|p1a: Whimsicott|Moonblast|p2a: Weezing
|-resisted|p2a: Weezing
|-damage|p2a: Weezing|128\/334
|-unboost|p2a: Weezing|spa|1
|move|p2a: Weezing|Pain Split|p1a: Whimsicott
|-sethp|p1a: Whimsicott|177\/261|p2a: Weezing|177\/334|[from] move: Pain Split
|
|upkeep
|turn|9
|choice|move moonblast|move painsplit
|
|move|p1a: Whimsicott|Moonblast|p2a: Weezing
|-resisted|p2a: Weezing
|-damage|p2a: Weezing|80\/334
|-unboost|p2a: Weezing|spa|1
|move|p2a: Weezing|Pain Split|p1a: Whimsicott
|-sethp|p1a: Whimsicott|128\/261|p2a: Weezing|128\/334|[from] move: Pain Split
|
|-end|p2a: Weezing|Encore
|upkeep
|turn|10
|choice|move encore|move sludgebomb
|
|move|p1a: Whimsicott|Encore|p2a: Weezing
|-start|p2a: Weezing|Encore
|move|p2a: Weezing|Pain Split|p1a: Whimsicott
|-sethp|p1a: Whimsicott|128\/261|p2a: Weezing|128\/334|[from] move: Pain Split
|
|upkeep
|turn|11
|choice|move moonblast|move painsplit
|
|move|p1a: Whimsicott|Moonblast|p2a: Weezing
|-resisted|p2a: Weezing
|-damage|p2a: Weezing|29\/334
|move|p2a: Weezing|Pain Split|p1a: Whimsicott
|-sethp|p1a: Whimsicott|78\/261|p2a: Weezing|78\/334|[from] move: Pain Split
|
|upkeep
|turn|12
|choice|move moonblast|move painsplit
|
|move|p1a: Whimsicott|Moonblast|p2a: Weezing
|-resisted|p2a: Weezing
|-damage|p2a: Weezing|0 fnt
|faint|p2a: Weezing
|
|upkeep
|choice||switch 4
|
|switch|p2a: Toxicroak|Toxicroak, M|370\/370
|-damage|p2a: Toxicroak|347\/370|[from] Stealth Rock
|turn|13
|choice|move naturepower|move gunkshot
|
|move|p1a: Whimsicott|Nature Power|p2a: Toxicroak
|move|p1a: Whimsicott|Tri Attack|p2a: Toxicroak|[from]Nature Power
|-damage|p2a: Toxicroak|256\/370
|-status|p2a: Toxicroak|par
|move|p2a: Toxicroak|Gunk Shot|p1a: Whimsicott
|-supereffective|p1a: Whimsicott
|-damage|p1a: Whimsicott|0 fnt
|faint|p1a: Whimsicott
|
|-heal|p2a: Toxicroak|279\/370 par|[from] item: Leftovers
|upkeep
|choice|switch 4|
|
|switch|p1a: Infernape|Infernape, F|194\/293
|turn|14
|choice|move overheat|move earthquake
|
|move|p1a: Infernape|Overheat|p2a: Toxicroak
|-damage|p2a: Toxicroak|0 fnt
|-unboost|p1a: Infernape|spa|2
|faint|p2a: Toxicroak
|
|upkeep
|choice||switch 5
|
|switch|p2a: Swampert|Swampert-Mega, M|341\/341
|-damage|p2a: Swampert|320\/341|[from] Stealth Rock
|turn|15
|choice|move grassknot|move earthquake
|
|move|p1a: Infernape|Grass Knot|p2a: Swampert
|-supereffective|p2a: Swampert
|-damage|p2a: Swampert|132\/341
|move|p2a: Swampert|Earthquake|p1a: Infernape
|-supereffective|p1a: Infernape
|-damage|p1a: Infernape|0 fnt
|faint|p1a: Infernape
|
|upkeep
|choice|switch 5|
|
|switch|p1a: Mamoswine|Mamoswine, F|361\/361
|turn|16
|choice|move earthquake|move waterfall
|
|move|p1a: Mamoswine|Earthquake|p2a: Swampert
|-damage|p2a: Swampert|0 fnt
|faint|p2a: Swampert
|
|upkeep
|choice||switch 2
|
|switch|p2a: Sceptile|Sceptile, M|281\/281
|-damage|p2a: Sceptile|246\/281|[from] Stealth Rock
|turn|17
|choice|move iceshard|move leafblade
|
|move|p1a: Mamoswine|Ice Shard|p2a: Sceptile
|-supereffective|p2a: Sceptile
|-damage|p2a: Sceptile|0 fnt
|faint|p2a: Sceptile
|
|upkeep
|choice||switch 3
|
|switch|p2a: Infernape|Infernape, M|293\/293
|-damage|p2a: Infernape|257\/293|[from] Stealth Rock
|turn|18
|choice|move earthquake|move closecombat
|
|move|p2a: Infernape|Close Combat|p1a: Mamoswine
|-supereffective|p1a: Mamoswine
|-enditem|p1a: Mamoswine|Focus Sash
|-damage|p1a: Mamoswine|1\/361
|-unboost|p2a: Infernape|def|1
|-unboost|p2a: Infernape|spd|1
|move|p1a: Mamoswine|Earthquake|p2a: Infernape
|-supereffective|p2a: Infernape
|-damage|p2a: Infernape|0 fnt
|faint|p2a: Infernape
|
|upkeep
|choice||switch 6
|
|switch|p2a: Heliolisk|Heliolisk, M|265\/265
|-damage|p2a: Heliolisk|232\/265|[from] Stealth Rock
|turn|19
|c|☆Parnstar|Gg
|choice|move iceshard|move dragonpulse
|
|move|p1a: Mamoswine|Ice Shard|p2a: Heliolisk
|-damage|p2a: Heliolisk|94\/265
|move|p2a: Heliolisk|Dragon Pulse|p1a: Mamoswine
|-damage|p1a: Mamoswine|0 fnt
|faint|p1a: Mamoswine
|
|-heal|p2a: Heliolisk|110\/265|[from] item: Leftovers
|upkeep
|c|☆ss9x|:c
|choice|switch 6|
|
|switch|p1a: Donphan|Donphan, F|1\/333
|turn|20
|c|☆Parnstar|? What?
|choice|move knockoff|move darkpulse
|-enditem|p1a: Donphan|Custap Berry|[eat]
|-activate|p1a: Donphan|item: Custap Berry
|
|move|p1a: Donphan|Knock Off|p2a: Heliolisk
|-damage|p2a: Heliolisk|0 fnt
|-enditem|p2a: Heliolisk|Leftovers|[from] move: Knock Off|[of] p1a: Donphan
|faint|p2a: Heliolisk
|
|win|Parnstar
|raw|Parnstar's rating: 1254 &rarr; <strong>1269<\/strong><br \/>(+15 for winning)
|raw|ss9x's rating: 1115 &rarr; <strong>1099<\/strong><br \/>(-16 for losing)
|l|ss9x</script>
</div>
<div class="battle-log battle-log-inline"><div class="inner"><div class="battle-options"></div><div class="inner"><div class="chat"><small>Parnstar joined.</small></div><div class="chat"><small>ss9x joined.</small></div><div class=""><small>Format:</small> <br><strong>UU</strong></div><div class="rated"><strong>Rated battle</strong></div><div class=""><small><em>Sleep Clause Mod:</em> Limit one foe put to sleep</small></div><div class=""><small><em>Species Clause:</em> Limit one of each Pokémon</small></div><div class=""><small><em>OHKO Clause:</em> OHKO moves are banned</small></div><div class=""><small><em>Moody Clause:</em> Moody is banned</small></div><div class=""><small><em>Evasion Moves Clause:</em> Evasion moves are banned</small></div><div class=""><small><em>Endless Battle Clause:</em> Forcing endless battles is banned</small></div><div class=""><small><em>HP Percentage Mod:</em> HP is shown in percentages</small></div><div class=""><small><em>Swagger Clause:</em> Swagger is banned</small></div><div class=""><small><em>Baton Pass Clause:</em> Limit one Baton Passer, can't pass Spe and other stats simultaneously</small></div><div class="chat battle-history"><strong>Parnstar's team:</strong> <em style="color:#445566;display:block;">Mandibuzz / Ampharos / Donphan / Whimsicott / Mamoswine / Infernape</em></div><div class="chat battle-history"><strong>ss9x's team:</strong> <em style="color:#445566;display:block;">Infernape / Sceptile / Weezing / Toxicroak / Swampert / Heliolisk</em></div><div class="spacer battle-history"><br></div><div class="battle-history">Battle started between Parnstar and ss9x!<br></div><div class="spacer battle-history"><br></div><div class="battle-history">Go! <strong>Donphan</strong>!<br></div><div class="spacer battle-history"><br></div><div class="battle-history">ss9x sent out <strong>Weezing</strong>!<br></div><div class="spacer battle-history"><br></div><h2 class="battle-history">Turn 1</h2><div class="spacer battle-history"><br></div><div class="battle-history">The opposing Weezing used <strong>Rain Dance</strong>!<br></div><div class="battle-history"><small>It started to rain!</small><br></div><div class="spacer battle-history"><br></div><div class="battle-history">Donphan used <strong>Knock Off</strong>!<br></div><div class="battle-history"><small>(The opposing Weezing lost <abbr title="−74/334">22.2%</abbr> of its health!)</small><br></div><div class="battle-history"><small>Donphan knocked off the opposing Weezing's Black Sludge!</small><br></div><div class="spacer battle-history"><br></div><div class="battle-history"><small>(Rain continues to fall!)</small><br></div><div class="spacer battle-history"><br></div><h2 class="battle-history">Turn 2</h2><div class="spacer battle-history"><br></div><div class="battle-history">ss9x withdrew Weezing!<br></div><div class="battle-history">ss9x sent out <strong>Swampert</strong>!<br></div><div class="spacer battle-history"><br></div><div class="battle-history">Donphan used <strong>Stealth Rock</strong>!<br></div><div class="battle-history"><small>Pointed stones float in the air around the opposing team!</small><br></div><div class="spacer battle-history"><br></div><div class="battle-history"><small>(Rain continues to fall!)</small><br></div><div class="spacer battle-history"><br></div><h2 class="battle-history">Turn 3</h2><div class="spacer battle-history"><br></div><div class="battle-history"><small>The opposing Swampert's Swampertite is reacting to ss9x's Mega Bracelet!</small><br>The opposing Swampert has Mega Evolved into Mega Swampert!<br></div><div class="spacer battle-history"><br></div><div class="battle-history">The opposing Swampert used <strong>Waterfall</strong>!<br></div><div class="battle-history"><small>It's super effective!</small><br></div><div class="battle-history"><small>[Donphan's Sturdy]</small><br><small>Donphan endured the hit!</small><br></div><div class="battle-history"><small>(Donphan lost <abbr title="−332/333">99.7%</abbr> of its health!)</small><br></div><div class="spacer battle-history"><br></div><div class="battle-history">Donphan used <strong>Roar</strong>!<br></div><div class="spacer battle-history"><br></div><div class="battle-history"><strong>Weezing</strong> was dragged out!<br></div><div class="battle-history"><small>Pointed stones dug into the opposing Weezing!</small><br></div><div class="spacer battle-history"><br></div><div class="battle-history"><small>(Rain continues to fall!)</small><br></div><div class="spacer battle-history"><br></div><h2 class="battle-history">Turn 4</h2><div class="spacer battle-history"><br></div><div class="battle-history">Donphan, come back!<br></div><div class="battle-history">Go! <strong>Infernape</strong>!<br></div><div class="spacer battle-history"><br></div><div class="battle-history">The opposing Weezing used <strong>Protect</strong>!<br></div><div class="battle-history"><small>But it failed!</small><br></div><div class="spacer battle-history"><br></div><div class="battle-history"><small>(Rain continues to fall!)</small><br></div><div class="spacer battle-history"><br></div><h2 class="battle-history">Turn 5</h2><div class="spacer battle-history"><br></div><div class="battle-history">Infernape used <strong>Overheat</strong>!<br></div><div class="battle-history"><small>(The opposing Weezing lost <abbr title="−123/334">36.8%</abbr> of its health!)</small><br></div><div class="battle-history"><small>Infernape's Special Attack fell harshly!</small><br></div><div class="spacer battle-history"><br></div><div class="battle-history">The opposing Weezing used <strong>Pain Split</strong>!<br></div><div class="battle-history"><small>The battlers shared their pain!</small><br></div><div class="spacer battle-history"><br></div><div class="battle-history"><small>The rain stopped.</small><br></div><div class="spacer battle-history"><br></div><h2 class="battle-history">Turn 6</h2><div class="spacer battle-history"><br></div><div class="battle-history">Infernape, come back!<br></div><div class="battle-history">Go! <strong>Whimsicott</strong>!<br></div><div class="spacer battle-history"><br></div><div class="battle-history">The opposing Weezing used <strong>Pain Split</strong>!<br></div><div class="battle-history"><small>The battlers shared their pain!</small><br></div><div class="spacer battle-history"><br></div><h2 class="battle-history">Turn 7</h2><div class="spacer battle-history"><br></div><div class="battle-history">Whimsicott used <strong>Encore</strong>!<br></div><div class="battle-history"><small>The opposing Weezing received an encore!</small><br></div><div class="spacer battle-history"><br></div><div class="battle-history">The opposing Weezing used <strong>Pain Split</strong>!<br></div><div class="battle-history"><small>The battlers shared their pain!</small><br></div><div class="spacer battle-history"><br></div><h2 class="battle-history">Turn 8</h2><div class="spacer battle-history"><br></div><div class="battle-history">Whimsicott used <strong>Moonblast</strong>!<br></div><div class="battle-history"><small>It's not very effective...</small><br></div><div class="battle-history"><small>(The opposing Weezing lost <abbr title="−99/334">29.6%</abbr> of its health!)</small><br></div><div class="battle-history"><small>The opposing Weezing's Special Attack fell!</small><br></div><div class="spacer battle-history"><br></div><div class="battle-history">The opposing Weezing used <strong>Pain Split</strong>!<br></div><div class="battle-history"><small>The battlers shared their pain!</small><br></div><div class="spacer battle-history"><br></div><h2 class="battle-history">Turn 9</h2><div class="spacer battle-history"><br></div><div class="battle-history">Whimsicott used <strong>Moonblast</strong>!<br></div><div class="battle-history"><small>It's not very effective...</small><br></div><div class="battle-history"><small>(The opposing Weezing lost <abbr title="−97/334">29.0%</abbr> of its health!)</small><br></div><div class="battle-history"><small>The opposing Weezing's Special Attack fell!</small><br></div><div class="spacer battle-history"><br></div><div class="battle-history">The opposing Weezing used <strong>Pain Split</strong>!<br></div><div class="battle-history"><small>The battlers shared their pain!</small><br></div><div class="spacer battle-history"><br></div><div class="battle-history"><small>The opposing Weezing's encore ended!</small><br></div><div class="spacer battle-history"><br></div><h2 class="battle-history">Turn 10</h2><div class="spacer battle-history"><br></div><div class="battle-history">Whimsicott used <strong>Encore</strong>!<br></div><div class="battle-history"><small>The opposing Weezing received an encore!</small><br></div><div class="spacer battle-history"><br></div><div class="battle-history">The opposing Weezing used <strong>Pain Split</strong>!<br></div><div class="battle-history"><small>The battlers shared their pain!</small><br></div><div class="spacer battle-history"><br></div><h2 class="battle-history">Turn 11</h2><div class="spacer battle-history"><br></div><div class="battle-history">Whimsicott used <strong>Moonblast</strong>!<br></div><div class="battle-history"><small>It's not very effective...</small><br></div><div class="battle-history"><small>(The opposing Weezing lost <abbr title="−99/334">29.6%</abbr> of its health!)</small><br></div><div class="spacer battle-history"><br></div><div class="battle-history">The opposing Weezing used <strong>Pain Split</strong>!<br></div><div class="battle-history"><small>The battlers shared their pain!</small><br></div><div class="spacer battle-history"><br></div><h2 class="battle-history">Turn 12</h2><div class="spacer battle-history"><br></div><div class="battle-history">Whimsicott used <strong>Moonblast</strong>!<br></div><div class="battle-history"><small>It's not very effective...</small><br></div><div class="battle-history"><small>(The opposing Weezing lost <abbr title="−78/334">23.4%</abbr> of its health!)</small><br></div><div class="spacer battle-history"><br></div><div class="battle-history">The opposing Weezing fainted!<br></div><div class="spacer battle-history"><br></div><div class="battle-history">ss9x sent out <strong>Toxicroak</strong>!<br></div><div class="battle-history"><small>Pointed stones dug into the opposing Toxicroak!</small><br></div><div class="spacer battle-history"><br></div><h2 class="battle-history">Turn 13</h2><div class="spacer battle-history"><br></div><div class="battle-history">Whimsicott used <strong>Nature Power</strong>!<br></div><div class="spacer battle-history"><br></div><div class="battle-history">Nature Power turned into Tri Attack!<br></div><div class="battle-history"><small>(The opposing Toxicroak lost <abbr title="−91/370">24.6%</abbr> of its health!)</small><br></div><div class="battle-history"><small>The opposing Toxicroak is paralyzed! It may be unable to move!</small><br></div><div class="spacer battle-history"><br></div><div class="battle-history">The opposing Toxicroak used <strong>Gunk Shot</strong>!<br></div><div class="battle-history"><small>It's super effective!</small><br></div><div class="battle-history"><small>(Whimsicott lost <abbr title="−78/261">29.9%</abbr> of its health!)</small><br></div><div class="spacer battle-history"><br></div><div class="battle-history">Whimsicott fainted!<br></div><div class="spacer battle-history"><br></div><div class="battle-history"><small>The opposing Toxicroak restored a little HP using its Leftovers!</small><br></div><div class="spacer battle-history"><br></div><div class="battle-history">Go! <strong>Infernape</strong>!<br></div><div class="spacer battle-history"><br></div><h2 class="battle-history">Turn 14</h2><div class="spacer battle-history"><br></div><div class="battle-history">Infernape used <strong>Overheat</strong>!<br></div><div class="battle-history"><small>(The opposing Toxicroak lost <abbr title="−279/370">75.4%</abbr> of its health!)</small><br></div><div class="battle-history"><small>Infernape's Special Attack fell harshly!</small><br></div><div class="spacer battle-history"><br></div><div class="battle-history">The opposing Toxicroak fainted!<br></div><div class="spacer battle-history"><br></div><div class="battle-history">ss9x sent out Swampert (<strong>Swampert-Mega</strong>)!<br></div><div class="battle-history"><small>Pointed stones dug into the opposing Swampert!</small><br></div><div class="spacer battle-history"><br></div><h2 class="battle-history">Turn 15</h2><div class="spacer battle-history"><br></div><div class="battle-history">Infernape used <strong>Grass Knot</strong>!<br></div><div class="battle-history"><small>It's super effective!</small><br></div><div class="battle-history"><small>(The opposing Swampert lost <abbr title="−188/341">55.1%</abbr> of its health!)</small><br></div><div class="spacer battle-history"><br></div><div class="battle-history">The opposing Swampert used <strong>Earthquake</strong>!<br></div><div class="battle-history"><small>It's super effective!</small><br></div><div class="battle-history"><small>(Infernape lost <abbr title="−194/293">66.2%</abbr> of its health!)</small><br></div><div class="spacer battle-history"><br></div><div class="battle-history">Infernape fainted!<br></div><div class="spacer battle-history"><br></div><div class="battle-history">Go! <strong>Mamoswine</strong>!<br></div><div class="spacer battle-history"><br></div><h2 class="battle-history">Turn 16</h2><div class="spacer battle-history"><br></div><div class="battle-history">Mamoswine used <strong>Earthquake</strong>!<br></div><div class="battle-history"><small>(The opposing Swampert lost <abbr title="−132/341">38.7%</abbr> of its health!)</small><br></div><div class="spacer battle-history"><br></div><div class="battle-history">The opposing Swampert fainted!<br></div><div class="spacer battle-history"><br></div><div class="battle-history">ss9x sent out <strong>Sceptile</strong>!<br></div><div class="battle-history"><small>Pointed stones dug into the opposing Sceptile!</small><br></div><div class="spacer battle-history"><br></div><h2 class="battle-history">Turn 17</h2><div class="spacer battle-history"><br></div><div class="battle-history">Mamoswine used <strong>Ice Shard</strong>!<br></div><div class="battle-history"><small>It's super effective!</small><br></div><div class="battle-history"><small>(The opposing Sceptile lost <abbr title="−246/281">87.5%</abbr> of its health!)</small><br></div><div class="spacer battle-history"><br></div><div class="battle-history">The opposing Sceptile fainted!<br></div><div class="spacer battle-history"><br></div><div class="battle-history">ss9x sent out <strong>Infernape</strong>!<br></div><div class="battle-history"><small>Pointed stones dug into the opposing Infernape!</small><br></div><div class="spacer battle-history"><br></div><h2 class="battle-history">Turn 18</h2><div class="spacer battle-history"><br></div><div class="battle-history">The opposing Infernape used <strong>Close Combat</strong>!<br></div><div class="battle-history"><small>It's super effective!</small><br></div><div class="battle-history"><small>Mamoswine hung on using its Focus Sash!</small><br></div><div class="battle-history"><small>(Mamoswine lost <abbr title="−360/361">99.7%</abbr> of its health!)</small><br></div><div class="battle-history"><small>The opposing Infernape's Defense fell!</small><br></div><div class="battle-history"><small>The opposing Infernape's Special Defense fell!</small><br></div><div class="spacer battle-history"><br></div><div class="battle-history">Mamoswine used <strong>Earthquake</strong>!<br></div><div class="battle-history"><small>It's super effective!</small><br></div><div class="battle-history"><small>(The opposing Infernape lost <abbr title="−257/293">87.7%</abbr> of its health!)</small><br></div><div class="spacer battle-history"><br></div><div class="battle-history">The opposing Infernape fainted!<br></div><div class="spacer battle-history"><br></div><div class="battle-history">ss9x sent out <strong>Heliolisk</strong>!<br></div><div class="battle-history"><small>Pointed stones dug into the opposing Heliolisk!</small><br></div><div class="spacer battle-history"><br></div><h2 class="battle-history">Turn 19</h2><div class="chat chatmessage-parnstar"><strong style="color:hsl(41,84%,41.163999978976825%)"><small>☆</small><span class="username" data-name="Parnstar">Parnstar</span>:</strong> <em>Gg</em></div><div class="spacer battle-history"><br></div><div class="battle-history">Mamoswine used <strong>Ice Shard</strong>!<br></div><div class="battle-history"><small>(The opposing Heliolisk lost <abbr title="−138/265">52.1%</abbr> of its health!)</small><br></div><div class="spacer battle-history"><br></div><div class="battle-history">The opposing Heliolisk used <strong>Dragon Pulse</strong>!<br></div><div class="battle-history"><small>(Mamoswine lost <abbr title="−1/361">0.3%</abbr> of its health!)</small><br></div><div class="spacer battle-history"><br></div><div class="battle-history">Mamoswine fainted!<br></div><div class="spacer battle-history"><br></div><div class="battle-history"><small>The opposing Heliolisk restored a little HP using its Leftovers!</small><br></div><div class="chat chatmessage-ss9x"><strong style="color:hsl(184,86%,38.51279824978495%)"><small>☆</small><span class="username" data-name="ss9x">ss9x</span>:</strong> <em>:c</em></div><div class="spacer battle-history"><br></div><div class="battle-history">Go! <strong>Donphan</strong>!<br></div><div class="spacer battle-history"><br></div><h2 class="battle-history">Turn 20</h2><div class="chat chatmessage-parnstar"><strong style="color:hsl(41,84%,41.163999978976825%)"><small>☆</small><span class="username" data-name="Parnstar">Parnstar</span>:</strong> <em>? What?</em></div><div class="spacer battle-history"><br></div><div class="battle-history"><small>Donphan ate its Custap Berry!</small><br></div><div class="battle-history"><small>Donphan's Custap Berry let it move first!</small><br></div><div class="spacer battle-history"><br></div><div class="battle-history">Donphan used <strong>Knock Off</strong>!<br></div><div class="battle-history"><small>(The opposing Heliolisk lost <abbr title="−110/265">41.5%</abbr> of its health!)</small><br></div><div class="battle-history"><small>Donphan knocked off the opposing Heliolisk's Leftovers!</small><br></div><div class="spacer battle-history"><br></div><div class="battle-history">The opposing Heliolisk fainted!<br></div><div class="spacer battle-history"><br></div><div class="battle-history"><strong>Parnstar</strong> won the battle!<br></div><div class="chat">Parnstar's rating: 1254 → <strong>1269</strong><br>(+15 for winning)</div><div class="chat">ss9x's rating: 1115 → <strong>1099</strong><br>(-16 for losing)</div><div class="chat"><small>ss9x left.</small></div></div><div class="inner-preempt"></div></div></div>
</div>
<script>
let daily = Math.floor(Date.now()/1000/60/60/24);document.write('<script src="https://play.pokemonshowdown.com/js/replay-embed.js?version'+daily+'"></'+'script>');
</script>
