<!DOCTYPE html>
<meta charset="utf-8" />
<!-- version 1 -->
<title>UU replay: 4ture vs. bitchesalwaysluck</title>
<style>
html,body {font-family:Verdana, sans-serif;font-size:10pt;margin:0;padding:0;}body{padding:12px 0;} .battle-log {font-family:Verdana, sans-serif;font-size:10pt;} .battle-log-inline {border:1px solid #AAAAAA;background:#EEF2F5;color:black;max-width:640px;margin:0 auto 80px;padding-bottom:5px;} .battle-log .inner {padding:4px 8px 0px 8px;} .battle-log .inner-preempt {padding:0 8px 4px 8px;} .battle-log .inner-after {margin-top:0.5em;} .battle-log h2 {margin:0.5em -8px;padding:4px 8px;border:1px solid #AAAAAA;background:#E0E7EA;border-left:0;border-right:0;font-family:Verdana, sans-serif;font-size:13pt;} .battle-log .chat {vertical-align:middle;padding:3px 0 3px 0;font-size:8pt;} .battle-log .chat strong {color:#40576A;} .battle-log .chat em {padding:1px 4px 1px 3px;color:#000000;font-style:normal;} .chat.mine {background:rgba(0,0,0,0.05);margin-left:-8px;margin-right:-8px;padding-left:8px;padding-right:8px;} .spoiler {color:#BBBBBB;background:#BBBBBB;padding:0px 3px;} .spoiler:hover, .spoiler:active, .spoiler-shown {color:#000000;background:#E2E2E2;padding:0px 3px;} .spoiler a {color:#BBBBBB;} .spoiler:hover a, .spoiler:active a, .spoiler-shown a {color:#2288CC;} .chat code, .chat .spoiler:hover code, .chat .spoiler:active code, .chat .spoiler-shown code {border:1px solid #C0C0C0;background:#EEEEEE;color:black;padding:0 2px;} .chat .spoiler code {border:1px solid #CCCCCC;background:#CCCCCC;color:#CCCCCC;} .battle-log .rated {padding:3px 4px;} .battle-log .rated strong {color:white;background:#89A;padding:1px 4px;border-radius:4px;} .spacer {margin-top:0.5em;} .message-announce {background:#6688AA;color:white;padding:1px 4px 2px;} .message-announce a, .broadcast-green a, .broadcast-blue a, .broadcast-red a {color:#DDEEFF;} .broadcast-green {background-color:#559955;color:white;padding:2px 4px;} .broadcast-blue {background-color:#6688AA;color:white;padding:2px 4px;} .infobox {border:1px solid #6688AA;padding:2px 4px;} .infobox-limited {max-height:200px;overflow:auto;overflow-x:hidden;} .broadcast-red {background-color:#AA5544;color:white;padding:2px 4px;} .message-learn-canlearn {font-weight:bold;color:#228822;text-decoration:underline;} .message-learn-cannotlearn {font-weight:bold;color:#CC2222;text-decoration:underline;} .message-effect-weak {font-weight:bold;color:#CC2222;} .message-effect-resist {font-weight:bold;color:#6688AA;} .message-effect-immune {font-weight:bold;color:#666666;} .message-learn-list {margin-top:0;margin-bottom:0;} .message-throttle-notice, .message-error {color:#992222;} .message-overflow, .chat small.message-overflow {font-size:0pt;} .message-overflow::before {font-size:9pt;content:'...';} .subtle {color:#3A4A66;}
</style>
<div class="wrapper replay-wrapper" style="max-width:1180px;margin:0 auto">
<input type="hidden" name="replayid" value="uu-566831452" />
<div class="battle"></div><div class="battle-log"></div><div class="replay-controls"></div><div class="replay-controls-2"></div>
<h1 style="font-weight:normal;text-align:center"><strong>UU</strong><br /><a href="http://pokemonshowdown.com/users/4ture" class="subtle" target="_blank">4ture</a> vs. <a href="http://pokemonshowdown.com/users/bitchesalwaysluck" class="subtle" target="_blank">bitchesalwaysluck</a></h1>
<script type="text/plain" class="battle-log-data">|j|4ture
|j|bitchesalwaysluck
|player|p1|4ture|170
|player|p2|bitchesalwaysluck|101
|gametype|singles
|gen|6
|tier|UU
|rated
|seed|28827,52548,30172,3300
|rule|Sleep Clause Mod: Limit one foe put to sleep
|rule|Species Clause: Limit one of each Pokémon
|rule|OHKO Clause: OHKO moves are banned
|rule|Moody Clause: Moody is banned
|rule|Evasion Moves Clause: Evasion moves are banned
|rule|Endless Battle Clause: Forcing endless battles is banned
|rule|HP Percentage Mod: HP is shown in percentages
|clearpoke
|poke|p1|Porygon-Z|item
|poke|p1|Doublade, F|item
|poke|p1|Tentacruel, F|item
|poke|p1|Beedrill, F|item
|poke|p1|Gligar, F|item
|poke|p1|Mienshao, M|item
|poke|p2|Blastoise, F|item
|poke|p2|Infernape, M|item
|poke|p2|Doublade, M|item
|poke|p2|Mandibuzz, F|item
|poke|p2|Nidoqueen, F|item
|poke|p2|Sylveon, M|item
|rule|Swagger Clause: Swagger is banned
|rule|Baton Pass Clause: Limit one Baton Passer, can't pass Spe and other stats simultaneously
|teampreview
|inactive|Battle timer is ON: inactive players will automatically lose when time's up. (requested by bitchesalwaysluck)
|choice|team 1, team 2, team 3, team 4, team 5, team 6|team 5, team 2, team 3, team 4, team 1, team 6
|
|start
|switch|p1a: Porygon-Z|Porygon-Z|311\/311
|switch|p2a: Nidoqueen|Nidoqueen, F|321\/321
|turn|1
|choice|move triattack|switch 3
|
|switch|p2a: Doublade|Doublade, M|322\/322
|move|p1a: Porygon-Z|Tri Attack|p2a: Doublade
|-immune|p2a: Doublade|[msg]
|
|upkeep
|turn|2
|choice|switch 3|switch 4
|
|switch|p1a: Tentacruel|Tentacruel, F|363\/363
|switch|p2a: Mandibuzz|Mandibuzz, F|423\/423
|
|upkeep
|turn|3
|choice|move knockoff|move knockoff
|
|move|p1a: Tentacruel|Knock Off|p2a: Mandibuzz
|-resisted|p2a: Mandibuzz
|-damage|p2a: Mandibuzz|404\/423
|-damage|p1a: Tentacruel|303\/363|[from] item: Rocky Helmet|[of] p2a: Mandibuzz
|-enditem|p2a: Mandibuzz|Rocky Helmet|[from] move: Knock Off|[of] p1a: Tentacruel
|move|p2a: Mandibuzz|Knock Off|p1a: Tentacruel
|-damage|p1a: Tentacruel|230\/363
|-enditem|p1a: Tentacruel|Black Sludge|[from] move: Knock Off|[of] p2a: Mandibuzz
|
|upkeep
|turn|4
|choice|move scald|move foulplay
|
|move|p1a: Tentacruel|Scald|p2a: Mandibuzz
|-damage|p2a: Mandibuzz|323\/423
|move|p2a: Mandibuzz|Foul Play|p1a: Tentacruel
|-crit|p1a: Tentacruel
|-damage|p1a: Tentacruel|115\/363
|
|upkeep
|turn|5
|choice|move scald|move foulplay
|
|move|p1a: Tentacruel|Scald|p2a: Mandibuzz
|-damage|p2a: Mandibuzz|238\/423
|-status|p2a: Mandibuzz|brn
|move|p2a: Mandibuzz|Foul Play|p1a: Tentacruel
|-damage|p1a: Tentacruel|80\/363
|
|-damage|p2a: Mandibuzz|186\/423 brn|[from] brn
|upkeep
|turn|6
|choice|move toxicspikes|move roost
|
|move|p1a: Tentacruel|Toxic Spikes|p2a: Mandibuzz
|-sidestart|p2: bitchesalwaysluck|move: Toxic Spikes
|move|p2a: Mandibuzz|Roost|p2a: Mandibuzz
|-heal|p2a: Mandibuzz|398\/423 brn
|
|-damage|p2a: Mandibuzz|346\/423 brn|[from] brn
|upkeep
|turn|7
|choice|move scald|move defog
|
|move|p1a: Tentacruel|Scald|p2a: Mandibuzz
|-damage|p2a: Mandibuzz|268\/423 brn
|move|p2a: Mandibuzz|Defog|p1a: Tentacruel
|-unboost|p1a: Tentacruel|evasion|1
|-sideend|p2: bitchesalwaysluck|Toxic Spikes|[from] move: Defog|[of] p2a: Mandibuzz
|
|-damage|p2a: Mandibuzz|216\/423 brn|[from] brn
|upkeep
|turn|8
|choice|switch 3|move roost
|
|switch|p1a: Porygon-Z|Porygon-Z|311\/311
|move|p2a: Mandibuzz|Roost|p2a: Mandibuzz
|-heal|p2a: Mandibuzz|423\/423 brn
|
|-damage|p2a: Mandibuzz|371\/423 brn|[from] brn
|upkeep
|turn|9
|choice|move triattack|switch 6
|
|switch|p2a: Sylveon|Sylveon, M|394\/394
|move|p1a: Porygon-Z|Tri Attack|p2a: Sylveon
|-damage|p2a: Sylveon|176\/394
|
|-heal|p2a: Sylveon|200\/394|[from] item: Leftovers
|upkeep
|turn|10
|choice|switch 5|move protect
|
|switch|p1a: Gligar|Gligar, F|333\/333
|move|p2a: Sylveon|Protect|p2a: Sylveon
|-fail|p2a: Sylveon
|
|-heal|p2a: Sylveon|224\/394|[from] item: Leftovers
|upkeep
|turn|11
|choice|move stealthrock|move wish
|
|move|p1a: Gligar|Stealth Rock|p2a: Sylveon
|-sidestart|p2: bitchesalwaysluck|move: Stealth Rock
|move|p2a: Sylveon|Wish|p2a: Sylveon
|
|-heal|p2a: Sylveon|248\/394|[from] item: Leftovers
|upkeep
|turn|12
|choice|move uturn|move healbell
|
|move|p1a: Gligar|U-turn|p2a: Sylveon
|-resisted|p2a: Sylveon
|-damage|p2a: Sylveon|219\/394
|choice|switch 4|
|
|switch|p1a: Beedrill|Beedrill, F|271\/271
|move|p2a: Sylveon|Heal Bell|p2a: Sylveon
|-activate|p2a: Sylveon|move: Heal Bell
|-curestatus|p2: Mandibuzz|brn|[msg]
|
|-heal|p2a: Sylveon|394\/394|[from] move: Wish|[wisher] Sylveon
|upkeep
|turn|13
|choice|move uturn mega|move protect
|
|detailschange|p1a: Beedrill|Beedrill-Mega, F
|-mega|p1a: Beedrill|Beedrill|Beedrillite
|move|p2a: Sylveon|Protect|p2a: Sylveon
|-singleturn|p2a: Sylveon|Protect
|move|p1a: Beedrill|U-turn|p2a: Sylveon
|-activate|p2a: Sylveon|move: Protect
|
|upkeep
|turn|14
|choice|move uturn|switch 4
|
|switch|p2a: Doublade|Doublade, M|322\/322
|-damage|p2a: Doublade|302\/322|[from] Stealth Rock
|move|p1a: Beedrill|U-turn|p2a: Doublade
|-resisted|p2a: Doublade
|-damage|p2a: Doublade|282\/322
|choice|switch 5|
|
|switch|p1a: Porygon-Z|Porygon-Z|311\/311
|
|upkeep
|turn|15
|choice|move trick|switch 4
|
|switch|p2a: Sylveon|Sylveon, M|394\/394
|-damage|p2a: Sylveon|345\/394|[from] Stealth Rock
|move|p1a: Porygon-Z|Trick|p2a: Sylveon
|-activate|p1a: Porygon-Z|move: Trick|[of] p2a: Sylveon
|-item|p2a: Sylveon|Choice Specs|[from] move: Trick
|-item|p1a: Porygon-Z|Leftovers|[from] move: Trick
|
|upkeep
|turn|16
|choice|switch 3|move hypervoice
|
|switch|p1a: Tentacruel|Tentacruel, F|80\/363
|move|p2a: Sylveon|Hyper Voice|p1a: Tentacruel
|-resisted|p1a: Tentacruel
|-damage|p1a: Tentacruel|0 fnt
|faint|p1a: Tentacruel
|
|upkeep
|choice|switch 5|
|
|switch|p1a: Beedrill|Beedrill-Mega, F|271\/271
|turn|17
|choice|move poisonjab|switch 4
|
|switch|p2a: Doublade|Doublade, M|282\/322
|-damage|p2a: Doublade|262\/322|[from] Stealth Rock
|move|p1a: Beedrill|Poison Jab|p2a: Doublade
|-immune|p2a: Doublade|[msg]
|
|upkeep
|turn|18
|choice|switch 4|move swordsdance
|
|switch|p1a: Gligar|Gligar, F|333\/333
|move|p2a: Doublade|Swords Dance|p2a: Doublade
|-boost|p2a: Doublade|atk|2
|
|upkeep
|turn|19
|choice|move earthquake|switch 6
|
|switch|p2a: Mandibuzz|Mandibuzz, F|371\/423
|-damage|p2a: Mandibuzz|266\/423|[from] Stealth Rock
|move|p1a: Gligar|Earthquake|p2a: Mandibuzz
|-immune|p2a: Mandibuzz|[msg]
|
|upkeep
|turn|20
|choice|move uturn|move defog
|
|move|p1a: Gligar|U-turn|p2a: Mandibuzz
|-damage|p2a: Mandibuzz|235\/423
|choice|switch 3|
|
|switch|p1a: Porygon-Z|Porygon-Z|311\/311
|move|p2a: Mandibuzz|Defog|p1a: Porygon-Z
|-unboost|p1a: Porygon-Z|evasion|1
|-sideend|p2: bitchesalwaysluck|Stealth Rock|[from] move: Defog|[of] p2a: Mandibuzz
|
|upkeep
|turn|21
|choice|move triattack|switch 4
|
|switch|p2a: Sylveon|Sylveon, M|345\/394
|move|p1a: Porygon-Z|Tri Attack|p2a: Sylveon
|-damage|p2a: Sylveon|193\/394
|
|upkeep
|turn|22
|choice|switch 2|move hypervoice
|
|switch|p1a: Doublade|Doublade, F|321\/321
|move|p2a: Sylveon|Hyper Voice|p1a: Doublade
|-resisted|p1a: Doublade
|-damage|p1a: Doublade|136\/321
|
|upkeep
|turn|23
|choice|move shadowsneak|move hypervoice
|
|move|p1a: Doublade|Shadow Sneak|p2a: Sylveon
|-damage|p2a: Sylveon|97\/394
|move|p2a: Sylveon|Hyper Voice|p1a: Doublade
|-resisted|p1a: Doublade
|-damage|p1a: Doublade|0 fnt
|faint|p1a: Doublade
|
|upkeep
|choice|switch 2|
|
|switch|p1a: Porygon-Z|Porygon-Z|311\/311
|turn|24
|choice|move triattack|switch 6
|
|switch|p2a: Doublade|Doublade, M|262\/322
|move|p1a: Porygon-Z|Tri Attack|p2a: Doublade
|-immune|p2a: Doublade|[msg]
|
|upkeep
|turn|25
|choice|move darkpulse|move swordsdance
|
|move|p1a: Porygon-Z|Dark Pulse|p2a: Doublade
|-supereffective|p2a: Doublade
|-damage|p2a: Doublade|72\/322
|cant|p2a: Doublade|flinch
|
|upkeep
|turn|26
|choice|move darkpulse|switch 2
|
|switch|p2a: Infernape|Infernape, M|293\/293
|move|p1a: Porygon-Z|Dark Pulse|p2a: Infernape
|-resisted|p2a: Infernape
|-damage|p2a: Infernape|223\/293
|
|upkeep
|turn|27
|choice|switch 3|move flareblitz
|
|switch|p1a: Gligar|Gligar, F|333\/333
|move|p2a: Infernape|Flare Blitz|p1a: Gligar
|-damage|p1a: Gligar|146\/333
|-damage|p2a: Infernape|161\/293|[from] recoil|[of] p1a: Gligar
|
|upkeep
|turn|28
|choice|move uturn|move flareblitz
|
|move|p2a: Infernape|Flare Blitz|p1a: Gligar
|-damage|p1a: Gligar|0 fnt
|-damage|p2a: Infernape|113\/293|[from] recoil|[of] p1a: Gligar
|faint|p1a: Gligar
|
|upkeep
|choice|switch 4|
|
|switch|p1a: Beedrill|Beedrill-Mega, F|271\/271
|turn|29
|choice|move uturn|switch 6
|
|switch|p2a: Sylveon|Sylveon, M|97\/394
|move|p1a: Beedrill|U-turn|p2a: Sylveon
|-resisted|p2a: Sylveon
|-damage|p2a: Sylveon|0 fnt
|faint|p2a: Sylveon
|choice|switch 6|
|
|switch|p1a: Mienshao|Mienshao, M|271\/271
|
|upkeep
|choice||switch 5
|
|switch|p2a: Blastoise|Blastoise, F|299\/299
|turn|30
|choice|move highjumpkick|move aurasphere mega
|
|detailschange|p2a: Blastoise|Blastoise-Mega, F
|-mega|p2a: Blastoise|Blastoise|Blastoisinite
|move|p1a: Mienshao|High Jump Kick|p2a: Blastoise
|-damage|p2a: Blastoise|98\/299
|move|p2a: Blastoise|Aura Sphere|p1a: Mienshao
|-damage|p1a: Mienshao|41\/271
|
|upkeep
|turn|31
|choice|move highjumpkick|switch 2
|
|switch|p2a: Doublade|Doublade, M|72\/322
|move|p1a: Mienshao|High Jump Kick|p2a: Doublade
|-immune|p2a: Doublade|[msg]
|-damage|p1a: Mienshao|0 fnt|[from] highjumpkick
|faint|p1a: Mienshao
|
|upkeep
|choice|switch 3|
|
|switch|p1a: Porygon-Z|Porygon-Z|311\/311
|turn|32
|choice|move darkpulse|switch 6
|
|switch|p2a: Infernape|Infernape, M|113\/293
|move|p1a: Porygon-Z|Dark Pulse|p2a: Infernape
|-resisted|p2a: Infernape
|-damage|p2a: Infernape|50\/293
|
|upkeep
|turn|33
|c|☆4ture|i dont like that play
|c|☆4ture|you choked a couple times imo
|c|☆bitchesalwaysluck|im stunting out here
|c|☆bitchesalwaysluck|and winning
|c|☆4ture|but it worked out for you
|c|☆bitchesalwaysluck|so
|c|☆bitchesalwaysluck|im baked ha
|c|☆4ture|you played strangely
|c|☆4ture|and got rewarded for it
|c|☆4ture|so basically
|c|☆bitchesalwaysluck|i predicted
|c|☆bitchesalwaysluck|so
|c|☆bitchesalwaysluck|gg
|c|☆4ture|youre ass
|-message|4ture forfeited.
|
|win|bitchesalwaysluck
|l|4ture
|c|☆bitchesalwaysluck|you just got 5-0</script>
</div>
<div class="battle-log battle-log-inline"><div class="inner"><div class="battle-options"></div><div class="inner"><div class="chat"><small>4ture joined.</small></div><div class="chat"><small>bitchesalwaysluck joined.</small></div><div class=""><small>Format:</small> <br><strong>UU</strong></div><div class="rated"><strong>Rated battle</strong></div><div class=""><small><em>Sleep Clause Mod:</em> Limit one foe put to sleep</small></div><div class=""><small><em>Species Clause:</em> Limit one of each Pokémon</small></div><div class=""><small><em>OHKO Clause:</em> OHKO moves are banned</small></div><div class=""><small><em>Moody Clause:</em> Moody is banned</small></div><div class=""><small><em>Evasion Moves Clause:</em> Evasion moves are banned</small></div><div class=""><small><em>Endless Battle Clause:</em> Forcing endless battles is banned</small></div><div class=""><small><em>HP Percentage Mod:</em> HP is shown in percentages</small></div><div class=""><small><em>Swagger Clause:</em> Swagger is banned</small></div><div class=""><small><em>Baton Pass Clause:</em> Limit one Baton Passer, can't pass Spe and other stats simultaneously</small></div><div class="chat battle-history"><strong>4ture's team:</strong> <em style="color:#445566;display:block;">Porygon-Z / Doublade / Tentacruel / Beedrill / Gligar / Mienshao</em></div><div class="chat battle-history"><strong>bitchesalwaysluck's team:</strong> <em style="color:#445566;display:block;">Blastoise / Infernape / Doublade / Mandibuzz / Nidoqueen / Sylveon</em></div><div class="chat message-error">Battle timer is ON: inactive players will automatically lose when time's up. (requested by bitchesalwaysluck)</div><div class="spacer battle-history"><br></div><div class="battle-history">Battle started between 4ture and bitchesalwaysluck!<br></div><div class="spacer battle-history"><br></div><div class="battle-history">Go! <strong>Porygon-Z</strong>!<br></div><div class="spacer battle-history"><br></div><div class="battle-history">bitchesalwaysluck sent out <strong>Nidoqueen</strong>!<br></div><div class="spacer battle-history"><br></div><h2 class="battle-history">Turn 1</h2><div class="spacer battle-history"><br></div><div class="battle-history">bitchesalwaysluck withdrew Nidoqueen!<br></div><div class="battle-history">bitchesalwaysluck sent out <strong>Doublade</strong>!<br></div><div class="spacer battle-history"><br></div><div class="battle-history">Porygon-Z used <strong>Tri Attack</strong>!<br></div><div class="battle-history"><small>It doesn't affect the opposing Doublade...</small><br></div><div class="spacer battle-history"><br></div><h2 class="battle-history">Turn 2</h2><div class="spacer battle-history"><br></div><div class="battle-history">Porygon-Z, come back!<br></div><div class="battle-history">Go! <strong>Tentacruel</strong>!<br></div><div class="spacer battle-history"><br></div><div class="battle-history">bitchesalwaysluck withdrew Doublade!<br></div><div class="battle-history">bitchesalwaysluck sent out <strong>Mandibuzz</strong>!<br></div><div class="spacer battle-history"><br></div><h2 class="battle-history">Turn 3</h2><div class="spacer battle-history"><br></div><div class="battle-history">Tentacruel used <strong>Knock Off</strong>!<br></div><div class="battle-history"><small>It's not very effective...</small><br></div><div class="battle-history"><small>(The opposing Mandibuzz lost <abbr title="−19/423">4.5%</abbr> of its health!)</small><br></div><div class="battle-history"><small>Tentacruel was hurt by the Rocky Helmet!</small><br></div><div class="battle-history"><small>Tentacruel knocked off the opposing Mandibuzz's Rocky Helmet!</small><br></div><div class="spacer battle-history"><br></div><div class="battle-history">The opposing Mandibuzz used <strong>Knock Off</strong>!<br></div><div class="battle-history"><small>(Tentacruel lost <abbr title="−73/363">20.1%</abbr> of its health!)</small><br></div><div class="battle-history"><small>The opposing Mandibuzz knocked off Tentacruel's Black Sludge!</small><br></div><div class="spacer battle-history"><br></div><h2 class="battle-history">Turn 4</h2><div class="spacer battle-history"><br></div><div class="battle-history">Tentacruel used <strong>Scald</strong>!<br></div><div class="battle-history"><small>(The opposing Mandibuzz lost <abbr title="−81/423">19.1%</abbr> of its health!)</small><br></div><div class="spacer battle-history"><br></div><div class="battle-history">The opposing Mandibuzz used <strong>Foul Play</strong>!<br></div><div class="battle-history"><small>A critical hit!</small><br></div><div class="battle-history"><small>(Tentacruel lost <abbr title="−115/363">31.7%</abbr> of its health!)</small><br></div><div class="spacer battle-history"><br></div><h2 class="battle-history">Turn 5</h2><div class="spacer battle-history"><br></div><div class="battle-history">Tentacruel used <strong>Scald</strong>!<br></div><div class="battle-history"><small>(The opposing Mandibuzz lost <abbr title="−85/423">20.1%</abbr> of its health!)</small><br></div><div class="battle-history"><small>The opposing Mandibuzz was burned!</small><br></div><div class="spacer battle-history"><br></div><div class="battle-history">The opposing Mandibuzz used <strong>Foul Play</strong>!<br></div><div class="battle-history"><small>(Tentacruel lost <abbr title="−35/363">9.6%</abbr> of its health!)</small><br></div><div class="spacer battle-history"><br></div><div class="battle-history"><small>The opposing Mandibuzz was hurt by its burn!</small><br></div><div class="spacer battle-history"><br></div><h2 class="battle-history">Turn 6</h2><div class="spacer battle-history"><br></div><div class="battle-history">Tentacruel used <strong>Toxic Spikes</strong>!<br></div><div class="battle-history"><small>Poison spikes were scattered on the ground all around the opposing team!</small><br></div><div class="spacer battle-history"><br></div><div class="battle-history">The opposing Mandibuzz used <strong>Roost</strong>!<br></div><div class="battle-history"><small>The opposing Mandibuzz restored its HP.</small><br></div><div class="spacer battle-history"><br></div><div class="battle-history"><small>The opposing Mandibuzz was hurt by its burn!</small><br></div><div class="spacer battle-history"><br></div><h2 class="battle-history">Turn 7</h2><div class="spacer battle-history"><br></div><div class="battle-history">Tentacruel used <strong>Scald</strong>!<br></div><div class="battle-history"><small>(The opposing Mandibuzz lost <abbr title="−78/423">18.4%</abbr> of its health!)</small><br></div><div class="spacer battle-history"><br></div><div class="battle-history">The opposing Mandibuzz used <strong>Defog</strong>!<br></div><div class="battle-history"><small>Tentacruel's evasiveness fell!</small><br></div><div class="battle-history"><small>The poison spikes disappeared from the ground around the opposing team!</small><br></div><div class="spacer battle-history"><br></div><div class="battle-history"><small>The opposing Mandibuzz was hurt by its burn!</small><br></div><div class="spacer battle-history"><br></div><h2 class="battle-history">Turn 8</h2><div class="spacer battle-history"><br></div><div class="battle-history">Tentacruel, come back!<br></div><div class="battle-history">Go! <strong>Porygon-Z</strong>!<br></div><div class="spacer battle-history"><br></div><div class="battle-history">The opposing Mandibuzz used <strong>Roost</strong>!<br></div><div class="battle-history"><small>The opposing Mandibuzz restored its HP.</small><br></div><div class="spacer battle-history"><br></div><div class="battle-history"><small>The opposing Mandibuzz was hurt by its burn!</small><br></div><div class="spacer battle-history"><br></div><h2 class="battle-history">Turn 9</h2><div class="spacer battle-history"><br></div><div class="battle-history">bitchesalwaysluck withdrew Mandibuzz!<br></div><div class="battle-history">bitchesalwaysluck sent out <strong>Sylveon</strong>!<br></div><div class="spacer battle-history"><br></div><div class="battle-history">Porygon-Z used <strong>Tri Attack</strong>!<br></div><div class="battle-history"><small>(The opposing Sylveon lost <abbr title="−218/394">55.3%</abbr> of its health!)</small><br></div><div class="spacer battle-history"><br></div><div class="battle-history"><small>The opposing Sylveon restored a little HP using its Leftovers!</small><br></div><div class="spacer battle-history"><br></div><h2 class="battle-history">Turn 10</h2><div class="spacer battle-history"><br></div><div class="battle-history">Porygon-Z, come back!<br></div><div class="battle-history">Go! <strong>Gligar</strong>!<br></div><div class="spacer battle-history"><br></div><div class="battle-history">The opposing Sylveon used <strong>Protect</strong>!<br></div><div class="battle-history"><small>But it failed!</small><br></div><div class="spacer battle-history"><br></div><div class="battle-history"><small>The opposing Sylveon restored a little HP using its Leftovers!</small><br></div><div class="spacer battle-history"><br></div><h2 class="battle-history">Turn 11</h2><div class="spacer battle-history"><br></div><div class="battle-history">Gligar used <strong>Stealth Rock</strong>!<br></div><div class="battle-history"><small>Pointed stones float in the air around the opposing team!</small><br></div><div class="spacer battle-history"><br></div><div class="battle-history">The opposing Sylveon used <strong>Wish</strong>!<br></div><div class="spacer battle-history"><br></div><div class="battle-history"><small>The opposing Sylveon restored a little HP using its Leftovers!</small><br></div><div class="spacer battle-history"><br></div><h2 class="battle-history">Turn 12</h2><div class="spacer battle-history"><br></div><div class="battle-history">Gligar used <strong>U-turn</strong>!<br></div><div class="battle-history"><small>It's not very effective...</small><br></div><div class="battle-history"><small>(The opposing Sylveon lost <abbr title="−29/394">7.4%</abbr> of its health!)</small><br></div><div class="spacer battle-history"><br></div><div class="battle-history">Gligar went back to 4ture!<br></div><div class="battle-history">Go! <strong>Beedrill</strong>!<br></div><div class="spacer battle-history"><br></div><div class="battle-history">The opposing Sylveon used <strong>Heal Bell</strong>!<br></div><div class="battle-history"><small>A bell chimed!</small><br></div><div class="battle-history"><small>The opposing Mandibuzz's burn was healed.</small><br></div><div class="spacer battle-history"><br></div><div class="battle-history"><small>Sylveon's wish came true!</small><br></div><div class="spacer battle-history"><br></div><h2 class="battle-history">Turn 13</h2><div class="spacer battle-history"><br></div><div class="battle-history"><small>Beedrill's Beedrillite is reacting to 4ture's Mega Bracelet!</small><br>Beedrill has Mega Evolved into Mega Beedrill!<br></div><div class="spacer battle-history"><br></div><div class="battle-history">The opposing Sylveon used <strong>Protect</strong>!<br></div><div class="battle-history"><small>The opposing Sylveon protected itself!</small><br></div><div class="spacer battle-history"><br></div><div class="battle-history">Beedrill used <strong>U-turn</strong>!<br></div><div class="battle-history"><small>The opposing Sylveon protected itself!</small><br></div><div class="spacer battle-history"><br></div><h2 class="battle-history">Turn 14</h2><div class="spacer battle-history"><br></div><div class="battle-history">bitchesalwaysluck withdrew Sylveon!<br></div><div class="battle-history">bitchesalwaysluck sent out <strong>Doublade</strong>!<br></div><div class="battle-history"><small>Pointed stones dug into the opposing Doublade!</small><br></div><div class="spacer battle-history"><br></div><div class="battle-history">Beedrill used <strong>U-turn</strong>!<br></div><div class="battle-history"><small>It's not very effective...</small><br></div><div class="battle-history"><small>(The opposing Doublade lost <abbr title="−20/322">6.2%</abbr> of its health!)</small><br></div><div class="spacer battle-history"><br></div><div class="battle-history">Beedrill went back to 4ture!<br></div><div class="battle-history">Go! <strong>Porygon-Z</strong>!<br></div><div class="spacer battle-history"><br></div><h2 class="battle-history">Turn 15</h2><div class="spacer battle-history"><br></div><div class="battle-history">bitchesalwaysluck withdrew Doublade!<br></div><div class="battle-history">bitchesalwaysluck sent out <strong>Sylveon</strong>!<br></div><div class="battle-history"><small>Pointed stones dug into the opposing Sylveon!</small><br></div><div class="spacer battle-history"><br></div><div class="battle-history">Porygon-Z used <strong>Trick</strong>!<br></div><div class="battle-history"><small>Porygon-Z switched items with its target!</small><br></div><div class="battle-history"><small>The opposing Sylveon obtained one Choice Specs.</small><br></div><div class="battle-history"><small>Porygon-Z obtained one Leftovers.</small><br></div><div class="spacer battle-history"><br></div><h2 class="battle-history">Turn 16</h2><div class="spacer battle-history"><br></div><div class="battle-history">Porygon-Z, come back!<br></div><div class="battle-history">Go! <strong>Tentacruel</strong>!<br></div><div class="spacer battle-history"><br></div><div class="battle-history">The opposing Sylveon used <strong>Hyper Voice</strong>!<br></div><div class="battle-history"><small>It's not very effective...</small><br></div><div class="battle-history"><small>(Tentacruel lost <abbr title="−80/363">22.0%</abbr> of its health!)</small><br></div><div class="spacer battle-history"><br></div><div class="battle-history">Tentacruel fainted!<br></div><div class="spacer battle-history"><br></div><div class="battle-history">Go! Beedrill (<strong>Beedrill-Mega</strong>)!<br></div><div class="spacer battle-history"><br></div><h2 class="battle-history">Turn 17</h2><div class="spacer battle-history"><br></div><div class="battle-history">bitchesalwaysluck withdrew Sylveon!<br></div><div class="battle-history">bitchesalwaysluck sent out <strong>Doublade</strong>!<br></div><div class="battle-history"><small>Pointed stones dug into the opposing Doublade!</small><br></div><div class="spacer battle-history"><br></div><div class="battle-history">Beedrill used <strong>Poison Jab</strong>!<br></div><div class="battle-history"><small>It doesn't affect the opposing Doublade...</small><br></div><div class="spacer battle-history"><br></div><h2 class="battle-history">Turn 18</h2><div class="spacer battle-history"><br></div><div class="battle-history">Beedrill, come back!<br></div><div class="battle-history">Go! <strong>Gligar</strong>!<br></div><div class="spacer battle-history"><br></div><div class="battle-history">The opposing Doublade used <strong>Swords Dance</strong>!<br></div><div class="battle-history"><small>The opposing Doublade's Attack rose sharply!</small><br></div><div class="spacer battle-history"><br></div><h2 class="battle-history">Turn 19</h2><div class="spacer battle-history"><br></div><div class="battle-history">bitchesalwaysluck withdrew Doublade!<br></div><div class="battle-history">bitchesalwaysluck sent out <strong>Mandibuzz</strong>!<br></div><div class="battle-history"><small>Pointed stones dug into the opposing Mandibuzz!</small><br></div><div class="spacer battle-history"><br></div><div class="battle-history">Gligar used <strong>Earthquake</strong>!<br></div><div class="battle-history"><small>It doesn't affect the opposing Mandibuzz...</small><br></div><div class="spacer battle-history"><br></div><h2 class="battle-history">Turn 20</h2><div class="spacer battle-history"><br></div><div class="battle-history">Gligar used <strong>U-turn</strong>!<br></div><div class="battle-history"><small>(The opposing Mandibuzz lost <abbr title="−31/423">7.3%</abbr> of its health!)</small><br></div><div class="spacer battle-history"><br></div><div class="battle-history">Gligar went back to 4ture!<br></div><div class="battle-history">Go! <strong>Porygon-Z</strong>!<br></div><div class="spacer battle-history"><br></div><div class="battle-history">The opposing Mandibuzz used <strong>Defog</strong>!<br></div><div class="battle-history"><small>Porygon-Z's evasiveness fell!</small><br></div><div class="battle-history"><small>The pointed stones disappeared from around the opposing team!</small><br></div><div class="spacer battle-history"><br></div><h2 class="battle-history">Turn 21</h2><div class="spacer battle-history"><br></div><div class="battle-history">bitchesalwaysluck withdrew Mandibuzz!<br></div><div class="battle-history">bitchesalwaysluck sent out <strong>Sylveon</strong>!<br></div><div class="spacer battle-history"><br></div><div class="battle-history">Porygon-Z used <strong>Tri Attack</strong>!<br></div><div class="battle-history"><small>(The opposing Sylveon lost <abbr title="−152/394">38.6%</abbr> of its health!)</small><br></div><div class="spacer battle-history"><br></div><h2 class="battle-history">Turn 22</h2><div class="spacer battle-history"><br></div><div class="battle-history">Porygon-Z, come back!<br></div><div class="battle-history">Go! <strong>Doublade</strong>!<br></div><div class="spacer battle-history"><br></div><div class="battle-history">The opposing Sylveon used <strong>Hyper Voice</strong>!<br></div><div class="battle-history"><small>It's not very effective...</small><br></div><div class="battle-history"><small>(Doublade lost <abbr title="−185/321">57.6%</abbr> of its health!)</small><br></div><div class="spacer battle-history"><br></div><h2 class="battle-history">Turn 23</h2><div class="spacer battle-history"><br></div><div class="battle-history">Doublade used <strong>Shadow Sneak</strong>!<br></div><div class="battle-history"><small>(The opposing Sylveon lost <abbr title="−96/394">24.4%</abbr> of its health!)</small><br></div><div class="spacer battle-history"><br></div><div class="battle-history">The opposing Sylveon used <strong>Hyper Voice</strong>!<br></div><div class="battle-history"><small>It's not very effective...</small><br></div><div class="battle-history"><small>(Doublade lost <abbr title="−136/321">42.4%</abbr> of its health!)</small><br></div><div class="spacer battle-history"><br></div><div class="battle-history">Doublade fainted!<br></div><div class="spacer battle-history"><br></div><div class="battle-history">Go! <strong>Porygon-Z</strong>!<br></div><div class="spacer battle-history"><br></div><h2 class="battle-history">Turn 24</h2><div class="spacer battle-history"><br></div><div class="battle-history">bitchesalwaysluck withdrew Sylveon!<br></div><div class="battle-history">bitchesalwaysluck sent out <strong>Doublade</strong>!<br></div><div class="spacer battle-history"><br></div><div class="battle-history">Porygon-Z used <strong>Tri Attack</strong>!<br></div><div class="battle-history"><small>It doesn't affect the opposing Doublade...</small><br></div><div class="spacer battle-history"><br></div><h2 class="battle-history">Turn 25</h2><div class="spacer battle-history"><br></div><div class="battle-history">Porygon-Z used <strong>Dark Pulse</strong>!<br></div><div class="battle-history"><small>It's super effective!</small><br></div><div class="battle-history"><small>(The opposing Doublade lost <abbr title="−190/322">59.0%</abbr> of its health!)</small><br></div><div class="spacer battle-history"><br></div><div class="battle-history">The opposing Doublade flinched and couldn't move!<br></div><div class="spacer battle-history"><br></div><h2 class="battle-history">Turn 26</h2><div class="spacer battle-history"><br></div><div class="battle-history">bitchesalwaysluck withdrew Doublade!<br></div><div class="battle-history">bitchesalwaysluck sent out <strong>Infernape</strong>!<br></div><div class="spacer battle-history"><br></div><div class="battle-history">Porygon-Z used <strong>Dark Pulse</strong>!<br></div><div class="battle-history"><small>It's not very effective...</small><br></div><div class="battle-history"><small>(The opposing Infernape lost <abbr title="−70/293">23.9%</abbr> of its health!)</small><br></div><div class="spacer battle-history"><br></div><h2 class="battle-history">Turn 27</h2><div class="spacer battle-history"><br></div><div class="battle-history">Porygon-Z, come back!<br></div><div class="battle-history">Go! <strong>Gligar</strong>!<br></div><div class="spacer battle-history"><br></div><div class="battle-history">The opposing Infernape used <strong>Flare Blitz</strong>!<br></div><div class="battle-history"><small>(Gligar lost <abbr title="−187/333">56.2%</abbr> of its health!)</small><br></div><div class="battle-history"><small>The opposing Infernape is damaged by the recoil!</small><br></div><div class="spacer battle-history"><br></div><h2 class="battle-history">Turn 28</h2><div class="spacer battle-history"><br></div><div class="battle-history">The opposing Infernape used <strong>Flare Blitz</strong>!<br></div><div class="battle-history"><small>(Gligar lost <abbr title="−146/333">43.8%</abbr> of its health!)</small><br></div><div class="battle-history"><small>The opposing Infernape is damaged by the recoil!</small><br></div><div class="spacer battle-history"><br></div><div class="battle-history">Gligar fainted!<br></div><div class="spacer battle-history"><br></div><div class="battle-history">Go! Beedrill (<strong>Beedrill-Mega</strong>)!<br></div><div class="spacer battle-history"><br></div><h2 class="battle-history">Turn 29</h2><div class="spacer battle-history"><br></div><div class="battle-history">bitchesalwaysluck withdrew Infernape!<br></div><div class="battle-history">bitchesalwaysluck sent out <strong>Sylveon</strong>!<br></div><div class="spacer battle-history"><br></div><div class="battle-history">Beedrill used <strong>U-turn</strong>!<br></div><div class="battle-history"><small>It's not very effective...</small><br></div><div class="battle-history"><small>(The opposing Sylveon lost <abbr title="−97/394">24.6%</abbr> of its health!)</small><br></div><div class="spacer battle-history"><br></div><div class="battle-history">The opposing Sylveon fainted!<br></div><div class="spacer battle-history"><br></div><div class="battle-history">Beedrill went back to 4ture!<br></div><div class="battle-history">Go! <strong>Mienshao</strong>!<br></div><div class="spacer battle-history"><br></div><div class="battle-history">bitchesalwaysluck sent out <strong>Blastoise</strong>!<br></div><div class="spacer battle-history"><br></div><h2 class="battle-history">Turn 30</h2><div class="spacer battle-history"><br></div><div class="battle-history"><small>The opposing Blastoise's Blastoisinite is reacting to bitchesalwaysluck's Mega Bracelet!</small><br>The opposing Blastoise has Mega Evolved into Mega Blastoise!<br></div><div class="spacer battle-history"><br></div><div class="battle-history">Mienshao used <strong>High Jump Kick</strong>!<br></div><div class="battle-history"><small>(The opposing Blastoise lost <abbr title="−201/299">67.2%</abbr> of its health!)</small><br></div><div class="spacer battle-history"><br></div><div class="battle-history">The opposing Blastoise used <strong>Aura Sphere</strong>!<br></div><div class="battle-history"><small>(Mienshao lost <abbr title="−230/271">84.9%</abbr> of its health!)</small><br></div><div class="spacer battle-history"><br></div><h2 class="battle-history">Turn 31</h2><div class="spacer battle-history"><br></div><div class="battle-history">bitchesalwaysluck withdrew Blastoise!<br></div><div class="battle-history">bitchesalwaysluck sent out <strong>Doublade</strong>!<br></div><div class="spacer battle-history"><br></div><div class="battle-history">Mienshao used <strong>High Jump Kick</strong>!<br></div><div class="battle-history"><small>It doesn't affect the opposing Doublade...</small><br></div><div class="battle-history"><small>Mienshao kept going and crashed!</small><br></div><div class="spacer battle-history"><br></div><div class="battle-history">Mienshao fainted!<br></div><div class="spacer battle-history"><br></div><div class="battle-history">Go! <strong>Porygon-Z</strong>!<br></div><div class="spacer battle-history"><br></div><h2 class="battle-history">Turn 32</h2><div class="spacer battle-history"><br></div><div class="battle-history">bitchesalwaysluck withdrew Doublade!<br></div><div class="battle-history">bitchesalwaysluck sent out <strong>Infernape</strong>!<br></div><div class="spacer battle-history"><br></div><div class="battle-history">Porygon-Z used <strong>Dark Pulse</strong>!<br></div><div class="battle-history"><small>It's not very effective...</small><br></div><div class="battle-history"><small>(The opposing Infernape lost <abbr title="−63/293">21.5%</abbr> of its health!)</small><br></div><div class="spacer battle-history"><br></div><h2 class="battle-history">Turn 33</h2><div class="chat chatmessage-4ture"><strong style="color:hsl(315,87%,40%)"><small>☆</small><span class="username" data-name="4ture">4ture</span>:</strong> <em>i dont like that play</em></div><div class="chat chatmessage-4ture"><strong style="color:hsl(315,87%,40%)"><small>☆</small><span class="username" data-name="4ture">4ture</span>:</strong> <em>you choked a couple times imo</em></div><div class="chat chatmessage-bitchesalwaysluck"><strong style="color:hsl(225,58%,56.42919283985981%)"><small>☆</small><span class="username" data-name="bitchesalwaysluck">bitchesalwaysluck</span>:</strong> <em>im stunting out here</em></div><div class="chat chatmessage-bitchesalwaysluck"><strong style="color:hsl(225,58%,56.42919283985981%)"><small>☆</small><span class="username" data-name="bitchesalwaysluck">bitchesalwaysluck</span>:</strong> <em>and winning</em></div><div class="chat chatmessage-4ture"><strong style="color:hsl(315,87%,40%)"><small>☆</small><span class="username" data-name="4ture">4ture</span>:</strong> <em>but it worked out for you</em></div><div class="chat chatmessage-bitchesalwaysluck"><strong style="color:hsl(225,58%,56.42919283985981%)"><small>☆</small><span class="username" data-name="bitchesalwaysluck">bitchesalwaysluck</span>:</strong> <em>so</em></div><div class="chat chatmessage-bitchesalwaysluck"><strong style="color:hsl(225,58%,56.42919283985981%)"><small>☆</small><span class="username" data-name="bitchesalwaysluck">bitchesalwaysluck</span>:</strong> <em>im baked ha</em></div><div class="chat chatmessage-4ture"><strong style="color:hsl(315,87%,40%)"><small>☆</small><span class="username" data-name="4ture">4ture</span>:</strong> <em>you played strangely</em></div><div class="chat chatmessage-4ture"><strong style="color:hsl(315,87%,40%)"><small>☆</small><span class="username" data-name="4ture">4ture</span>:</strong> <em>and got rewarded for it</em></div><div class="chat chatmessage-4ture"><strong style="color:hsl(315,87%,40%)"><small>☆</small><span class="username" data-name="4ture">4ture</span>:</strong> <em>so basically</em></div><div class="chat chatmessage-bitchesalwaysluck"><strong style="color:hsl(225,58%,56.42919283985981%)"><small>☆</small><span class="username" data-name="bitchesalwaysluck">bitchesalwaysluck</span>:</strong> <em>i predicted</em></div><div class="chat chatmessage-bitchesalwaysluck"><strong style="color:hsl(225,58%,56.42919283985981%)"><small>☆</small><span class="username" data-name="bitchesalwaysluck">bitchesalwaysluck</span>:</strong> <em>so</em></div><div class="chat chatmessage-bitchesalwaysluck"><strong style="color:hsl(225,58%,56.42919283985981%)"><small>☆</small><span class="username" data-name="bitchesalwaysluck">bitchesalwaysluck</span>:</strong> <em>gg</em></div><div class="chat chatmessage-4ture"><strong style="color:hsl(315,87%,40%)"><small>☆</small><span class="username" data-name="4ture">4ture</span>:</strong> <em>youre ass</em></div><div class="spacer battle-history"><br></div><div class="battle-history"><small>4ture forfeited.</small><br></div><div class="spacer battle-history"><br></div><div class="battle-history"><strong>bitchesalwaysluck</strong> won the battle!<br></div><div class="chat"><small>4ture left.</small></div><div class="chat chatmessage-bitchesalwaysluck"><strong style="color:hsl(225,58%,56.42919283985981%)"><small>☆</small><span class="username" data-name="bitchesalwaysluck">bitchesalwaysluck</span>:</strong> <em>you just got 5-0</em></div></div><div class="inner-preempt"></div></div></div>
</div>
<script>
let daily = Math.floor(Date.now()/1000/60/60/24);document.write('<script src="https://play.pokemonshowdown.com/js/replay-embed.js?version'+daily+'"></'+'script>');
</script>
