<!DOCTYPE html>
<meta charset="utf-8" />
<!-- version 1 -->
<title>UU replay: DarkSoul0975605507 vs. Storm Prower</title>
<style>
html,body {font-family:Verdana, sans-serif;font-size:10pt;margin:0;padding:0;}body{padding:12px 0;} .battle-log {font-family:Verdana, sans-serif;font-size:10pt;} .battle-log-inline {border:1px solid #AAAAAA;background:#EEF2F5;color:black;max-width:640px;margin:0 auto 80px;padding-bottom:5px;} .battle-log .inner {padding:4px 8px 0px 8px;} .battle-log .inner-preempt {padding:0 8px 4px 8px;} .battle-log .inner-after {margin-top:0.5em;} .battle-log h2 {margin:0.5em -8px;padding:4px 8px;border:1px solid #AAAAAA;background:#E0E7EA;border-left:0;border-right:0;font-family:Verdana, sans-serif;font-size:13pt;} .battle-log .chat {vertical-align:middle;padding:3px 0 3px 0;font-size:8pt;} .battle-log .chat strong {color:#40576A;} .battle-log .chat em {padding:1px 4px 1px 3px;color:#000000;font-style:normal;} .chat.mine {background:rgba(0,0,0,0.05);margin-left:-8px;margin-right:-8px;padding-left:8px;padding-right:8px;} .spoiler {color:#BBBBBB;background:#BBBBBB;padding:0px 3px;} .spoiler:hover, .spoiler:active, .spoiler-shown {color:#000000;background:#E2E2E2;padding:0px 3px;} .spoiler a {color:#BBBBBB;} .spoiler:hover a, .spoiler:active a, .spoiler-shown a {color:#2288CC;} .chat code, .chat .spoiler:hover code, .chat .spoiler:active code, .chat .spoiler-shown code {border:1px solid #C0C0C0;background:#EEEEEE;color:black;padding:0 2px;} .chat .spoiler code {border:1px solid #CCCCCC;background:#CCCCCC;color:#CCCCCC;} .battle-log .rated {padding:3px 4px;} .battle-log .rated strong {color:white;background:#89A;padding:1px 4px;border-radius:4px;} .spacer {margin-top:0.5em;} .message-announce {background:#6688AA;color:white;padding:1px 4px 2px;} .message-announce a, .broadcast-green a, .broadcast-blue a, .broadcast-red a {color:#DDEEFF;} .broadcast-green {background-color:#559955;color:white;padding:2px 4px;} .broadcast-blue {background-color:#6688AA;color:white;padding:2px 4px;} .infobox {border:1px solid #6688AA;padding:2px 4px;} .infobox-limited {max-height:200px;overflow:auto;overflow-x:hidden;} .broadcast-red {background-color:#AA5544;color:white;padding:2px 4px;} .message-learn-canlearn {font-weight:bold;color:#228822;text-decoration:underline;} .message-learn-cannotlearn {font-weight:bold;color:#CC2222;text-decoration:underline;} .message-effect-weak {font-weight:bold;color:#CC2222;} .message-effect-resist {font-weight:bold;color:#6688AA;} .message-effect-immune {font-weight:bold;color:#666666;} .message-learn-list {margin-top:0;margin-bottom:0;} .message-throttle-notice, .message-error {color:#992222;} .message-overflow, .chat small.message-overflow {font-size:0pt;} .message-overflow::before {font-size:9pt;content:'...';} .subtle {color:#3A4A66;}
</style>
<div class="wrapper replay-wrapper" style="max-width:1180px;margin:0 auto">
<input type="hidden" name="replayid" value="uu-540746177" />
<div class="battle"></div><div class="battle-log"></div><div class="replay-controls"></div><div class="replay-controls-2"></div>
<h1 style="font-weight:normal;text-align:center"><strong>UU</strong><br /><a href="http://pokemonshowdown.com/users/darksoul0975605507" class="subtle" target="_blank">DarkSoul0975605507</a> vs. <a href="http://pokemonshowdown.com/users/stormprower" class="subtle" target="_blank">Storm Prower</a></h1>
<script type="text/plain" class="battle-log-data">|j|DarkSoul0975605507
|j|Storm Prower
|player|p1|DarkSoul0975605507|266
|player|p2|Storm Prower|238
|gametype|singles
|gen|6
|tier|UU
|rated
|seed|62958,50434,48754,30271
|rule|Sleep Clause Mod: Limit one foe put to sleep
|rule|Species Clause: Limit one of each Pokémon
|rule|OHKO Clause: OHKO moves are banned
|rule|Moody Clause: Moody is banned
|rule|Evasion Moves Clause: Evasion moves are banned
|rule|Endless Battle Clause: Forcing endless battles is banned
|rule|HP Percentage Mod: HP is shown in percentages
|clearpoke
|poke|p1|Lucario, M|item
|poke|p1|Galvantula, M, shiny|item
|poke|p1|Yanmega, F|item
|poke|p1|Darmanitan, M|item
|poke|p1|Milotic, F|item
|poke|p1|Krookodile, M|item
|poke|p2|Klefki, F|item
|poke|p2|Roserade, F|item
|poke|p2|Conkeldurr, M|item
|poke|p2|Milotic, F|item
|poke|p2|Porygon2|item
|poke|p2|Donphan, M|item
|rule|Swagger Clause: Swagger is banned
|rule|Baton Pass Clause: Limit one Baton Passer, can't pass Spe and other stats simultaneously
|teampreview
|choice|team 2, team 1, team 3, team 4, team 5, team 6|team 5, team 2, team 3, team 4, team 1, team 6
|
|start
|switch|p1a: Galvantula|Galvantula, M, shiny|281\/281
|switch|p2a: Porygon2|Porygon2|372\/372
|-ability|p2a: Porygon2|Download|boost
|-boost|p2a: Porygon2|spa|1
|turn|1
|choice|move stickyweb|move trickroom
|
|move|p1a: Galvantula|Sticky Web|p2a: Porygon2
|-sidestart|p2: Storm Prower|move: Sticky Web
|move|p2a: Porygon2|Trick Room|p2a: Porygon2
|-fieldstart|move: Trick Room|[of] p2a: Porygon2
|
|upkeep
|turn|2
|choice|move thunder|move triattack
|
|move|p2a: Porygon2|Tri Attack|p1a: Galvantula
|-damage|p1a: Galvantula|40\/281
|move|p1a: Galvantula|Thunder|p2a: Porygon2
|-damage|p2a: Porygon2|287\/372
|-status|p2a: Porygon2|par
|
|upkeep
|turn|3
|choice|move thunder|switch 2
|
|switch|p2a: Belladonna|Roserade, F|321\/321
|-activate|p2a: Belladonna|move: Sticky Web
|-unboost|p2a: Belladonna|spe|1
|move|p1a: Galvantula|Thunder|p2a: Belladonna
|-resisted|p2a: Belladonna
|-damage|p2a: Belladonna|264\/321
|
|-heal|p2a: Belladonna|284\/321|[from] item: Black Sludge
|upkeep
|turn|4
|choice|move bugbuzz|move aromatherapy
|
|move|p2a: Belladonna|Aromatherapy|p2a: Belladonna
|-activate|p2a: Belladonna|move: Aromatherapy
|-curestatus|p2: Porygon2|par|[msg]
|move|p1a: Galvantula|Bug Buzz|p2a: Belladonna
|-damage|p2a: Belladonna|188\/321
|
|-heal|p2a: Belladonna|208\/321|[from] item: Black Sludge
|upkeep
|turn|5
|choice|move bugbuzz|move sludgebomb
|
|move|p2a: Belladonna|Sludge Bomb|p1a: Galvantula
|-damage|p1a: Galvantula|0 fnt
|faint|p1a: Galvantula
|
|-heal|p2a: Belladonna|228\/321|[from] item: Black Sludge
|-fieldend|move: Trick Room
|upkeep
|choice|switch 2|
|
|switch|p1a: Lucario|Lucario, M|281\/281
|turn|6
|c|☆DarkSoul0975605507|do it fast
|choice|move irontail|switch 3
|
|switch|p2a: Gattsuman|Conkeldurr, M|351\/351
|-activate|p2a: Gattsuman|move: Sticky Web
|-unboost|p2a: Gattsuman|spe|1
|move|p1a: Lucario|Iron Tail|p2a: Gattsuman
|-damage|p2a: Gattsuman|124\/351
|-unboost|p2a: Gattsuman|def|1
|-damage|p1a: Lucario|253\/281|[from] item: Life Orb
|
|upkeep
|turn|7
|choice|move extremespeed|move machpunch
|
|move|p1a: Lucario|Extreme Speed|p2a: Gattsuman
|-damage|p2a: Gattsuman|0 fnt
|-damage|p1a: Lucario|225\/281|[from] item: Life Orb
|faint|p2a: Gattsuman
|
|upkeep
|choice||switch 6
|
|switch|p2a: Donphan|Donphan, M|384\/384
|-activate|p2a: Donphan|move: Sticky Web
|-unboost|p2a: Donphan|spe|1
|turn|8
|choice|switch 5|move stealthrock
|
|switch|p1a: Milotic|Milotic, F|331\/331
|move|p2a: Donphan|Stealth Rock|p1a: Milotic
|-sidestart|p1: DarkSoul0975605507|move: Stealth Rock
|
|upkeep
|turn|9
|choice|move scald|switch 2
|
|switch|p2a: Porygon2|Porygon2|287\/372
|-activate|p2a: Porygon2|move: Sticky Web
|-unboost|p2a: Porygon2|spe|1
|-ability|p2a: Porygon2|Download|boost
|-boost|p2a: Porygon2|atk|1
|move|p1a: Milotic|Scald|p2a: Porygon2
|-damage|p2a: Porygon2|227\/372
|
|upkeep
|turn|10
|choice|move toxic|move trickroom
|
|move|p1a: Milotic|Toxic|p2a: Porygon2
|-status|p2a: Porygon2|tox
|move|p2a: Porygon2|Trick Room|p2a: Porygon2
|-fieldstart|move: Trick Room|[of] p2a: Porygon2
|
|-damage|p2a: Porygon2|204\/372 tox|[from] psn
|upkeep
|turn|11
|choice|move scald|move recover
|
|move|p2a: Porygon2|Recover|p2a: Porygon2
|-heal|p2a: Porygon2|372\/372 tox
|move|p1a: Milotic|Scald|p2a: Porygon2
|-damage|p2a: Porygon2|314\/372 tox
|
|-damage|p2a: Porygon2|268\/372 tox|[from] psn
|upkeep
|turn|12
|choice|move scald|switch 5
|
|switch|p2a: Klefki|Klefki, F|318\/318
|-activate|p2a: Klefki|move: Sticky Web
|-unboost|p2a: Klefki|spe|1
|move|p1a: Milotic|Scald|p2a: Klefki
|-damage|p2a: Klefki|228\/318
|-status|p2a: Klefki|brn
|
|-heal|p2a: Klefki|247\/318 brn|[from] item: Leftovers
|-damage|p2a: Klefki|208\/318 brn|[from] brn
|upkeep
|turn|13
|choice|move scald|move toxic
|
|move|p2a: Klefki|Toxic|p1a: Milotic
|-status|p1a: Milotic|tox
|move|p1a: Milotic|Scald|p2a: Klefki
|-damage|p2a: Klefki|111\/318 brn
|
|-heal|p2a: Klefki|130\/318 brn|[from] item: Leftovers
|-damage|p2a: Klefki|91\/318 brn|[from] brn
|-damage|p1a: Milotic|311\/331 tox|[from] psn
|upkeep
|turn|14
|choice|move scald|switch 3
|
|switch|p2a: Belladonna|Roserade, F|228\/321
|-activate|p2a: Belladonna|move: Sticky Web
|-unboost|p2a: Belladonna|spe|1
|move|p1a: Milotic|Scald|p2a: Belladonna
|-resisted|p2a: Belladonna
|-damage|p2a: Belladonna|184\/321
|
|-heal|p2a: Belladonna|204\/321|[from] item: Black Sludge
|-heal|p1a: Milotic|331\/331 tox|[from] item: Leftovers
|-damage|p1a: Milotic|291\/331 tox|[from] psn
|-fieldend|move: Trick Room
|upkeep
|turn|15
|choice|move icebeam|move synthesis
|
|move|p1a: Milotic|Ice Beam|p2a: Belladonna
|-supereffective|p2a: Belladonna
|-damage|p2a: Belladonna|78\/321
|move|p2a: Belladonna|Synthesis|p2a: Belladonna
|-heal|p2a: Belladonna|238\/321
|
|-heal|p1a: Milotic|311\/331 tox|[from] item: Leftovers
|-heal|p2a: Belladonna|258\/321|[from] item: Black Sludge
|-damage|p1a: Milotic|251\/331 tox|[from] psn
|upkeep
|turn|16
|choice|move icebeam|move aromatherapy
|
|move|p1a: Milotic|Ice Beam|p2a: Belladonna
|-supereffective|p2a: Belladonna
|-damage|p2a: Belladonna|140\/321
|move|p2a: Belladonna|Aromatherapy|p2a: Belladonna
|-activate|p2a: Belladonna|move: Aromatherapy
|-curestatus|p2: Klefki|brn|[msg]
|-curestatus|p2: Porygon2|tox|[msg]
|
|-heal|p1a: Milotic|271\/331 tox|[from] item: Leftovers
|-heal|p2a: Belladonna|160\/321|[from] item: Black Sludge
|-damage|p1a: Milotic|191\/331 tox|[from] psn
|upkeep
|turn|17
|choice|move icebeam|move synthesis
|
|move|p1a: Milotic|Ice Beam|p2a: Belladonna
|-supereffective|p2a: Belladonna
|-damage|p2a: Belladonna|30\/321
|move|p2a: Belladonna|Synthesis|p2a: Belladonna
|-heal|p2a: Belladonna|190\/321
|
|-heal|p1a: Milotic|211\/331 tox|[from] item: Leftovers
|-heal|p2a: Belladonna|210\/321|[from] item: Black Sludge
|-damage|p1a: Milotic|111\/331 tox|[from] psn
|upkeep
|turn|18
|choice|move icebeam|move gigadrain
|
|move|p1a: Milotic|Ice Beam|p2a: Belladonna
|-supereffective|p2a: Belladonna
|-damage|p2a: Belladonna|78\/321
|move|p2a: Belladonna|Giga Drain|p1a: Milotic
|-supereffective|p1a: Milotic
|-damage|p1a: Milotic|0 fnt
|-heal|p2a: Belladonna|134\/321|[from] drain|[of] p1a: Milotic
|faint|p1a: Milotic
|
|-heal|p2a: Belladonna|154\/321|[from] item: Black Sludge
|upkeep
|choice|switch 5|
|
|switch|p1a: Lucario|Lucario, M|225\/281
|-damage|p1a: Lucario|217\/281|[from] Stealth Rock
|turn|19
|choice|move irontail|switch 2
|
|switch|p2a: Donphan|Donphan, M|384\/384
|-activate|p2a: Donphan|move: Sticky Web
|-unboost|p2a: Donphan|spe|1
|move|p1a: Lucario|Iron Tail|p2a: Donphan
|-damage|p2a: Donphan|250\/384
|-damage|p1a: Lucario|189\/281|[from] item: Life Orb
|
|-heal|p2a: Donphan|274\/384|[from] item: Leftovers
|upkeep
|turn|20
|choice|switch 3|move knockoff
|
|switch|p1a: Yanmega|Yanmega, F|313\/313
|-damage|p1a: Yanmega|157\/313|[from] Stealth Rock
|move|p2a: Donphan|Knock Off|p1a: Yanmega
|-crit|p1a: Yanmega
|-damage|p1a: Yanmega|0 fnt
|-enditem|p1a: Yanmega|Expert Belt|[from] move: Knock Off|[of] p2a: Donphan
|faint|p1a: Yanmega
|
|-heal|p2a: Donphan|298\/384|[from] item: Leftovers
|upkeep
|choice|switch 4|
|
|switch|p1a: Darmanitan|Darmanitan, M|351\/351
|-damage|p1a: Darmanitan|264\/351|[from] Stealth Rock
|turn|21
|choice|move flareblitz|switch 4
|
|switch|p2a: Reviatan|Milotic, F|394\/394
|-activate|p2a: Reviatan|move: Sticky Web
|-unboost|p2a: Reviatan|spe|1
|move|p1a: Darmanitan|Flare Blitz|p2a: Reviatan
|-resisted|p2a: Reviatan
|-damage|p2a: Reviatan|202\/394
|-damage|p1a: Darmanitan|201\/351|[from] recoil|[of] p2a: Reviatan
|
|-heal|p2a: Reviatan|226\/394|[from] item: Leftovers
|upkeep
|turn|22
|choice|move flareblitz|move recover
|
|move|p1a: Darmanitan|Flare Blitz|p2a: Reviatan
|-resisted|p2a: Reviatan
|-damage|p2a: Reviatan|54\/394
|-damage|p1a: Darmanitan|144\/351|[from] recoil|[of] p2a: Reviatan
|move|p2a: Reviatan|Recover|p2a: Reviatan
|-heal|p2a: Reviatan|251\/394
|
|-heal|p2a: Reviatan|275\/394|[from] item: Leftovers
|upkeep
|turn|23
|choice|move flareblitz|move recover
|
|move|p1a: Darmanitan|Flare Blitz|p2a: Reviatan
|-resisted|p2a: Reviatan
|-damage|p2a: Reviatan|99\/394
|-damage|p1a: Darmanitan|86\/351|[from] recoil|[of] p2a: Reviatan
|move|p2a: Reviatan|Recover|p2a: Reviatan
|-heal|p2a: Reviatan|296\/394
|
|-heal|p2a: Reviatan|320\/394|[from] item: Leftovers
|upkeep
|turn|24
|choice|move flareblitz|move recover
|
|move|p1a: Darmanitan|Flare Blitz|p2a: Reviatan
|-resisted|p2a: Reviatan
|-damage|p2a: Reviatan|126\/394
|-damage|p1a: Darmanitan|22\/351|[from] recoil|[of] p2a: Reviatan
|move|p2a: Reviatan|Recover|p2a: Reviatan
|-heal|p2a: Reviatan|323\/394
|
|-heal|p2a: Reviatan|347\/394|[from] item: Leftovers
|upkeep
|turn|25
|choice|move flareblitz|move recover
|
|move|p1a: Darmanitan|Flare Blitz|p2a: Reviatan
|-resisted|p2a: Reviatan
|-damage|p2a: Reviatan|167\/394
|-damage|p1a: Darmanitan|0 fnt|[from] recoil|[of] p2a: Reviatan
|faint|p1a: Darmanitan
|move|p2a: Reviatan|Recover|p2a: Reviatan
|-heal|p2a: Reviatan|364\/394
|
|-heal|p2a: Reviatan|388\/394|[from] item: Leftovers
|upkeep
|choice|switch 3|
|
|switch|p1a: Lucario|Lucario, M|189\/281
|-damage|p1a: Lucario|181\/281|[from] Stealth Rock
|turn|26
|choice|move closecombat|move scald
|
|move|p1a: Lucario|Close Combat|p2a: Reviatan
|-damage|p2a: Reviatan|180\/394
|-unboost|p1a: Lucario|def|1
|-unboost|p1a: Lucario|spd|1
|-damage|p1a: Lucario|153\/281|[from] item: Life Orb
|move|p2a: Reviatan|Scald|p1a: Lucario
|-damage|p1a: Lucario|0 fnt
|faint|p1a: Lucario
|
|-heal|p2a: Reviatan|204\/394|[from] item: Leftovers
|upkeep
|-message|DarkSoul0975605507 forfeited.
|
|win|Storm Prower
|player|p1
|player|p2
|l|DarkSoul0975605507</script>
</div>
<div class="battle-log battle-log-inline"><div class="inner"><div class="battle-options"></div><div class="inner"><div class="chat"><small>DarkSoul0975605507 joined.</small></div><div class="chat"><small>Storm Prower joined.</small></div><div class=""><small>Format:</small> <br><strong>UU</strong></div><div class="rated"><strong>Rated battle</strong></div><div class=""><small><em>Sleep Clause Mod:</em> Limit one foe put to sleep</small></div><div class=""><small><em>Species Clause:</em> Limit one of each Pokémon</small></div><div class=""><small><em>OHKO Clause:</em> OHKO moves are banned</small></div><div class=""><small><em>Moody Clause:</em> Moody is banned</small></div><div class=""><small><em>Evasion Moves Clause:</em> Evasion moves are banned</small></div><div class=""><small><em>Endless Battle Clause:</em> Forcing endless battles is banned</small></div><div class=""><small><em>HP Percentage Mod:</em> HP is shown in percentages</small></div><div class=""><small><em>Swagger Clause:</em> Swagger is banned</small></div><div class=""><small><em>Baton Pass Clause:</em> Limit one Baton Passer, can't pass Spe and other stats simultaneously</small></div><div class="chat battle-history"><strong>DarkSoul0975605507's team:</strong> <em style="color:#445566;display:block;">Lucario / Galvantula / Yanmega / Darmanitan / Milotic / Krookodile</em></div><div class="chat battle-history"><strong>Storm Prower's team:</strong> <em style="color:#445566;display:block;">Klefki / Roserade / Conkeldurr / Milotic / Porygon2 / Donphan</em></div><div class="spacer battle-history"><br></div><div class="battle-history">Battle started between DarkSoul0975605507 and Storm Prower!<br></div><div class="spacer battle-history"><br></div><div class="battle-history">Go! <strong>Galvantula</strong>!<br></div><div class="spacer battle-history"><br></div><div class="battle-history">Storm Prower sent out <strong>Porygon2</strong>!<br></div><div class="battle-history"><small>[The opposing Porygon2's Download]</small><br></div><div class="battle-history"><small>The opposing Porygon2's Special Attack rose!</small><br></div><div class="spacer battle-history"><br></div><h2 class="battle-history">Turn 1</h2><div class="spacer battle-history"><br></div><div class="battle-history">Galvantula used <strong>Sticky Web</strong>!<br></div><div class="battle-history"><small>A sticky web spreads out on the ground around the opposing team!</small><br></div><div class="spacer battle-history"><br></div><div class="battle-history">The opposing Porygon2 used <strong>Trick Room</strong>!<br></div><div class="battle-history"><small>The opposing Porygon2 twisted the dimensions!</small><br></div><div class="spacer battle-history"><br></div><h2 class="battle-history">Turn 2</h2><div class="spacer battle-history"><br></div><div class="battle-history">The opposing Porygon2 used <strong>Tri Attack</strong>!<br></div><div class="battle-history"><small>(Galvantula lost <abbr title="−241/281">85.8%</abbr> of its health!)</small><br></div><div class="spacer battle-history"><br></div><div class="battle-history">Galvantula used <strong>Thunder</strong>!<br></div><div class="battle-history"><small>(The opposing Porygon2 lost <abbr title="−85/372">22.8%</abbr> of its health!)</small><br></div><div class="battle-history"><small>The opposing Porygon2 is paralyzed! It may be unable to move!</small><br></div><div class="spacer battle-history"><br></div><h2 class="battle-history">Turn 3</h2><div class="spacer battle-history"><br></div><div class="battle-history">Storm Prower withdrew Porygon2!<br></div><div class="battle-history">Storm Prower sent out Belladonna (<strong>Roserade</strong>)!<br></div><div class="battle-history"><small>The opposing Belladonna was caught in a sticky web!</small><br></div><div class="battle-history"><small>The opposing Belladonna's Speed fell!</small><br></div><div class="spacer battle-history"><br></div><div class="battle-history">Galvantula used <strong>Thunder</strong>!<br></div><div class="battle-history"><small>It's not very effective...</small><br></div><div class="battle-history"><small>(The opposing Belladonna lost <abbr title="−57/321">17.8%</abbr> of its health!)</small><br></div><div class="spacer battle-history"><br></div><div class="battle-history"><small>The opposing Belladonna restored a little HP using its Black Sludge!</small><br></div><div class="spacer battle-history"><br></div><h2 class="battle-history">Turn 4</h2><div class="spacer battle-history"><br></div><div class="battle-history">The opposing Belladonna used <strong>Aromatherapy</strong>!<br></div><div class="battle-history"><small>A soothing aroma wafted through the area!</small><br></div><div class="battle-history"><small>The opposing Porygon2 was cured of paralysis.</small><br></div><div class="spacer battle-history"><br></div><div class="battle-history">Galvantula used <strong>Bug Buzz</strong>!<br></div><div class="battle-history"><small>(The opposing Belladonna lost <abbr title="−96/321">29.9%</abbr> of its health!)</small><br></div><div class="spacer battle-history"><br></div><div class="battle-history"><small>The opposing Belladonna restored a little HP using its Black Sludge!</small><br></div><div class="spacer battle-history"><br></div><h2 class="battle-history">Turn 5</h2><div class="spacer battle-history"><br></div><div class="battle-history">The opposing Belladonna used <strong>Sludge Bomb</strong>!<br></div><div class="battle-history"><small>(Galvantula lost <abbr title="−40/281">14.2%</abbr> of its health!)</small><br></div><div class="spacer battle-history"><br></div><div class="battle-history">Galvantula fainted!<br></div><div class="spacer battle-history"><br></div><div class="battle-history"><small>The opposing Belladonna restored a little HP using its Black Sludge!</small><br></div><div class="battle-history"><small>The twisted dimensions returned to normal!</small><br></div><div class="spacer battle-history"><br></div><div class="battle-history">Go! <strong>Lucario</strong>!<br></div><div class="spacer battle-history"><br></div><h2 class="battle-history">Turn 6</h2><div class="chat chatmessage-darksoul0975605507"><strong style="color:hsl(21,61%,48%)"><small>☆</small><span class="username" data-name="DarkSoul0975605507">DarkSoul0975605507</span>:</strong> <em>do it fast</em></div><div class="spacer battle-history"><br></div><div class="battle-history">Storm Prower withdrew Belladonna!<br></div><div class="battle-history">Storm Prower sent out Gattsuman (<strong>Conkeldurr</strong>)!<br></div><div class="battle-history"><small>The opposing Gattsuman was caught in a sticky web!</small><br></div><div class="battle-history"><small>The opposing Gattsuman's Speed fell!</small><br></div><div class="spacer battle-history"><br></div><div class="battle-history">Lucario used <strong>Iron Tail</strong>!<br></div><div class="battle-history"><small>(The opposing Gattsuman lost <abbr title="−227/351">64.7%</abbr> of its health!)</small><br></div><div class="battle-history"><small>The opposing Gattsuman's Defense fell!</small><br></div><div class="battle-history"><small>Lucario lost some of its HP!</small><br></div><div class="spacer battle-history"><br></div><h2 class="battle-history">Turn 7</h2><div class="spacer battle-history"><br></div><div class="battle-history">Lucario used <strong>Extreme Speed</strong>!<br></div><div class="battle-history"><small>(The opposing Gattsuman lost <abbr title="−124/351">35.3%</abbr> of its health!)</small><br></div><div class="battle-history"><small>Lucario lost some of its HP!</small><br></div><div class="spacer battle-history"><br></div><div class="battle-history">The opposing Gattsuman fainted!<br></div><div class="spacer battle-history"><br></div><div class="battle-history">Storm Prower sent out <strong>Donphan</strong>!<br></div><div class="battle-history"><small>The opposing Donphan was caught in a sticky web!</small><br></div><div class="battle-history"><small>The opposing Donphan's Speed fell!</small><br></div><div class="spacer battle-history"><br></div><h2 class="battle-history">Turn 8</h2><div class="spacer battle-history"><br></div><div class="battle-history">Lucario, come back!<br></div><div class="battle-history">Go! <strong>Milotic</strong>!<br></div><div class="spacer battle-history"><br></div><div class="battle-history">The opposing Donphan used <strong>Stealth Rock</strong>!<br></div><div class="battle-history"><small>Pointed stones float in the air around your team!</small><br></div><div class="spacer battle-history"><br></div><h2 class="battle-history">Turn 9</h2><div class="spacer battle-history"><br></div><div class="battle-history">Storm Prower withdrew Donphan!<br></div><div class="battle-history">Storm Prower sent out <strong>Porygon2</strong>!<br></div><div class="battle-history"><small>The opposing Porygon2 was caught in a sticky web!</small><br></div><div class="battle-history"><small>The opposing Porygon2's Speed fell!</small><br></div><div class="battle-history"><small>[The opposing Porygon2's Download]</small><br></div><div class="battle-history"><small>The opposing Porygon2's Attack rose!</small><br></div><div class="spacer battle-history"><br></div><div class="battle-history">Milotic used <strong>Scald</strong>!<br></div><div class="battle-history"><small>(The opposing Porygon2 lost <abbr title="−60/372">16.1%</abbr> of its health!)</small><br></div><div class="spacer battle-history"><br></div><h2 class="battle-history">Turn 10</h2><div class="spacer battle-history"><br></div><div class="battle-history">Milotic used <strong>Toxic</strong>!<br></div><div class="battle-history"><small>The opposing Porygon2 was badly poisoned!</small><br></div><div class="spacer battle-history"><br></div><div class="battle-history">The opposing Porygon2 used <strong>Trick Room</strong>!<br></div><div class="battle-history"><small>The opposing Porygon2 twisted the dimensions!</small><br></div><div class="spacer battle-history"><br></div><div class="battle-history"><small>The opposing Porygon2 was hurt by poison!</small><br></div><div class="spacer battle-history"><br></div><h2 class="battle-history">Turn 11</h2><div class="spacer battle-history"><br></div><div class="battle-history">The opposing Porygon2 used <strong>Recover</strong>!<br></div><div class="battle-history"><small>The opposing Porygon2 restored its HP.</small><br></div><div class="spacer battle-history"><br></div><div class="battle-history">Milotic used <strong>Scald</strong>!<br></div><div class="battle-history"><small>(The opposing Porygon2 lost <abbr title="−58/372">15.6%</abbr> of its health!)</small><br></div><div class="spacer battle-history"><br></div><div class="battle-history"><small>The opposing Porygon2 was hurt by poison!</small><br></div><div class="spacer battle-history"><br></div><h2 class="battle-history">Turn 12</h2><div class="spacer battle-history"><br></div><div class="battle-history">Storm Prower withdrew Porygon2!<br></div><div class="battle-history">Storm Prower sent out <strong>Klefki</strong>!<br></div><div class="battle-history"><small>The opposing Klefki was caught in a sticky web!</small><br></div><div class="battle-history"><small>The opposing Klefki's Speed fell!</small><br></div><div class="spacer battle-history"><br></div><div class="battle-history">Milotic used <strong>Scald</strong>!<br></div><div class="battle-history"><small>(The opposing Klefki lost <abbr title="−90/318">28.3%</abbr> of its health!)</small><br></div><div class="battle-history"><small>The opposing Klefki was burned!</small><br></div><div class="spacer battle-history"><br></div><div class="battle-history"><small>The opposing Klefki restored a little HP using its Leftovers!</small><br></div><div class="battle-history"><small>The opposing Klefki was hurt by its burn!</small><br></div><div class="spacer battle-history"><br></div><h2 class="battle-history">Turn 13</h2><div class="spacer battle-history"><br></div><div class="battle-history">The opposing Klefki used <strong>Toxic</strong>!<br></div><div class="battle-history"><small>Milotic was badly poisoned!</small><br></div><div class="spacer battle-history"><br></div><div class="battle-history">Milotic used <strong>Scald</strong>!<br></div><div class="battle-history"><small>(The opposing Klefki lost <abbr title="−97/318">30.5%</abbr> of its health!)</small><br></div><div class="spacer battle-history"><br></div><div class="battle-history"><small>The opposing Klefki restored a little HP using its Leftovers!</small><br></div><div class="battle-history"><small>The opposing Klefki was hurt by its burn!</small><br></div><div class="battle-history"><small>Milotic was hurt by poison!</small><br></div><div class="spacer battle-history"><br></div><h2 class="battle-history">Turn 14</h2><div class="spacer battle-history"><br></div><div class="battle-history">Storm Prower withdrew Klefki!<br></div><div class="battle-history">Storm Prower sent out Belladonna (<strong>Roserade</strong>)!<br></div><div class="battle-history"><small>The opposing Belladonna was caught in a sticky web!</small><br></div><div class="battle-history"><small>The opposing Belladonna's Speed fell!</small><br></div><div class="spacer battle-history"><br></div><div class="battle-history">Milotic used <strong>Scald</strong>!<br></div><div class="battle-history"><small>It's not very effective...</small><br></div><div class="battle-history"><small>(The opposing Belladonna lost <abbr title="−44/321">13.7%</abbr> of its health!)</small><br></div><div class="spacer battle-history"><br></div><div class="battle-history"><small>The opposing Belladonna restored a little HP using its Black Sludge!</small><br></div><div class="battle-history"><small>Milotic restored a little HP using its Leftovers!</small><br></div><div class="battle-history"><small>Milotic was hurt by poison!</small><br></div><div class="battle-history"><small>The twisted dimensions returned to normal!</small><br></div><div class="spacer battle-history"><br></div><h2 class="battle-history">Turn 15</h2><div class="spacer battle-history"><br></div><div class="battle-history">Milotic used <strong>Ice Beam</strong>!<br></div><div class="battle-history"><small>It's super effective!</small><br></div><div class="battle-history"><small>(The opposing Belladonna lost <abbr title="−126/321">39.3%</abbr> of its health!)</small><br></div><div class="spacer battle-history"><br></div><div class="battle-history">The opposing Belladonna used <strong>Synthesis</strong>!<br></div><div class="battle-history"><small>The opposing Belladonna restored its HP.</small><br></div><div class="spacer battle-history"><br></div><div class="battle-history"><small>Milotic restored a little HP using its Leftovers!</small><br></div><div class="battle-history"><small>The opposing Belladonna restored a little HP using its Black Sludge!</small><br></div><div class="battle-history"><small>Milotic was hurt by poison!</small><br></div><div class="spacer battle-history"><br></div><h2 class="battle-history">Turn 16</h2><div class="spacer battle-history"><br></div><div class="battle-history">Milotic used <strong>Ice Beam</strong>!<br></div><div class="battle-history"><small>It's super effective!</small><br></div><div class="battle-history"><small>(The opposing Belladonna lost <abbr title="−118/321">36.8%</abbr> of its health!)</small><br></div><div class="spacer battle-history"><br></div><div class="battle-history">The opposing Belladonna used <strong>Aromatherapy</strong>!<br></div><div class="battle-history"><small>A soothing aroma wafted through the area!</small><br></div><div class="battle-history"><small>The opposing Klefki's burn was healed.</small><br></div><div class="battle-history"><small>The opposing Porygon2 was cured of its poisoning.</small><br></div><div class="spacer battle-history"><br></div><div class="battle-history"><small>Milotic restored a little HP using its Leftovers!</small><br></div><div class="battle-history"><small>The opposing Belladonna restored a little HP using its Black Sludge!</small><br></div><div class="battle-history"><small>Milotic was hurt by poison!</small><br></div><div class="spacer battle-history"><br></div><h2 class="battle-history">Turn 17</h2><div class="spacer battle-history"><br></div><div class="battle-history">Milotic used <strong>Ice Beam</strong>!<br></div><div class="battle-history"><small>It's super effective!</small><br></div><div class="battle-history"><small>(The opposing Belladonna lost <abbr title="−130/321">40.5%</abbr> of its health!)</small><br></div><div class="spacer battle-history"><br></div><div class="battle-history">The opposing Belladonna used <strong>Synthesis</strong>!<br></div><div class="battle-history"><small>The opposing Belladonna restored its HP.</small><br></div><div class="spacer battle-history"><br></div><div class="battle-history"><small>Milotic restored a little HP using its Leftovers!</small><br></div><div class="battle-history"><small>The opposing Belladonna restored a little HP using its Black Sludge!</small><br></div><div class="battle-history"><small>Milotic was hurt by poison!</small><br></div><div class="spacer battle-history"><br></div><h2 class="battle-history">Turn 18</h2><div class="spacer battle-history"><br></div><div class="battle-history">Milotic used <strong>Ice Beam</strong>!<br></div><div class="battle-history"><small>It's super effective!</small><br></div><div class="battle-history"><small>(The opposing Belladonna lost <abbr title="−132/321">41.1%</abbr> of its health!)</small><br></div><div class="spacer battle-history"><br></div><div class="battle-history">The opposing Belladonna used <strong>Giga Drain</strong>!<br></div><div class="battle-history"><small>It's super effective!</small><br></div><div class="battle-history"><small>(Milotic lost <abbr title="−111/331">33.5%</abbr> of its health!)</small><br></div><div class="battle-history"><small>Milotic had its energy drained!</small><br></div><div class="spacer battle-history"><br></div><div class="battle-history">Milotic fainted!<br></div><div class="spacer battle-history"><br></div><div class="battle-history"><small>The opposing Belladonna restored a little HP using its Black Sludge!</small><br></div><div class="spacer battle-history"><br></div><div class="battle-history">Go! <strong>Lucario</strong>!<br></div><div class="battle-history"><small>Pointed stones dug into Lucario!</small><br></div><div class="spacer battle-history"><br></div><h2 class="battle-history">Turn 19</h2><div class="spacer battle-history"><br></div><div class="battle-history">Storm Prower withdrew Belladonna!<br></div><div class="battle-history">Storm Prower sent out <strong>Donphan</strong>!<br></div><div class="battle-history"><small>The opposing Donphan was caught in a sticky web!</small><br></div><div class="battle-history"><small>The opposing Donphan's Speed fell!</small><br></div><div class="spacer battle-history"><br></div><div class="battle-history">Lucario used <strong>Iron Tail</strong>!<br></div><div class="battle-history"><small>(The opposing Donphan lost <abbr title="−134/384">34.9%</abbr> of its health!)</small><br></div><div class="battle-history"><small>Lucario lost some of its HP!</small><br></div><div class="spacer battle-history"><br></div><div class="battle-history"><small>The opposing Donphan restored a little HP using its Leftovers!</small><br></div><div class="spacer battle-history"><br></div><h2 class="battle-history">Turn 20</h2><div class="spacer battle-history"><br></div><div class="battle-history">Lucario, come back!<br></div><div class="battle-history">Go! <strong>Yanmega</strong>!<br></div><div class="battle-history"><small>Pointed stones dug into Yanmega!</small><br></div><div class="spacer battle-history"><br></div><div class="battle-history">The opposing Donphan used <strong>Knock Off</strong>!<br></div><div class="battle-history"><small>A critical hit!</small><br></div><div class="battle-history"><small>(Yanmega lost <abbr title="−157/313">50.2%</abbr> of its health!)</small><br></div><div class="battle-history"><small>The opposing Donphan knocked off Yanmega's Expert Belt!</small><br></div><div class="spacer battle-history"><br></div><div class="battle-history">Yanmega fainted!<br></div><div class="spacer battle-history"><br></div><div class="battle-history"><small>The opposing Donphan restored a little HP using its Leftovers!</small><br></div><div class="spacer battle-history"><br></div><div class="battle-history">Go! <strong>Darmanitan</strong>!<br></div><div class="battle-history"><small>Pointed stones dug into Darmanitan!</small><br></div><div class="spacer battle-history"><br></div><h2 class="battle-history">Turn 21</h2><div class="spacer battle-history"><br></div><div class="battle-history">Storm Prower withdrew Donphan!<br></div><div class="battle-history">Storm Prower sent out Reviatan (<strong>Milotic</strong>)!<br></div><div class="battle-history"><small>The opposing Reviatan was caught in a sticky web!</small><br></div><div class="battle-history"><small>The opposing Reviatan's Speed fell!</small><br></div><div class="spacer battle-history"><br></div><div class="battle-history">Darmanitan used <strong>Flare Blitz</strong>!<br></div><div class="battle-history"><small>It's not very effective...</small><br></div><div class="battle-history"><small>(The opposing Reviatan lost <abbr title="−192/394">48.7%</abbr> of its health!)</small><br></div><div class="battle-history"><small>Darmanitan is damaged by the recoil!</small><br></div><div class="spacer battle-history"><br></div><div class="battle-history"><small>The opposing Reviatan restored a little HP using its Leftovers!</small><br></div><div class="spacer battle-history"><br></div><h2 class="battle-history">Turn 22</h2><div class="spacer battle-history"><br></div><div class="battle-history">Darmanitan used <strong>Flare Blitz</strong>!<br></div><div class="battle-history"><small>It's not very effective...</small><br></div><div class="battle-history"><small>(The opposing Reviatan lost <abbr title="−172/394">43.7%</abbr> of its health!)</small><br></div><div class="battle-history"><small>Darmanitan is damaged by the recoil!</small><br></div><div class="spacer battle-history"><br></div><div class="battle-history">The opposing Reviatan used <strong>Recover</strong>!<br></div><div class="battle-history"><small>The opposing Reviatan restored its HP.</small><br></div><div class="spacer battle-history"><br></div><div class="battle-history"><small>The opposing Reviatan restored a little HP using its Leftovers!</small><br></div><div class="spacer battle-history"><br></div><h2 class="battle-history">Turn 23</h2><div class="spacer battle-history"><br></div><div class="battle-history">Darmanitan used <strong>Flare Blitz</strong>!<br></div><div class="battle-history"><small>It's not very effective...</small><br></div><div class="battle-history"><small>(The opposing Reviatan lost <abbr title="−176/394">44.7%</abbr> of its health!)</small><br></div><div class="battle-history"><small>Darmanitan is damaged by the recoil!</small><br></div><div class="spacer battle-history"><br></div><div class="battle-history">The opposing Reviatan used <strong>Recover</strong>!<br></div><div class="battle-history"><small>The opposing Reviatan restored its HP.</small><br></div><div class="spacer battle-history"><br></div><div class="battle-history"><small>The opposing Reviatan restored a little HP using its Leftovers!</small><br></div><div class="spacer battle-history"><br></div><h2 class="battle-history">Turn 24</h2><div class="spacer battle-history"><br></div><div class="battle-history">Darmanitan used <strong>Flare Blitz</strong>!<br></div><div class="battle-history"><small>It's not very effective...</small><br></div><div class="battle-history"><small>(The opposing Reviatan lost <abbr title="−194/394">49.2%</abbr> of its health!)</small><br></div><div class="battle-history"><small>Darmanitan is damaged by the recoil!</small><br></div><div class="spacer battle-history"><br></div><div class="battle-history">The opposing Reviatan used <strong>Recover</strong>!<br></div><div class="battle-history"><small>The opposing Reviatan restored its HP.</small><br></div><div class="spacer battle-history"><br></div><div class="battle-history"><small>The opposing Reviatan restored a little HP using its Leftovers!</small><br></div><div class="spacer battle-history"><br></div><h2 class="battle-history">Turn 25</h2><div class="spacer battle-history"><br></div><div class="battle-history">Darmanitan used <strong>Flare Blitz</strong>!<br></div><div class="battle-history"><small>It's not very effective...</small><br></div><div class="battle-history"><small>(The opposing Reviatan lost <abbr title="−180/394">45.7%</abbr> of its health!)</small><br></div><div class="battle-history"><small>Darmanitan is damaged by the recoil!</small><br></div><div class="spacer battle-history"><br></div><div class="battle-history">Darmanitan fainted!<br></div><div class="battle-history">The opposing Reviatan used <strong>Recover</strong>!<br></div><div class="battle-history"><small>The opposing Reviatan restored its HP.</small><br></div><div class="spacer battle-history"><br></div><div class="battle-history"><small>The opposing Reviatan restored a little HP using its Leftovers!</small><br></div><div class="spacer battle-history"><br></div><div class="battle-history">Go! <strong>Lucario</strong>!<br></div><div class="battle-history"><small>Pointed stones dug into Lucario!</small><br></div><div class="spacer battle-history"><br></div><h2 class="battle-history">Turn 26</h2><div class="spacer battle-history"><br></div><div class="battle-history">Lucario used <strong>Close Combat</strong>!<br></div><div class="battle-history"><small>(The opposing Reviatan lost <abbr title="−208/394">52.8%</abbr> of its health!)</small><br></div><div class="battle-history"><small>Lucario's Defense fell!</small><br></div><div class="battle-history"><small>Lucario's Special Defense fell!</small><br></div><div class="battle-history"><small>Lucario lost some of its HP!</small><br></div><div class="spacer battle-history"><br></div><div class="battle-history">The opposing Reviatan used <strong>Scald</strong>!<br></div><div class="battle-history"><small>(Lucario lost <abbr title="−153/281">54.4%</abbr> of its health!)</small><br></div><div class="spacer battle-history"><br></div><div class="battle-history">Lucario fainted!<br></div><div class="spacer battle-history"><br></div><div class="battle-history"><small>The opposing Reviatan restored a little HP using its Leftovers!</small><br></div><div class="spacer battle-history"><br></div><div class="battle-history"><small>DarkSoul0975605507 forfeited.</small><br></div><div class="spacer battle-history"><br></div><div class="battle-history"><strong>Storm Prower</strong> won the battle!<br></div><div class="chat"><small>DarkSoul0975605507 left.</small></div></div><div class="inner-preempt"></div></div></div>
</div>
<script>
let daily = Math.floor(Date.now()/1000/60/60/24);document.write('<script src="https://play.pokemonshowdown.com/js/replay-embed.js?version'+daily+'"></'+'script>');
</script>
