<!DOCTYPE html>
<meta charset="utf-8" />
<!-- version 1 -->
<title>UU replay: Path of Sorrow vs. tfw bleve</title>
<style>
html,body {font-family:Verdana, sans-serif;font-size:10pt;margin:0;padding:0;}body{padding:12px 0;} .battle-log {font-family:Verdana, sans-serif;font-size:10pt;} .battle-log-inline {border:1px solid #AAAAAA;background:#EEF2F5;color:black;max-width:640px;margin:0 auto 80px;padding-bottom:5px;} .battle-log .inner {padding:4px 8px 0px 8px;} .battle-log .inner-preempt {padding:0 8px 4px 8px;} .battle-log .inner-after {margin-top:0.5em;} .battle-log h2 {margin:0.5em -8px;padding:4px 8px;border:1px solid #AAAAAA;background:#E0E7EA;border-left:0;border-right:0;font-family:Verdana, sans-serif;font-size:13pt;} .battle-log .chat {vertical-align:middle;padding:3px 0 3px 0;font-size:8pt;} .battle-log .chat strong {color:#40576A;} .battle-log .chat em {padding:1px 4px 1px 3px;color:#000000;font-style:normal;} .chat.mine {background:rgba(0,0,0,0.05);margin-left:-8px;margin-right:-8px;padding-left:8px;padding-right:8px;} .spoiler {color:#BBBBBB;background:#BBBBBB;padding:0px 3px;} .spoiler:hover, .spoiler:active, .spoiler-shown {color:#000000;background:#E2E2E2;padding:0px 3px;} .spoiler a {color:#BBBBBB;} .spoiler:hover a, .spoiler:active a, .spoiler-shown a {color:#2288CC;} .chat code, .chat .spoiler:hover code, .chat .spoiler:active code, .chat .spoiler-shown code {border:1px solid #C0C0C0;background:#EEEEEE;color:black;padding:0 2px;} .chat .spoiler code {border:1px solid #CCCCCC;background:#CCCCCC;color:#CCCCCC;} .battle-log .rated {padding:3px 4px;} .battle-log .rated strong {color:white;background:#89A;padding:1px 4px;border-radius:4px;} .spacer {margin-top:0.5em;} .message-announce {background:#6688AA;color:white;padding:1px 4px 2px;} .message-announce a, .broadcast-green a, .broadcast-blue a, .broadcast-red a {color:#DDEEFF;} .broadcast-green {background-color:#559955;color:white;padding:2px 4px;} .broadcast-blue {background-color:#6688AA;color:white;padding:2px 4px;} .infobox {border:1px solid #6688AA;padding:2px 4px;} .infobox-limited {max-height:200px;overflow:auto;overflow-x:hidden;} .broadcast-red {background-color:#AA5544;color:white;padding:2px 4px;} .message-learn-canlearn {font-weight:bold;color:#228822;text-decoration:underline;} .message-learn-cannotlearn {font-weight:bold;color:#CC2222;text-decoration:underline;} .message-effect-weak {font-weight:bold;color:#CC2222;} .message-effect-resist {font-weight:bold;color:#6688AA;} .message-effect-immune {font-weight:bold;color:#666666;} .message-learn-list {margin-top:0;margin-bottom:0;} .message-throttle-notice, .message-error {color:#992222;} .message-overflow, .chat small.message-overflow {font-size:0pt;} .message-overflow::before {font-size:9pt;content:'...';} .subtle {color:#3A4A66;}
</style>
<div class="wrapper replay-wrapper" style="max-width:1180px;margin:0 auto">
<input type="hidden" name="replayid" value="uu-562614390" />
<div class="battle"></div><div class="battle-log"></div><div class="replay-controls"></div><div class="replay-controls-2"></div>
<h1 style="font-weight:normal;text-align:center"><strong>UU</strong><br /><a href="http://pokemonshowdown.com/users/pathofsorrow" class="subtle" target="_blank">Path of Sorrow</a> vs. <a href="http://pokemonshowdown.com/users/tfwbleve" class="subtle" target="_blank">tfw bleve</a></h1>
<script type="text/plain" class="battle-log-data">|j|Path of Sorrow
|j|tfw bleve
|player|p1|Path of Sorrow|99
|player|p2|tfw bleve|184
|gametype|singles
|gen|6
|tier|UU
|seed|21455,54125,11812,26511
|rule|Sleep Clause Mod: Limit one foe put to sleep
|rule|Species Clause: Limit one of each Pokémon
|rule|OHKO Clause: OHKO moves are banned
|rule|Moody Clause: Moody is banned
|rule|Evasion Moves Clause: Evasion moves are banned
|rule|Endless Battle Clause: Forcing endless battles is banned
|rule|HP Percentage Mod: HP is shown in percentages
|clearpoke
|poke|p1|Hydreigon, F|item
|poke|p1|Celebi|item
|poke|p1|Arcanine, F|item
|poke|p1|Blastoise, F|item
|poke|p1|Mienshao, F|item
|poke|p1|Nidoking, M|item
|poke|p2|Empoleon, M|item
|poke|p2|Crobat, F|item
|poke|p2|Ampharos, M|item
|poke|p2|Heracross, M|item
|poke|p2|Vaporeon, F|item
|poke|p2|Krookodile, M|item
|rule|Swagger Clause: Swagger is banned
|rule|Baton Pass Clause: Limit one Baton Passer, can't pass Spe and other stats simultaneously
|teampreview
|j|dedic
|j|Dessiner
|choice|team 2, team 1, team 3, team 4, team 5, team 6|team 2, team 1, team 3, team 4, team 5, team 6
|
|start
|switch|p1a: Celebi|Celebi|404\/404
|switch|p2a: Crobat|Crobat, F|329\/329
|turn|1
|c| dedic|beraa
|c|☆tfw bleve|sup cuh
|choice|switch 6|move uturn
|
|switch|p1a: Nidoking|Nidoking, M|303\/303
|move|p2a: Crobat|U-turn|p1a: Nidoking
|-resisted|p1a: Nidoking
|-damage|p1a: Nidoking|262\/303
|j|Pawslut
|choice||switch 6
|
|switch|p2a: Krookodile|Krookodile, M|331\/331
|-ability|p2a: Krookodile|Intimidate|boost
|-unboost|p1a: Nidoking|atk|1
|
|upkeep
|turn|2
|choice|switch 6|move stealthrock
|
|switch|p1a: Celebi|Celebi|404\/404
|move|p2a: Krookodile|Stealth Rock|p1a: Celebi
|-sidestart|p1: Path of Sorrow|move: Stealth Rock
|
|upkeep
|turn|3
|j|Nucleoplasm
|j|RareKyle
|c| Pawslut|path of sorrow is your path yours and yours alone
|choice|move uturn|move pursuit
|
|move|p2a: Krookodile|Pursuit|p1a: Celebi
|-supereffective|p1a: Celebi
|-crit|p1a: Celebi
|-damage|p1a: Celebi|144\/404
|move|p1a: Celebi|U-turn|p2a: Krookodile
|-supereffective|p2a: Krookodile
|-damage|p2a: Krookodile|207\/331
|c|☆Path of Sorrow|You know it
|choice|switch 4|
|
|switch|p1a: Blastoise|Blastoise, F|345\/345
|-damage|p1a: Blastoise|302\/345|[from] Stealth Rock
|
|upkeep
|turn|4
|j|Soft♡Neechan
|j|Ark
|choice|move waterpulse mega|switch 5
|
|switch|p2a: Vaporeon|Vaporeon, F|452\/452
|detailschange|p1a: Blastoise|Blastoise-Mega, F
|-mega|p1a: Blastoise|Blastoise|Blastoisinite
|move|p1a: Blastoise|Water Pulse|p2a: Vaporeon
|-immune|p2a: Vaporeon|[msg]|[from] ability: Water Absorb
|
|upkeep
|turn|5
|c| Soft♡Neechan|Path of Sorrow which Pokemon would you marry?
|choice|switch 4|move roar
|
|switch|p1a: Celebi|Celebi|144\/404
|-damage|p1a: Celebi|94\/404|[from] Stealth Rock
|move|p2a: Vaporeon|Roar|p1a: Celebi
|drag|p1a: Mienshao|Mienshao, F|272\/272
|-damage|p1a: Mienshao|255\/272|[from] Stealth Rock
|
|upkeep
|turn|6
|choice|move fakeout|move protect
|
|move|p2a: Vaporeon|Protect|p2a: Vaporeon
|-singleturn|p2a: Vaporeon|Protect
|move|p1a: Mienshao|Fake Out|p2a: Vaporeon
|-activate|p2a: Vaporeon|move: Protect
|
|upkeep
|turn|7
|j|OptimusLame-o
|choice|move highjumpkick|switch 6
|
|switch|p2a: Crobat|Crobat, F|329\/329
|move|p1a: Mienshao|High Jump Kick|p2a: Crobat
|-resisted|p2a: Crobat
|-damage|p2a: Crobat|230\/329
|-damage|p1a: Mienshao|228\/272|[from] item: Life Orb
|
|-heal|p2a: Crobat|250\/329|[from] item: Leftovers
|upkeep
|turn|8
|choice|move stoneedge|move bravebird
|
|move|p2a: Crobat|Brave Bird|p1a: Mienshao
|-supereffective|p1a: Mienshao
|-damage|p1a: Mienshao|0 fnt
|-damage|p2a: Crobat|175\/329|[from] recoil|[of] p1a: Mienshao
|faint|p1a: Mienshao
|
|-heal|p2a: Crobat|195\/329|[from] item: Leftovers
|upkeep
|j|SmashBrosBrawl
|c| Pawslut|brobat
|l|Ark
|j|CursedStar
|choice|switch 6|
|
|switch|p1a: Nidoking|Nidoking, M|262\/303
|-damage|p1a: Nidoking|244\/303|[from] Stealth Rock
|turn|9
|choice|move icebeam|move uturn
|
|move|p2a: Crobat|U-turn|p1a: Nidoking
|-resisted|p1a: Nidoking
|-damage|p1a: Nidoking|204\/303
|choice||switch 6
|
|switch|p2a: Vaporeon|Vaporeon, F|452\/452
|move|p1a: Nidoking|Ice Beam|p2a: Vaporeon
|-resisted|p2a: Vaporeon
|-damage|p2a: Vaporeon|388\/452
|
|-heal|p2a: Vaporeon|416\/452|[from] item: Leftovers
|upkeep
|turn|10
|choice|move sludgewave|move scald
|
|move|p1a: Nidoking|Sludge Wave|p2a: Vaporeon
|-damage|p2a: Vaporeon|186\/452
|move|p2a: Vaporeon|Scald|p1a: Nidoking
|-supereffective|p1a: Nidoking
|-damage|p1a: Nidoking|0 fnt
|faint|p1a: Nidoking
|
|-heal|p2a: Vaporeon|214\/452|[from] item: Leftovers
|upkeep
|choice|switch 5|
|
|switch|p1a: Celebi|Celebi|94\/404
|-damage|p1a: Celebi|44\/404|[from] Stealth Rock
|turn|11
|choice|move recover|switch 6
|
|switch|p2a: Crobat|Crobat, F|195\/329
|move|p1a: Celebi|Recover|p1a: Celebi
|-heal|p1a: Celebi|246\/404
|
|-heal|p2a: Crobat|215\/329|[from] item: Leftovers
|-heal|p1a: Celebi|271\/404|[from] item: Leftovers
|upkeep
|turn|12
|choice|switch 4|move bravebird
|
|switch|p1a: Blastoise|Blastoise-Mega, F|302\/345
|-damage|p1a: Blastoise|259\/345|[from] Stealth Rock
|move|p2a: Crobat|Brave Bird|p1a: Blastoise
|-damage|p1a: Blastoise|121\/345
|-damage|p2a: Crobat|169\/329|[from] recoil|[of] p1a: Blastoise
|
|-heal|p2a: Crobat|189\/329|[from] item: Leftovers
|upkeep
|turn|13
|choice|move darkpulse|move bravebird
|
|move|p2a: Crobat|Brave Bird|p1a: Blastoise
|-damage|p1a: Blastoise|0 fnt
|-damage|p2a: Crobat|149\/329|[from] recoil|[of] p1a: Blastoise
|faint|p1a: Blastoise
|
|-heal|p2a: Crobat|169\/329|[from] item: Leftovers
|upkeep
|j|The Lister Mr.
|c|☆Path of Sorrow|gg i suck at gen 6
|j|Solo Draco
|choice|switch 3|
|
|switch|p1a: Arcanine|Arcanine, F|383\/383
|-damage|p1a: Arcanine|288\/383|[from] Stealth Rock
|-ability|p1a: Arcanine|Intimidate|boost
|-unboost|p2a: Crobat|atk|1
|turn|14
|choice|move extremespeed|move uturn
|
|move|p1a: Arcanine|Extreme Speed|p2a: Crobat
|-damage|p2a: Crobat|85\/329
|move|p2a: Crobat|U-turn|p1a: Arcanine
|-resisted|p1a: Arcanine
|-damage|p1a: Arcanine|268\/383
|c| Dessiner|7
|choice||switch 6
|
|switch|p2a: Vaporeon|Vaporeon, F|214\/452
|
|-heal|p1a: Arcanine|291\/383|[from] item: Leftovers
|-heal|p2a: Vaporeon|242\/452|[from] item: Leftovers
|upkeep
|turn|15
|c| Pawslut|8
|c|☆tfw bleve|9
|c| Solo Draco|scouting bleve for cteam n_n
|c| The Lister Mr.|5
|c|☆tfw bleve|im not bleve though
|l|RareKyle
|choice|switch 2|move wish
|
|switch|p1a: Hydreigon|Hydreigon, F|325\/325
|-damage|p1a: Hydreigon|285\/325|[from] Stealth Rock
|move|p2a: Vaporeon|Wish|p2a: Vaporeon
|
|-heal|p2a: Vaporeon|270\/452|[from] item: Leftovers
|upkeep
|turn|16
|c| The Lister Mr.|i'm bleve
|choice|move darkpulse|move protect
|
|move|p2a: Vaporeon|Protect|p2a: Vaporeon
|-singleturn|p2a: Vaporeon|Protect
|move|p1a: Hydreigon|Dark Pulse|p2a: Vaporeon
|-activate|p2a: Vaporeon|move: Protect
|
|-heal|p2a: Vaporeon|452\/452|[from] move: Wish|[wisher] Vaporeon
|upkeep
|turn|17
|j|ebinola
|c|☆tfw bleve|bleve is too busy selling heroin
|choice|move darkpulse|switch 4
|
|switch|p2a: Heracross|Heracross, M|301\/301
|move|p1a: Hydreigon|Dark Pulse|p2a: Heracross
|-resisted|p2a: Heracross
|-damage|p2a: Heracross|228\/301
|
|upkeep
|turn|18
|c|☆tfw bleve|to play mons
|c| Solo Draco|lmoa
|c| Solo Draco|kek
|choice|switch 2|move megahorn
|
|switch|p1a: Arcanine|Arcanine, F|291\/383
|-damage|p1a: Arcanine|196\/383|[from] Stealth Rock
|-ability|p1a: Arcanine|Intimidate|boost
|-unboost|p2a: Heracross|atk|1
|move|p2a: Heracross|Megahorn|p1a: Arcanine
|-resisted|p1a: Arcanine
|-damage|p1a: Arcanine|104\/383
|
|-heal|p1a: Arcanine|127\/383|[from] item: Leftovers
|upkeep
|turn|19
|choice|move flareblitz|switch 4
|
|switch|p2a: Vaporeon|Vaporeon, F|452\/452
|move|p1a: Arcanine|Flare Blitz|p2a: Vaporeon
|-resisted|p2a: Vaporeon
|-damage|p2a: Vaporeon|376\/452
|-damage|p1a: Arcanine|102\/383|[from] recoil|[of] p2a: Vaporeon
|
|-heal|p1a: Arcanine|125\/383|[from] item: Leftovers
|-heal|p2a: Vaporeon|404\/452|[from] item: Leftovers
|upkeep
|turn|20
|choice|switch 4|switch 5
|
|switch|p1a: Celebi|Celebi|271\/404
|-damage|p1a: Celebi|221\/404|[from] Stealth Rock
|switch|p2a: Krookodile|Krookodile, M|207\/331
|-ability|p2a: Krookodile|Intimidate|boost
|-unboost|p1a: Celebi|atk|1
|
|-heal|p1a: Celebi|246\/404|[from] item: Leftovers
|upkeep
|turn|21
|choice|move leafstorm|move knockoff
|
|move|p2a: Krookodile|Knock Off|p1a: Celebi
|-supereffective|p1a: Celebi
|-damage|p1a: Celebi|0 fnt
|-enditem|p1a: Celebi|Leftovers|[from] move: Knock Off|[of] p2a: Krookodile
|faint|p1a: Celebi
|
|upkeep
|choice|switch 4|
|
|switch|p1a: Arcanine|Arcanine, F|125\/383
|-damage|p1a: Arcanine|30\/383|[from] Stealth Rock
|-ability|p1a: Arcanine|Intimidate|boost
|-unboost|p2a: Krookodile|atk|1
|turn|22
|choice|move willowisp|switch 5
|
|switch|p2a: Vaporeon|Vaporeon, F|404\/452
|move|p1a: Arcanine|Will-O-Wisp|p2a: Vaporeon
|-status|p2a: Vaporeon|brn
|
|-heal|p1a: Arcanine|53\/383|[from] item: Leftovers
|-heal|p2a: Vaporeon|432\/452 brn|[from] item: Leftovers
|-damage|p2a: Vaporeon|376\/452 brn|[from] brn
|upkeep
|turn|23
|choice|move extremespeed|move scald
|
|move|p1a: Arcanine|Extreme Speed|p2a: Vaporeon
|-damage|p2a: Vaporeon|311\/452 brn
|move|p2a: Vaporeon|Scald|p1a: Arcanine
|-supereffective|p1a: Arcanine
|-damage|p1a: Arcanine|0 fnt
|faint|p1a: Arcanine
|
|-heal|p2a: Vaporeon|339\/452 brn|[from] item: Leftovers
|-damage|p2a: Vaporeon|283\/452 brn|[from] brn
|upkeep
|choice|switch 2|
|
|switch|p1a: Hydreigon|Hydreigon, F|285\/325
|-damage|p1a: Hydreigon|245\/325|[from] Stealth Rock
|turn|24
|j|i like cute things
|choice|move dracometeor|move protect
|
|move|p2a: Vaporeon|Protect|p2a: Vaporeon
|-singleturn|p2a: Vaporeon|Protect
|move|p1a: Hydreigon|Draco Meteor|p2a: Vaporeon
|-activate|p2a: Vaporeon|move: Protect
|
|-heal|p2a: Vaporeon|311\/452 brn|[from] item: Leftovers
|-damage|p2a: Vaporeon|255\/452 brn|[from] brn
|upkeep
|turn|25
|choice|move dracometeor|switch 2
|
|switch|p2a: Empoleon|Empoleon, M|372\/372
|move|p1a: Hydreigon|Draco Meteor|p2a: Empoleon
|-resisted|p2a: Empoleon
|-damage|p2a: Empoleon|275\/372
|-unboost|p1a: Hydreigon|spa|2
|
|-heal|p2a: Empoleon|298\/372|[from] item: Leftovers
|upkeep
|turn|26
|choice|move dracometeor|move icebeam
|
|move|p1a: Hydreigon|Draco Meteor|p2a: Empoleon
|-resisted|p2a: Empoleon
|-damage|p2a: Empoleon|253\/372
|-unboost|p1a: Hydreigon|spa|2
|move|p2a: Empoleon|Ice Beam|p1a: Hydreigon
|-supereffective|p1a: Hydreigon
|-damage|p1a: Hydreigon|69\/325
|
|-heal|p2a: Empoleon|276\/372|[from] item: Leftovers
|upkeep
|turn|27
|c| The Lister Mr.|>getting 6-0'd by this
|choice|move dracometeor|move icebeam
|
|move|p1a: Hydreigon|Draco Meteor|p2a: Empoleon
|-resisted|p2a: Empoleon
|-damage|p2a: Empoleon|243\/372
|-unboost|p1a: Hydreigon|spa|2
|move|p2a: Empoleon|Ice Beam|p1a: Hydreigon
|-supereffective|p1a: Hydreigon
|-damage|p1a: Hydreigon|0 fnt
|faint|p1a: Hydreigon
|
|win|tfw bleve</script>
</div>
<div class="battle-log battle-log-inline"><div class="inner"><div class="battle-options"></div><div class="inner"><div class="chat"><small>Path of Sorrow joined.</small></div><div class="chat"><small>tfw bleve joined.</small></div><div class=""><small>Format:</small> <br><strong>UU</strong></div><div class=""><small><em>Sleep Clause Mod:</em> Limit one foe put to sleep</small></div><div class=""><small><em>Species Clause:</em> Limit one of each Pokémon</small></div><div class=""><small><em>OHKO Clause:</em> OHKO moves are banned</small></div><div class=""><small><em>Moody Clause:</em> Moody is banned</small></div><div class=""><small><em>Evasion Moves Clause:</em> Evasion moves are banned</small></div><div class=""><small><em>Endless Battle Clause:</em> Forcing endless battles is banned</small></div><div class=""><small><em>HP Percentage Mod:</em> HP is shown in percentages</small></div><div class=""><small><em>Swagger Clause:</em> Swagger is banned</small></div><div class=""><small><em>Baton Pass Clause:</em> Limit one Baton Passer, can't pass Spe and other stats simultaneously</small></div><div class="chat battle-history"><strong>Path of Sorrow's team:</strong> <em style="color:#445566;display:block;">Hydreigon / Celebi / Arcanine / Blastoise / Mienshao / Nidoking</em></div><div class="chat battle-history"><strong>tfw bleve's team:</strong> <em style="color:#445566;display:block;">Empoleon / Crobat / Ampharos / Heracross / Vaporeon / Krookodile</em></div><div class="chat"><small>dedic joined.</small></div><div class="chat"><small>Dessiner joined.</small></div><div class="spacer battle-history"><br></div><div class="battle-history">Battle started between Path of Sorrow and tfw bleve!<br></div><div class="spacer battle-history"><br></div><div class="battle-history">Go! <strong>Celebi</strong>!<br></div><div class="spacer battle-history"><br></div><div class="battle-history">tfw bleve sent out <strong>Crobat</strong>!<br></div><div class="spacer battle-history"><br></div><h2 class="battle-history">Turn 1</h2><div class="chat chatmessage-dedic"><strong style="color:hsl(166,74%,36.39581404227131%)"><small> </small><span class="username" data-name="dedic">dedic</span>:</strong> <em>beraa</em></div><div class="chat chatmessage-tfwbleve"><strong style="color:hsl(115,76%,33%)"><small>☆</small><span class="username" data-name="tfw bleve">tfw bleve</span>:</strong> <em>sup cuh</em></div><div class="spacer battle-history"><br></div><div class="battle-history">Celebi, come back!<br></div><div class="battle-history">Go! <strong>Nidoking</strong>!<br></div><div class="spacer battle-history"><br></div><div class="battle-history">The opposing Crobat used <strong>U-turn</strong>!<br></div><div class="battle-history"><small>It's not very effective...</small><br></div><div class="battle-history"><small>(Nidoking lost <abbr title="−41/303">13.5%</abbr> of its health!)</small><br></div><div class="chat"><small>Pawslut joined.</small></div><div class="spacer battle-history"><br></div><div class="battle-history">The opposing Crobat went back to tfw bleve!<br></div><div class="battle-history">tfw bleve sent out <strong>Krookodile</strong>!<br></div><div class="battle-history"><small>[The opposing Krookodile's Intimidate]</small><br></div><div class="battle-history"><small>Nidoking's Attack fell!</small><br></div><div class="spacer battle-history"><br></div><h2 class="battle-history">Turn 2</h2><div class="spacer battle-history"><br></div><div class="battle-history">Nidoking, come back!<br></div><div class="battle-history">Go! <strong>Celebi</strong>!<br></div><div class="spacer battle-history"><br></div><div class="battle-history">The opposing Krookodile used <strong>Stealth Rock</strong>!<br></div><div class="battle-history"><small>Pointed stones float in the air around your team!</small><br></div><div class="spacer battle-history"><br></div><h2 class="battle-history">Turn 3</h2><div class="chat"><small>Nucleoplasm joined.</small></div><div class="chat"><small>RareKyle joined.</small></div><div class="chat chatmessage-pawslut"><strong style="color:hsl(311,56%,47.10231242374235%)"><small> </small><span class="username" data-name="Pawslut">Pawslut</span>:</strong> <em>path of sorrow is your path yours and yours alone</em></div><div class="spacer battle-history"><br></div><div class="battle-history">The opposing Krookodile used <strong>Pursuit</strong>!<br></div><div class="battle-history"><small>It's super effective!</small><br></div><div class="battle-history"><small>A critical hit!</small><br></div><div class="battle-history"><small>(Celebi lost <abbr title="−260/404">64.4%</abbr> of its health!)</small><br></div><div class="spacer battle-history"><br></div><div class="battle-history">Celebi used <strong>U-turn</strong>!<br></div><div class="battle-history"><small>It's super effective!</small><br></div><div class="battle-history"><small>(The opposing Krookodile lost <abbr title="−124/331">37.5%</abbr> of its health!)</small><br></div><div class="chat chatmessage-pathofsorrow"><strong style="color:hsl(76,86%,33.879404277052345%)"><small>☆</small><span class="username" data-name="Path of Sorrow">Path of Sorrow</span>:</strong> <em>You know it</em></div><div class="spacer battle-history"><br></div><div class="battle-history">Celebi went back to Path of Sorrow!<br></div><div class="battle-history">Go! <strong>Blastoise</strong>!<br></div><div class="battle-history"><small>Pointed stones dug into Blastoise!</small><br></div><div class="spacer battle-history"><br></div><h2 class="battle-history">Turn 4</h2><div class="chat"><small>Soft♡Neechan joined.</small></div><div class="chat"><small>Ark joined.</small></div><div class="spacer battle-history"><br></div><div class="battle-history">tfw bleve withdrew Krookodile!<br></div><div class="battle-history">tfw bleve sent out <strong>Vaporeon</strong>!<br></div><div class="spacer battle-history"><br></div><div class="battle-history"><small>Blastoise's Blastoisinite is reacting to Path of Sorrow's Mega Bracelet!</small><br>Blastoise has Mega Evolved into Mega Blastoise!<br></div><div class="spacer battle-history"><br></div><div class="battle-history">Blastoise used <strong>Water Pulse</strong>!<br></div><div class="battle-history"><small>[The opposing Vaporeon's Water Absorb]</small><br><small>It doesn't affect the opposing Vaporeon...</small><br></div><div class="spacer battle-history"><br></div><h2 class="battle-history">Turn 5</h2><div class="chat chatmessage-softneechan"><strong style="color:hsl(235,86%,61.1882988883102%)"><small> </small><span class="username" data-name="Soft♡Neechan">Soft♡Neechan</span>:</strong> <em>Path of Sorrow which Pokemon would you marry?</em></div><div class="spacer battle-history"><br></div><div class="battle-history">Blastoise, come back!<br></div><div class="battle-history">Go! <strong>Celebi</strong>!<br></div><div class="battle-history"><small>Pointed stones dug into Celebi!</small><br></div><div class="spacer battle-history"><br></div><div class="battle-history">The opposing Vaporeon used <strong>Roar</strong>!<br></div><div class="spacer battle-history"><br></div><div class="battle-history"><strong>Mienshao</strong> was dragged out!<br></div><div class="battle-history"><small>Pointed stones dug into Mienshao!</small><br></div><div class="spacer battle-history"><br></div><h2 class="battle-history">Turn 6</h2><div class="spacer battle-history"><br></div><div class="battle-history">The opposing Vaporeon used <strong>Protect</strong>!<br></div><div class="battle-history"><small>The opposing Vaporeon protected itself!</small><br></div><div class="spacer battle-history"><br></div><div class="battle-history">Mienshao used <strong>Fake Out</strong>!<br></div><div class="battle-history"><small>The opposing Vaporeon protected itself!</small><br></div><div class="spacer battle-history"><br></div><h2 class="battle-history">Turn 7</h2><div class="chat"><small>OptimusLame-o joined.</small></div><div class="spacer battle-history"><br></div><div class="battle-history">tfw bleve withdrew Vaporeon!<br></div><div class="battle-history">tfw bleve sent out <strong>Crobat</strong>!<br></div><div class="spacer battle-history"><br></div><div class="battle-history">Mienshao used <strong>High Jump Kick</strong>!<br></div><div class="battle-history"><small>It's not very effective...</small><br></div><div class="battle-history"><small>(The opposing Crobat lost <abbr title="−99/329">30.1%</abbr> of its health!)</small><br></div><div class="battle-history"><small>Mienshao lost some of its HP!</small><br></div><div class="spacer battle-history"><br></div><div class="battle-history"><small>The opposing Crobat restored a little HP using its Leftovers!</small><br></div><div class="spacer battle-history"><br></div><h2 class="battle-history">Turn 8</h2><div class="spacer battle-history"><br></div><div class="battle-history">The opposing Crobat used <strong>Brave Bird</strong>!<br></div><div class="battle-history"><small>It's super effective!</small><br></div><div class="battle-history"><small>(Mienshao lost <abbr title="−228/272">83.8%</abbr> of its health!)</small><br></div><div class="battle-history"><small>The opposing Crobat is damaged by the recoil!</small><br></div><div class="spacer battle-history"><br></div><div class="battle-history">Mienshao fainted!<br></div><div class="spacer battle-history"><br></div><div class="battle-history"><small>The opposing Crobat restored a little HP using its Leftovers!</small><br></div><div class="chat"><small>SmashBrosBrawl joined.</small></div><div class="chat chatmessage-pawslut"><strong style="color:hsl(311,56%,47.10231242374235%)"><small> </small><span class="username" data-name="Pawslut">Pawslut</span>:</strong> <em>brobat</em></div><div class="chat"><small>Ark left.</small></div><div class="chat"><small>CursedStar joined.</small></div><div class="spacer battle-history"><br></div><div class="battle-history">Go! <strong>Nidoking</strong>!<br></div><div class="battle-history"><small>Pointed stones dug into Nidoking!</small><br></div><div class="spacer battle-history"><br></div><h2 class="battle-history">Turn 9</h2><div class="spacer battle-history"><br></div><div class="battle-history">The opposing Crobat used <strong>U-turn</strong>!<br></div><div class="battle-history"><small>It's not very effective...</small><br></div><div class="battle-history"><small>(Nidoking lost <abbr title="−40/303">13.2%</abbr> of its health!)</small><br></div><div class="spacer battle-history"><br></div><div class="battle-history">The opposing Crobat went back to tfw bleve!<br></div><div class="battle-history">tfw bleve sent out <strong>Vaporeon</strong>!<br></div><div class="spacer battle-history"><br></div><div class="battle-history">Nidoking used <strong>Ice Beam</strong>!<br></div><div class="battle-history"><small>It's not very effective...</small><br></div><div class="battle-history"><small>(The opposing Vaporeon lost <abbr title="−64/452">14.2%</abbr> of its health!)</small><br></div><div class="spacer battle-history"><br></div><div class="battle-history"><small>The opposing Vaporeon restored a little HP using its Leftovers!</small><br></div><div class="spacer battle-history"><br></div><h2 class="battle-history">Turn 10</h2><div class="spacer battle-history"><br></div><div class="battle-history">Nidoking used <strong>Sludge Wave</strong>!<br></div><div class="battle-history"><small>(The opposing Vaporeon lost <abbr title="−230/452">50.9%</abbr> of its health!)</small><br></div><div class="spacer battle-history"><br></div><div class="battle-history">The opposing Vaporeon used <strong>Scald</strong>!<br></div><div class="battle-history"><small>It's super effective!</small><br></div><div class="battle-history"><small>(Nidoking lost <abbr title="−204/303">67.3%</abbr> of its health!)</small><br></div><div class="spacer battle-history"><br></div><div class="battle-history">Nidoking fainted!<br></div><div class="spacer battle-history"><br></div><div class="battle-history"><small>The opposing Vaporeon restored a little HP using its Leftovers!</small><br></div><div class="spacer battle-history"><br></div><div class="battle-history">Go! <strong>Celebi</strong>!<br></div><div class="battle-history"><small>Pointed stones dug into Celebi!</small><br></div><div class="spacer battle-history"><br></div><h2 class="battle-history">Turn 11</h2><div class="spacer battle-history"><br></div><div class="battle-history">tfw bleve withdrew Vaporeon!<br></div><div class="battle-history">tfw bleve sent out <strong>Crobat</strong>!<br></div><div class="spacer battle-history"><br></div><div class="battle-history">Celebi used <strong>Recover</strong>!<br></div><div class="battle-history"><small>Celebi restored its HP.</small><br></div><div class="spacer battle-history"><br></div><div class="battle-history"><small>The opposing Crobat restored a little HP using its Leftovers!</small><br></div><div class="battle-history"><small>Celebi restored a little HP using its Leftovers!</small><br></div><div class="spacer battle-history"><br></div><h2 class="battle-history">Turn 12</h2><div class="spacer battle-history"><br></div><div class="battle-history">Celebi, come back!<br></div><div class="battle-history">Go! Blastoise (<strong>Blastoise-Mega</strong>)!<br></div><div class="battle-history"><small>Pointed stones dug into Blastoise!</small><br></div><div class="spacer battle-history"><br></div><div class="battle-history">The opposing Crobat used <strong>Brave Bird</strong>!<br></div><div class="battle-history"><small>(Blastoise lost <abbr title="−138/345">40%</abbr> of its health!)</small><br></div><div class="battle-history"><small>The opposing Crobat is damaged by the recoil!</small><br></div><div class="spacer battle-history"><br></div><div class="battle-history"><small>The opposing Crobat restored a little HP using its Leftovers!</small><br></div><div class="spacer battle-history"><br></div><h2 class="battle-history">Turn 13</h2><div class="spacer battle-history"><br></div><div class="battle-history">The opposing Crobat used <strong>Brave Bird</strong>!<br></div><div class="battle-history"><small>(Blastoise lost <abbr title="−121/345">35.1%</abbr> of its health!)</small><br></div><div class="battle-history"><small>The opposing Crobat is damaged by the recoil!</small><br></div><div class="spacer battle-history"><br></div><div class="battle-history">Blastoise fainted!<br></div><div class="spacer battle-history"><br></div><div class="battle-history"><small>The opposing Crobat restored a little HP using its Leftovers!</small><br></div><div class="chat"><small>The Lister Mr. joined.</small></div><div class="chat chatmessage-pathofsorrow"><strong style="color:hsl(76,86%,33.879404277052345%)"><small>☆</small><span class="username" data-name="Path of Sorrow">Path of Sorrow</span>:</strong> <em>gg i suck at gen 6</em></div><div class="chat"><small>Solo Draco joined.</small></div><div class="spacer battle-history"><br></div><div class="battle-history">Go! <strong>Arcanine</strong>!<br></div><div class="battle-history"><small>Pointed stones dug into Arcanine!</small><br></div><div class="battle-history"><small>[Arcanine's Intimidate]</small><br></div><div class="battle-history"><small>The opposing Crobat's Attack fell!</small><br></div><div class="spacer battle-history"><br></div><h2 class="battle-history">Turn 14</h2><div class="spacer battle-history"><br></div><div class="battle-history">Arcanine used <strong>Extreme Speed</strong>!<br></div><div class="battle-history"><small>(The opposing Crobat lost <abbr title="−84/329">25.5%</abbr> of its health!)</small><br></div><div class="spacer battle-history"><br></div><div class="battle-history">The opposing Crobat used <strong>U-turn</strong>!<br></div><div class="battle-history"><small>It's not very effective...</small><br></div><div class="battle-history"><small>(Arcanine lost <abbr title="−20/383">5.2%</abbr> of its health!)</small><br></div><div class="chat chatmessage-dessiner"><strong style="color:hsl(175,55%,43.333333333333336%)"><small> </small><span class="username" data-name="Dessiner">Dessiner</span>:</strong> <em>7</em></div><div class="spacer battle-history"><br></div><div class="battle-history">The opposing Crobat went back to tfw bleve!<br></div><div class="battle-history">tfw bleve sent out <strong>Vaporeon</strong>!<br></div><div class="spacer battle-history"><br></div><div class="battle-history"><small>Arcanine restored a little HP using its Leftovers!</small><br></div><div class="battle-history"><small>The opposing Vaporeon restored a little HP using its Leftovers!</small><br></div><div class="spacer battle-history"><br></div><h2 class="battle-history">Turn 15</h2><div class="chat chatmessage-pawslut"><strong style="color:hsl(311,56%,47.10231242374235%)"><small> </small><span class="username" data-name="Pawslut">Pawslut</span>:</strong> <em>8</em></div><div class="chat chatmessage-tfwbleve"><strong style="color:hsl(115,76%,33%)"><small>☆</small><span class="username" data-name="tfw bleve">tfw bleve</span>:</strong> <em>9</em></div><div class="chat chatmessage-solodraco"><strong style="color:hsl(199,79%,41%)"><small> </small><span class="username" data-name="Solo Draco">Solo Draco</span>:</strong> <em>scouting bleve for cteam n_n</em></div><div class="chat chatmessage-thelistermr"><strong style="color:hsl(335,73%,44%)"><small> </small><span class="username" data-name="The Lister Mr.">The Lister Mr.</span>:</strong> <em>5</em></div><div class="chat chatmessage-tfwbleve"><strong style="color:hsl(115,76%,33%)"><small>☆</small><span class="username" data-name="tfw bleve">tfw bleve</span>:</strong> <em>im not bleve though</em></div><div class="chat"><small>RareKyle left.</small></div><div class="spacer battle-history"><br></div><div class="battle-history">Arcanine, come back!<br></div><div class="battle-history">Go! <strong>Hydreigon</strong>!<br></div><div class="battle-history"><small>Pointed stones dug into Hydreigon!</small><br></div><div class="spacer battle-history"><br></div><div class="battle-history">The opposing Vaporeon used <strong>Wish</strong>!<br></div><div class="spacer battle-history"><br></div><div class="battle-history"><small>The opposing Vaporeon restored a little HP using its Leftovers!</small><br></div><div class="spacer battle-history"><br></div><h2 class="battle-history">Turn 16</h2><div class="chat chatmessage-thelistermr"><strong style="color:hsl(335,73%,44%)"><small> </small><span class="username" data-name="The Lister Mr.">The Lister Mr.</span>:</strong> <em>i'm bleve</em></div><div class="spacer battle-history"><br></div><div class="battle-history">The opposing Vaporeon used <strong>Protect</strong>!<br></div><div class="battle-history"><small>The opposing Vaporeon protected itself!</small><br></div><div class="spacer battle-history"><br></div><div class="battle-history">Hydreigon used <strong>Dark Pulse</strong>!<br></div><div class="battle-history"><small>The opposing Vaporeon protected itself!</small><br></div><div class="spacer battle-history"><br></div><div class="battle-history"><small>Vaporeon's wish came true!</small><br></div><div class="spacer battle-history"><br></div><h2 class="battle-history">Turn 17</h2><div class="chat"><small>ebinola joined.</small></div><div class="chat chatmessage-tfwbleve"><strong style="color:hsl(115,76%,33%)"><small>☆</small><span class="username" data-name="tfw bleve">tfw bleve</span>:</strong> <em>bleve is too busy selling heroin</em></div><div class="spacer battle-history"><br></div><div class="battle-history">tfw bleve withdrew Vaporeon!<br></div><div class="battle-history">tfw bleve sent out <strong>Heracross</strong>!<br></div><div class="spacer battle-history"><br></div><div class="battle-history">Hydreigon used <strong>Dark Pulse</strong>!<br></div><div class="battle-history"><small>It's not very effective...</small><br></div><div class="battle-history"><small>(The opposing Heracross lost <abbr title="−73/301">24.3%</abbr> of its health!)</small><br></div><div class="spacer battle-history"><br></div><h2 class="battle-history">Turn 18</h2><div class="chat chatmessage-tfwbleve"><strong style="color:hsl(115,76%,33%)"><small>☆</small><span class="username" data-name="tfw bleve">tfw bleve</span>:</strong> <em>to play mons</em></div><div class="chat chatmessage-solodraco"><strong style="color:hsl(199,79%,41%)"><small> </small><span class="username" data-name="Solo Draco">Solo Draco</span>:</strong> <em>lmoa</em></div><div class="chat chatmessage-solodraco"><strong style="color:hsl(199,79%,41%)"><small> </small><span class="username" data-name="Solo Draco">Solo Draco</span>:</strong> <em>kek</em></div><div class="spacer battle-history"><br></div><div class="battle-history">Hydreigon, come back!<br></div><div class="battle-history">Go! <strong>Arcanine</strong>!<br></div><div class="battle-history"><small>Pointed stones dug into Arcanine!</small><br></div><div class="battle-history"><small>[Arcanine's Intimidate]</small><br></div><div class="battle-history"><small>The opposing Heracross's Attack fell!</small><br></div><div class="spacer battle-history"><br></div><div class="battle-history">The opposing Heracross used <strong>Megahorn</strong>!<br></div><div class="battle-history"><small>It's not very effective...</small><br></div><div class="battle-history"><small>(Arcanine lost <abbr title="−92/383">24.0%</abbr> of its health!)</small><br></div><div class="spacer battle-history"><br></div><div class="battle-history"><small>Arcanine restored a little HP using its Leftovers!</small><br></div><div class="spacer battle-history"><br></div><h2 class="battle-history">Turn 19</h2><div class="spacer battle-history"><br></div><div class="battle-history">tfw bleve withdrew Heracross!<br></div><div class="battle-history">tfw bleve sent out <strong>Vaporeon</strong>!<br></div><div class="spacer battle-history"><br></div><div class="battle-history">Arcanine used <strong>Flare Blitz</strong>!<br></div><div class="battle-history"><small>It's not very effective...</small><br></div><div class="battle-history"><small>(The opposing Vaporeon lost <abbr title="−76/452">16.8%</abbr> of its health!)</small><br></div><div class="battle-history"><small>Arcanine is damaged by the recoil!</small><br></div><div class="spacer battle-history"><br></div><div class="battle-history"><small>Arcanine restored a little HP using its Leftovers!</small><br></div><div class="battle-history"><small>The opposing Vaporeon restored a little HP using its Leftovers!</small><br></div><div class="spacer battle-history"><br></div><h2 class="battle-history">Turn 20</h2><div class="spacer battle-history"><br></div><div class="battle-history">Arcanine, come back!<br></div><div class="battle-history">Go! <strong>Celebi</strong>!<br></div><div class="battle-history"><small>Pointed stones dug into Celebi!</small><br></div><div class="spacer battle-history"><br></div><div class="battle-history">tfw bleve withdrew Vaporeon!<br></div><div class="battle-history">tfw bleve sent out <strong>Krookodile</strong>!<br></div><div class="battle-history"><small>[The opposing Krookodile's Intimidate]</small><br></div><div class="battle-history"><small>Celebi's Attack fell!</small><br></div><div class="spacer battle-history"><br></div><div class="battle-history"><small>Celebi restored a little HP using its Leftovers!</small><br></div><div class="spacer battle-history"><br></div><h2 class="battle-history">Turn 21</h2><div class="spacer battle-history"><br></div><div class="battle-history">The opposing Krookodile used <strong>Knock Off</strong>!<br></div><div class="battle-history"><small>It's super effective!</small><br></div><div class="battle-history"><small>(Celebi lost <abbr title="−246/404">60.9%</abbr> of its health!)</small><br></div><div class="battle-history"><small>The opposing Krookodile knocked off Celebi's Leftovers!</small><br></div><div class="spacer battle-history"><br></div><div class="battle-history">Celebi fainted!<br></div><div class="spacer battle-history"><br></div><div class="battle-history">Go! <strong>Arcanine</strong>!<br></div><div class="battle-history"><small>Pointed stones dug into Arcanine!</small><br></div><div class="battle-history"><small>[Arcanine's Intimidate]</small><br></div><div class="battle-history"><small>The opposing Krookodile's Attack fell!</small><br></div><div class="spacer battle-history"><br></div><h2 class="battle-history">Turn 22</h2><div class="spacer battle-history"><br></div><div class="battle-history">tfw bleve withdrew Krookodile!<br></div><div class="battle-history">tfw bleve sent out <strong>Vaporeon</strong>!<br></div><div class="spacer battle-history"><br></div><div class="battle-history">Arcanine used <strong>Will-O-Wisp</strong>!<br></div><div class="battle-history"><small>The opposing Vaporeon was burned!</small><br></div><div class="spacer battle-history"><br></div><div class="battle-history"><small>Arcanine restored a little HP using its Leftovers!</small><br></div><div class="battle-history"><small>The opposing Vaporeon restored a little HP using its Leftovers!</small><br></div><div class="battle-history"><small>The opposing Vaporeon was hurt by its burn!</small><br></div><div class="spacer battle-history"><br></div><h2 class="battle-history">Turn 23</h2><div class="spacer battle-history"><br></div><div class="battle-history">Arcanine used <strong>Extreme Speed</strong>!<br></div><div class="battle-history"><small>(The opposing Vaporeon lost <abbr title="−65/452">14.4%</abbr> of its health!)</small><br></div><div class="spacer battle-history"><br></div><div class="battle-history">The opposing Vaporeon used <strong>Scald</strong>!<br></div><div class="battle-history"><small>It's super effective!</small><br></div><div class="battle-history"><small>(Arcanine lost <abbr title="−53/383">13.8%</abbr> of its health!)</small><br></div><div class="spacer battle-history"><br></div><div class="battle-history">Arcanine fainted!<br></div><div class="spacer battle-history"><br></div><div class="battle-history"><small>The opposing Vaporeon restored a little HP using its Leftovers!</small><br></div><div class="battle-history"><small>The opposing Vaporeon was hurt by its burn!</small><br></div><div class="spacer battle-history"><br></div><div class="battle-history">Go! <strong>Hydreigon</strong>!<br></div><div class="battle-history"><small>Pointed stones dug into Hydreigon!</small><br></div><div class="spacer battle-history"><br></div><h2 class="battle-history">Turn 24</h2><div class="chat"><small>i like cute things joined.</small></div><div class="spacer battle-history"><br></div><div class="battle-history">The opposing Vaporeon used <strong>Protect</strong>!<br></div><div class="battle-history"><small>The opposing Vaporeon protected itself!</small><br></div><div class="spacer battle-history"><br></div><div class="battle-history">Hydreigon used <strong>Draco Meteor</strong>!<br></div><div class="battle-history"><small>The opposing Vaporeon protected itself!</small><br></div><div class="spacer battle-history"><br></div><div class="battle-history"><small>The opposing Vaporeon restored a little HP using its Leftovers!</small><br></div><div class="battle-history"><small>The opposing Vaporeon was hurt by its burn!</small><br></div><div class="spacer battle-history"><br></div><h2 class="battle-history">Turn 25</h2><div class="spacer battle-history"><br></div><div class="battle-history">tfw bleve withdrew Vaporeon!<br></div><div class="battle-history">tfw bleve sent out <strong>Empoleon</strong>!<br></div><div class="spacer battle-history"><br></div><div class="battle-history">Hydreigon used <strong>Draco Meteor</strong>!<br></div><div class="battle-history"><small>It's not very effective...</small><br></div><div class="battle-history"><small>(The opposing Empoleon lost <abbr title="−97/372">26.1%</abbr> of its health!)</small><br></div><div class="battle-history"><small>Hydreigon's Special Attack fell harshly!</small><br></div><div class="spacer battle-history"><br></div><div class="battle-history"><small>The opposing Empoleon restored a little HP using its Leftovers!</small><br></div><div class="spacer battle-history"><br></div><h2 class="battle-history">Turn 26</h2><div class="spacer battle-history"><br></div><div class="battle-history">Hydreigon used <strong>Draco Meteor</strong>!<br></div><div class="battle-history"><small>It's not very effective...</small><br></div><div class="battle-history"><small>(The opposing Empoleon lost <abbr title="−45/372">12.1%</abbr> of its health!)</small><br></div><div class="battle-history"><small>Hydreigon's Special Attack fell harshly!</small><br></div><div class="spacer battle-history"><br></div><div class="battle-history">The opposing Empoleon used <strong>Ice Beam</strong>!<br></div><div class="battle-history"><small>It's super effective!</small><br></div><div class="battle-history"><small>(Hydreigon lost <abbr title="−176/325">54.2%</abbr> of its health!)</small><br></div><div class="spacer battle-history"><br></div><div class="battle-history"><small>The opposing Empoleon restored a little HP using its Leftovers!</small><br></div><div class="spacer battle-history"><br></div><h2 class="battle-history">Turn 27</h2><div class="chat chatmessage-thelistermr"><strong style="color:hsl(335,73%,44%)"><small> </small><span class="username" data-name="The Lister Mr.">The Lister Mr.</span>:</strong> <em><span class="greentext">&gt;getting 6-0'd by this</span></em></div><div class="spacer battle-history"><br></div><div class="battle-history">Hydreigon used <strong>Draco Meteor</strong>!<br></div><div class="battle-history"><small>It's not very effective...</small><br></div><div class="battle-history"><small>(The opposing Empoleon lost <abbr title="−33/372">8.9%</abbr> of its health!)</small><br></div><div class="battle-history"><small>Hydreigon's Special Attack fell harshly!</small><br></div><div class="spacer battle-history"><br></div><div class="battle-history">The opposing Empoleon used <strong>Ice Beam</strong>!<br></div><div class="battle-history"><small>It's super effective!</small><br></div><div class="battle-history"><small>(Hydreigon lost <abbr title="−69/325">21.2%</abbr> of its health!)</small><br></div><div class="spacer battle-history"><br></div><div class="battle-history">Hydreigon fainted!<br></div><div class="spacer battle-history"><br></div><div class="battle-history"><strong>tfw bleve</strong> won the battle!<br></div></div><div class="inner-preempt"></div></div></div>
</div>
<script>
let daily = Math.floor(Date.now()/1000/60/60/24);document.write('<script src="https://play.pokemonshowdown.com/js/replay-embed.js?version'+daily+'"></'+'script>');
</script>
