<!DOCTYPE html>
<meta charset="utf-8" />
<!-- version 1 -->
<title>UU replay: LittleHistorian vs. Professor Faber</title>
<style>
html,body {font-family:Verdana, sans-serif;font-size:10pt;margin:0;padding:0;}body{padding:12px 0;} .battle-log {font-family:Verdana, sans-serif;font-size:10pt;} .battle-log-inline {border:1px solid #AAAAAA;background:#EEF2F5;color:black;max-width:640px;margin:0 auto 80px;padding-bottom:5px;} .battle-log .inner {padding:4px 8px 0px 8px;} .battle-log .inner-preempt {padding:0 8px 4px 8px;} .battle-log .inner-after {margin-top:0.5em;} .battle-log h2 {margin:0.5em -8px;padding:4px 8px;border:1px solid #AAAAAA;background:#E0E7EA;border-left:0;border-right:0;font-family:Verdana, sans-serif;font-size:13pt;} .battle-log .chat {vertical-align:middle;padding:3px 0 3px 0;font-size:8pt;} .battle-log .chat strong {color:#40576A;} .battle-log .chat em {padding:1px 4px 1px 3px;color:#000000;font-style:normal;} .chat.mine {background:rgba(0,0,0,0.05);margin-left:-8px;margin-right:-8px;padding-left:8px;padding-right:8px;} .spoiler {color:#BBBBBB;background:#BBBBBB;padding:0px 3px;} .spoiler:hover, .spoiler:active, .spoiler-shown {color:#000000;background:#E2E2E2;padding:0px 3px;} .spoiler a {color:#BBBBBB;} .spoiler:hover a, .spoiler:active a, .spoiler-shown a {color:#2288CC;} .chat code, .chat .spoiler:hover code, .chat .spoiler:active code, .chat .spoiler-shown code {border:1px solid #C0C0C0;background:#EEEEEE;color:black;padding:0 2px;} .chat .spoiler code {border:1px solid #CCCCCC;background:#CCCCCC;color:#CCCCCC;} .battle-log .rated {padding:3px 4px;} .battle-log .rated strong {color:white;background:#89A;padding:1px 4px;border-radius:4px;} .spacer {margin-top:0.5em;} .message-announce {background:#6688AA;color:white;padding:1px 4px 2px;} .message-announce a, .broadcast-green a, .broadcast-blue a, .broadcast-red a {color:#DDEEFF;} .broadcast-green {background-color:#559955;color:white;padding:2px 4px;} .broadcast-blue {background-color:#6688AA;color:white;padding:2px 4px;} .infobox {border:1px solid #6688AA;padding:2px 4px;} .infobox-limited {max-height:200px;overflow:auto;overflow-x:hidden;} .broadcast-red {background-color:#AA5544;color:white;padding:2px 4px;} .message-learn-canlearn {font-weight:bold;color:#228822;text-decoration:underline;} .message-learn-cannotlearn {font-weight:bold;color:#CC2222;text-decoration:underline;} .message-effect-weak {font-weight:bold;color:#CC2222;} .message-effect-resist {font-weight:bold;color:#6688AA;} .message-effect-immune {font-weight:bold;color:#666666;} .message-learn-list {margin-top:0;margin-bottom:0;} .message-throttle-notice, .message-error {color:#992222;} .message-overflow, .chat small.message-overflow {font-size:0pt;} .message-overflow::before {font-size:9pt;content:'...';} .subtle {color:#3A4A66;}
</style>
<div class="wrapper replay-wrapper" style="max-width:1180px;margin:0 auto">
<input type="hidden" name="replayid" value="uu-535606951" />
<div class="battle"></div><div class="battle-log"></div><div class="replay-controls"></div><div class="replay-controls-2"></div>
<h1 style="font-weight:normal;text-align:center"><strong>UU</strong><br /><a href="http://pokemonshowdown.com/users/littlehistorian" class="subtle" target="_blank">LittleHistorian</a> vs. <a href="http://pokemonshowdown.com/users/professorfaber" class="subtle" target="_blank">Professor Faber</a></h1>
<script type="text/plain" class="battle-log-data">|j|LittleHistorian
|j|Professor Faber
|player|p1|LittleHistorian|97
|player|p2|Professor Faber|266
|gametype|singles
|gen|6
|tier|UU
|seed|44410,9176,48978,1891
|rule|Sleep Clause Mod: Limit one foe put to sleep
|rule|Species Clause: Limit one of each Pokémon
|rule|OHKO Clause: OHKO moves are banned
|rule|Moody Clause: Moody is banned
|rule|Evasion Moves Clause: Evasion moves are banned
|rule|Endless Battle Clause: Forcing endless battles is banned
|rule|HP Percentage Mod: HP is shown in percentages
|clearpoke
|poke|p1|Arcanine, F|item
|poke|p1|Nidoqueen, F|item
|poke|p1|Suicune|item
|poke|p1|Sylveon, F|item
|poke|p1|Donphan, M|item
|poke|p1|Honchkrow, F|item
|poke|p2|Cloyster, M|item
|poke|p2|Rotom-Heat|item
|poke|p2|Flygon, F|item
|poke|p2|Shuckle, M|item
|poke|p2|Blastoise, M|item
|poke|p2|Hydreigon, M|item
|rule|Swagger Clause: Swagger is banned
|rule|Baton Pass Clause: Limit one Baton Passer, can't pass Spe and other stats simultaneously
|teampreview
|c|★LittleHistorian|ayeee
|c|★Professor Faber|pls have mercy
|c|★Professor Faber|i have 0 knowledge of this meta
|c|★LittleHistorian|lolol
|c|★LittleHistorian|its ok
|c|★LittleHistorian|i'm OK
|c|★LittleHistorian|as a battler
|c|★LittleHistorian|not even the best
|c|★Professor Faber|LO mb
|choice|team 2, team 1, team 3, team 4, team 5, team 6|team 4, team 2, team 3, team 1, team 5, team 6
|
|start
|switch|p1a: Nidoqueen|Nidoqueen, F|358\/358
|switch|p2a: Shuckle|Shuckle, M|243\/243
|turn|1
|c|★Professor Faber|i dont think im even ranked anymore
|choice|move earthpower|move stealthrock
|
|move|p1a: Nidoqueen|Earth Power|p2a: Shuckle
|-damage|p2a: Shuckle|146\/243
|move|p2a: Shuckle|Stealth Rock|p1a: Nidoqueen
|-sidestart|p1: LittleHistorian|move: Stealth Rock
|
|upkeep
|turn|2
|choice|switch 5|switch 6
|
|switch|p1a: Donphan|Donphan, M|384\/384
|-damage|p1a: Donphan|360\/384|[from] Stealth Rock
|switch|p2a: Hydreigon|Hydreigon, M|325\/325
|
|-heal|p1a: Donphan|384\/384|[from] item: Leftovers
|upkeep
|turn|3
|choice|move stealthrock|move dracometeor
|
|move|p2a: Hydreigon|Draco Meteor|p1a: Donphan
|-ability|p1a: Donphan|Sturdy
|-damage|p1a: Donphan|1\/384
|-unboost|p2a: Hydreigon|spa|2
|move|p1a: Donphan|Stealth Rock|p2a: Hydreigon
|-sidestart|p2: Professor Faber|move: Stealth Rock
|
|-heal|p1a: Donphan|25\/384|[from] item: Leftovers
|upkeep
|turn|4
|choice|move iceshard|switch 5
|
|switch|p2a: Blastoise|Blastoise, M|362\/362
|-damage|p2a: Blastoise|317\/362|[from] Stealth Rock
|move|p1a: Donphan|Ice Shard|p2a: Blastoise
|-resisted|p2a: Blastoise
|-damage|p2a: Blastoise|294\/362
|
|-heal|p1a: Donphan|49\/384|[from] item: Leftovers
|upkeep
|turn|5
|c|★LittleHistorian|btw
|c|★LittleHistorian|what were u doin before this?
|c|★Professor Faber|LOL i was just laying in bed
|c|★LittleHistorian|lol
|c|★LittleHistorian|ok same
|c|★LittleHistorian|i feel bad for not doing hw
|c|★Professor Faber|trying to bring down my fever
|c|★Professor Faber|tbh i need to start my essay
|c|★Professor Faber|soon
|c|★Professor Faber|LOL
|c|★LittleHistorian|LOL
|c|★LittleHistorian|i finished it fast
|c|★Professor Faber|lol mb
|choice|switch 4|move rapidspin mega
|
|switch|p1a: Sylveon|Sylveon, F|393\/393
|-damage|p1a: Sylveon|344\/393|[from] Stealth Rock
|detailschange|p2a: Blastoise|Blastoise-Mega, M
|-mega|p2a: Blastoise|Blastoise|Blastoisinite
|move|p2a: Blastoise|Rapid Spin|p1a: Sylveon
|-damage|p1a: Sylveon|323\/393
|-sideend|p2: Professor Faber|Stealth Rock|[from] move: Rapid Spin|[of] p2a: Blastoise
|
|upkeep
|turn|6
|c|★Professor Faber|can you assist me lmao
|c|★LittleHistorian|ye
|c|★Professor Faber|!data fairy
|html|<div class="message-error">No Pokémon, item, move, ability or nature named &apos;fairy&apos; was found. (Check your spelling?)<\/div>
|c|★LittleHistorian|oh yeah
|c|★Professor Faber|lmao
|c|★LittleHistorian|lol
|c|★LittleHistorian|LOL
|c|★LittleHistorian|noob ;)
|c|★LittleHistorian|also
|c|★Professor Faber|;(((
|c|★LittleHistorian|did u read it
|c|★LittleHistorian|yet
|c|★Professor Faber|huh
|c|★Professor Faber|not rlly
|c|★Professor Faber|lmfao
|c|★LittleHistorian|lol
|c|★LittleHistorian|its ok spark notes i guess
|j|Marill-go-Round
|c| Marill-go-Round|LittleHistorian
|c|★LittleHistorian|OH NO
|c| Marill-go-Round|u suck
|c| Marill-go-Round|OH YES
|c|★LittleHistorian|lol
|c| Marill-go-Round|Boo
|j|FerrousLupus
|c| Marill-go-Round|Kick her ass
|c|★LittleHistorian|hi this is uh...
|c| FerrousLupus|OvO
|c|★Professor Faber|lol wtf
|c|★LittleHistorian|LOL
|c| Marill-go-Round|I'm me I:
|choice|move hypervoice|move scald
|
|move|p2a: Blastoise|Scald|p1a: Sylveon
|-damage|p1a: Sylveon|200\/393
|move|p1a: Sylveon|Hyper Voice|p2a: Blastoise
|-damage|p2a: Blastoise|38\/362
|
|upkeep
|turn|7
|choice|move hypervoice|move scald
|
|move|p2a: Blastoise|Scald|p1a: Sylveon
|-damage|p1a: Sylveon|68\/393
|move|p1a: Sylveon|Hyper Voice|p2a: Blastoise
|-damage|p2a: Blastoise|0 fnt
|faint|p2a: Blastoise
|
|upkeep
|c|★Professor Faber|there's like 0% chance of me winning guys srry
|c| Marill-go-Round|Damn
|c|★LittleHistorian|actually
|c|★LittleHistorian|tho
|c|★LittleHistorian|no
|c| FerrousLupus|Wait Faber?
|c|★LittleHistorian|uh
|c| FerrousLupus|Hm.
|c|★LittleHistorian|u know this kid?
|choice||switch 6
|
|switch|p2a: Shuckle|Shuckle, M|146\/243
|turn|8
|c| FerrousLupus|No, just the name.
|c| FerrousLupus|Fahrenheit 451 reference?
|c|★Professor Faber|yeet
|choice|move hypervoice|move infestation
|
|move|p1a: Sylveon|Hyper Voice|p2a: Shuckle
|-damage|p2a: Shuckle|0 fnt
|faint|p2a: Shuckle
|
|upkeep
|c| FerrousLupus|Ma boi.
|c|★Professor Faber|rip
|c|★Professor Faber|pls assist
|c|★LittleHistorian|LOL
|c|★Professor Faber|0-6 incoming
|c| Marill-go-Round|Boo
|c| Marill-go-Round|Lame
|c|★LittleHistorian|actually marill u can like go
|c| Marill-go-Round|You're getting beaten by the most
|choice||switch 5
|
|switch|p2a: Hydreigon|Hydreigon, M|325\/325
|turn|9
|c| Marill-go-Round|Scrubest
|c|★LittleHistorian|lol
|c|★LittleHistorian|XD
|c| Marill-go-Round|LittleHistorian ur just so fucking scrubby
|c| FerrousLupus|Probably get rid of Shuckle, also Rotom-Heat not that great.
|choice|move hypervoice|move superpower
|
|move|p2a: Hydreigon|Superpower|p1a: Sylveon
|-resisted|p1a: Sylveon
|-damage|p1a: Sylveon|0 fnt
|-unboost|p2a: Hydreigon|atk|1
|-unboost|p2a: Hydreigon|def|1
|faint|p1a: Sylveon
|
|upkeep
|c|★LittleHistorian|lmao
|c| Marill-go-Round|So scrubby I could wash my dishes with you
|choice|switch 4|
|
|switch|p1a: Donphan|Donphan, M|49\/384
|-damage|p1a: Donphan|25\/384|[from] Stealth Rock
|turn|10
|choice|move rapidspin|move superpower
|
|move|p2a: Hydreigon|Superpower|p1a: Donphan
|-damage|p1a: Donphan|0 fnt
|-unboost|p2a: Hydreigon|atk|1
|-unboost|p2a: Hydreigon|def|1
|faint|p1a: Donphan
|
|upkeep
|c|★Professor Faber|;)
|c|★LittleHistorian|oh oops
|c|★LittleHistorian|should have clicked shard
|c|★Professor Faber|o
|c|★LittleHistorian|see i suck too
|c|★LittleHistorian|LOL ITS ALL GOOD
|c| FerrousLupus|Also
|c| FerrousLupus|Cloyster was UU?
|choice|switch 5|
|
|switch|p1a: Nidoqueen|Nidoqueen, F|358\/358
|-damage|p1a: Nidoqueen|336\/358|[from] Stealth Rock
|turn|11
|c| FerrousLupus|Since when?
|choice|move icebeam|switch 2
|
|switch|p2a: Rotom|Rotom-Heat|241\/241
|move|p1a: Nidoqueen|Ice Beam|p2a: Rotom
|-resisted|p2a: Rotom
|-damage|p2a: Rotom|176\/241
|
|upkeep
|turn|12
|c|★LittleHistorian|i mean
|c| FerrousLupus|Wait memory fail, nvm.
|c|★LittleHistorian|wasnt it always
|c| FerrousLupus|Thought it was OU for a time.
|choice|move sludgewave|switch 4
|
|switch|p2a: Cloyster|Cloyster, M|241\/241
|move|p1a: Nidoqueen|Sludge Wave|p2a: Cloyster
|-enditem|p2a: Cloyster|Focus Sash
|-damage|p2a: Cloyster|1\/241
|
|upkeep
|turn|13
|c|★Professor Faber|rip
|choice|switch 3|move shellsmash
|
|switch|p1a: Suicune|Suicune|403\/403
|-damage|p1a: Suicune|353\/403|[from] Stealth Rock
|-ability|p1a: Suicune|Pressure
|move|p2a: Cloyster|Shell Smash|p2a: Cloyster
|-unboost|p2a: Cloyster|def|1
|-unboost|p2a: Cloyster|spd|1
|-boost|p2a: Cloyster|atk|2
|-boost|p2a: Cloyster|spa|2
|-boost|p2a: Cloyster|spe|2
|
|-heal|p1a: Suicune|378\/403|[from] item: Leftovers
|upkeep
|turn|14
|choice|move scald|move rockblast
|
|move|p2a: Cloyster|Rock Blast|p1a: Suicune
|-damage|p1a: Suicune|344\/403
|-damage|p1a: Suicune|307\/403
|-damage|p1a: Suicune|271\/403
|-damage|p1a: Suicune|235\/403
|-damage|p1a: Suicune|199\/403
|-hitcount|p1a: Suicune|5
|move|p1a: Suicune|Scald|p2a: Cloyster
|-resisted|p2a: Cloyster
|-damage|p2a: Cloyster|0 fnt
|faint|p2a: Cloyster
|
|-heal|p1a: Suicune|224\/403|[from] item: Leftovers
|upkeep
|c|★Professor Faber|!data suicune
|c|~|\/data-pokemon Suicune

|choice||switch 4
|
|switch|p2a: Rotom|Rotom-Heat|176\/241
|turn|15
|choice|switch 3|move voltswitch
|
|switch|p1a: Nidoqueen|Nidoqueen, F|336\/358
|-damage|p1a: Nidoqueen|314\/358|[from] Stealth Rock
|move|p2a: Rotom|Volt Switch|p1a: Nidoqueen
|-immune|p1a: Nidoqueen|[msg]
|
|upkeep
|turn|16
|choice|move sludgewave|switch 2
|
|switch|p2a: Hydreigon|Hydreigon, M|325\/325
|move|p1a: Nidoqueen|Sludge Wave|p2a: Hydreigon
|-damage|p2a: Hydreigon|72\/325
|
|upkeep
|turn|17
|c| FerrousLupus|Oh wow I just realized how much Levitate is on that team.
|c|★LittleHistorian|right?
|c|★LittleHistorian|its a good team tho
|c| FerrousLupus|It's alright.
|c|★LittleHistorian|i dont want queen to die
|c|★Professor Faber|combined w a bad player
|c|★Professor Faber|LOL
|c|★LittleHistorian|but that draco
|c|★LittleHistorian|XD nah
|c|★LittleHistorian|ur actually good tho
|c|★LittleHistorian|tbh
|c|★Professor Faber|fite me gen 4
|c|★LittleHistorian|LOL
|c|★LittleHistorian|NU
|choice|move sludgewave|move dracometeor
|
|move|p2a: Hydreigon|Draco Meteor|p1a: Nidoqueen|[miss]
|-miss|p2a: Hydreigon|p1a: Nidoqueen
|move|p1a: Nidoqueen|Sludge Wave|p2a: Hydreigon
|-damage|p2a: Hydreigon|0 fnt
|faint|p2a: Hydreigon
|
|upkeep
|c|★Professor Faber|o
|c|★LittleHistorian|aye
|c|★LittleHistorian|lol
|choice||switch 3
|
|switch|p2a: Flygon|Flygon, F|301\/301
|turn|18
|c|★LittleHistorian|LOL
|c|★Professor Faber|gg
|c|★Professor Faber|LOL
|choice|switch 6|move outrage
|
|switch|p1a: Honchkrow|Honchkrow, F|341\/341
|-damage|p1a: Honchkrow|256\/341|[from] Stealth Rock
|move|p2a: Flygon|Outrage|p1a: Honchkrow
|-damage|p1a: Honchkrow|0 fnt
|faint|p1a: Honchkrow
|
|upkeep
|c|★LittleHistorian|oh
|c|★LittleHistorian|OK
|choice|switch 2|
|
|switch|p1a: Arcanine|Arcanine, F|379\/379
|-damage|p1a: Arcanine|285\/379|[from] Stealth Rock
|-ability|p1a: Arcanine|Intimidate|boost
|-unboost|p2a: Flygon|atk|1
|turn|19
|c|★Professor Faber|o
|c| FerrousLupus|Inb4 getting rekt time\/
|c|★Professor Faber|;(
|c|★LittleHistorian|thought
|c|★LittleHistorian|like eq
|c|★LittleHistorian|was a thing
|choice|move willowisp|move outrage
|
|move|p2a: Flygon|Outrage|p1a: Arcanine|[from]lockedmove
|-damage|p1a: Arcanine|138\/379
|-start|p2a: Flygon|confusion|[fatigue]
|move|p1a: Arcanine|Will-O-Wisp|p2a: Flygon
|-status|p2a: Flygon|brn
|
|-heal|p1a: Arcanine|161\/379|[from] item: Leftovers
|-damage|p2a: Flygon|264\/301 brn|[from] brn
|upkeep
|turn|20
|c| FerrousLupus|It was at one point in tim.
|c| FerrousLupus|But not in Time.
|c|★LittleHistorian|i c
|choice|move morningsun|switch 2
|
|switch|p2a: Rotom|Rotom-Heat|176\/241
|move|p1a: Arcanine|Morning Sun|p1a: Arcanine
|-heal|p1a: Arcanine|350\/379
|
|-heal|p1a: Arcanine|373\/379|[from] item: Leftovers
|upkeep
|turn|21
|c| FerrousLupus|Don't ask why it was in Tim.
|c| FerrousLupus|He doesn't like to talk about it.
|c|★LittleHistorian|huh
|choice|move extremespeed|move voltswitch
|
|move|p1a: Arcanine|Extreme Speed|p2a: Rotom
|-damage|p2a: Rotom|105\/241
|move|p2a: Rotom|Volt Switch|p1a: Arcanine
|-damage|p1a: Arcanine|252\/379
|c|★LittleHistorian|?
|choice||switch 2
|
|switch|p2a: Flygon|Flygon, F|264\/301 brn
|
|-heal|p1a: Arcanine|275\/379|[from] item: Leftovers
|-damage|p2a: Flygon|227\/301 brn|[from] brn
|upkeep
|turn|22
|choice|move morningsun|move outrage
|
|move|p2a: Flygon|Outrage|p1a: Arcanine
|-damage|p1a: Arcanine|158\/379
|move|p1a: Arcanine|Morning Sun|p1a: Arcanine
|-heal|p1a: Arcanine|347\/379
|
|-heal|p1a: Arcanine|370\/379|[from] item: Leftovers
|-damage|p2a: Flygon|190\/301 brn|[from] brn
|upkeep
|turn|23
|c|★Professor Faber|LOL
|c|★Professor Faber|o
|c| FerrousLupus|...?
|c| FerrousLupus|Not EQ. Noted.
|choice|move extremespeed|move outrage
|
|move|p1a: Arcanine|Extreme Speed|p2a: Flygon
|-damage|p2a: Flygon|108\/301 brn
|move|p2a: Flygon|Outrage|p1a: Arcanine|[from]lockedmove
|-damage|p1a: Arcanine|251\/379
|-start|p2a: Flygon|confusion|[fatigue]
|
|-heal|p1a: Arcanine|274\/379|[from] item: Leftovers
|-damage|p2a: Flygon|71\/301 brn|[from] brn
|upkeep
|turn|24
|choice|move extremespeed|move outrage
|
|move|p1a: Arcanine|Extreme Speed|p2a: Flygon
|-damage|p2a: Flygon|0 fnt
|faint|p2a: Flygon
|
|-heal|p1a: Arcanine|297\/379|[from] item: Leftovers
|upkeep
|c|★Professor Faber|never eq
|choice||switch 2
|
|switch|p2a: Rotom|Rotom-Heat|105\/241
|turn|25
|choice|move extremespeed|move thunderbolt
|
|move|p1a: Arcanine|Extreme Speed|p2a: Rotom
|-damage|p2a: Rotom|34\/241
|move|p2a: Rotom|Thunderbolt|p1a: Arcanine
|-damage|p1a: Arcanine|140\/379
|
|-heal|p1a: Arcanine|163\/379|[from] item: Leftovers
|upkeep
|turn|26
|c|★Professor Faber|;((((
|choice|move extremespeed|move thunderbolt
|
|move|p1a: Arcanine|Extreme Speed|p2a: Rotom
|-damage|p2a: Rotom|0 fnt
|faint|p2a: Rotom
|
|win|LittleHistorian
|player|p1
|player|p2
|c|★LittleHistorian|:)))) GG
|c|★Professor Faber|time  2  fix team
|c|★LittleHistorian|yes yes
|c|★Professor Faber|tbh i wonder if my gen 5 ou team translates over to 7 LOL
|c|★Professor Faber|lets try it
|c| FerrousLupus|Fairies and UBs say no.
|l|FerrousLupus
|j|FerrousLupus
|l|FerrousLupus
|l|Professor Faber
|l|Marill-go-Round</script>
</div>
<div class="battle-log battle-log-inline"><div class="inner"><div class="battle-options"></div><div class="inner"><div class="chat"><small>LittleHistorian joined.</small></div><div class="chat"><small>Professor Faber joined.</small></div><div class=""><small>Format:</small> <br><strong>UU</strong></div><div class=""><small><em>Sleep Clause Mod:</em> Limit one foe put to sleep</small></div><div class=""><small><em>Species Clause:</em> Limit one of each Pokémon</small></div><div class=""><small><em>OHKO Clause:</em> OHKO moves are banned</small></div><div class=""><small><em>Moody Clause:</em> Moody is banned</small></div><div class=""><small><em>Evasion Moves Clause:</em> Evasion moves are banned</small></div><div class=""><small><em>Endless Battle Clause:</em> Forcing endless battles is banned</small></div><div class=""><small><em>HP Percentage Mod:</em> HP is shown in percentages</small></div><div class=""><small><em>Swagger Clause:</em> Swagger is banned</small></div><div class=""><small><em>Baton Pass Clause:</em> Limit one Baton Passer, can't pass Spe and other stats simultaneously</small></div><div class="chat battle-history"><strong>LittleHistorian's team:</strong> <em style="color:#445566;display:block;">Arcanine / Nidoqueen / Suicune / Sylveon / Donphan / Honchkrow</em></div><div class="chat battle-history"><strong>Professor Faber's team:</strong> <em style="color:#445566;display:block;">Cloyster / Rotom-Heat / Flygon / Shuckle / Blastoise / Hydreigon</em></div><div class="chat chatmessage-littlehistorian"><strong style="color:hsl(199,55%,43.20846362241708%)"><small>★</small><span class="username" data-name="LittleHistorian">LittleHistorian</span>:</strong> <em>ayeee</em></div><div class="chat chatmessage-professorfaber"><strong style="color:hsl(280,53%,49.03476510269713%)"><small>★</small><span class="username" data-name="Professor Faber">Professor Faber</span>:</strong> <em>pls have mercy</em></div><div class="chat chatmessage-professorfaber"><strong style="color:hsl(280,53%,49.03476510269713%)"><small>★</small><span class="username" data-name="Professor Faber">Professor Faber</span>:</strong> <em>i have 0 knowledge of this meta</em></div><div class="chat chatmessage-littlehistorian"><strong style="color:hsl(199,55%,43.20846362241708%)"><small>★</small><span class="username" data-name="LittleHistorian">LittleHistorian</span>:</strong> <em>lolol</em></div><div class="chat chatmessage-littlehistorian"><strong style="color:hsl(199,55%,43.20846362241708%)"><small>★</small><span class="username" data-name="LittleHistorian">LittleHistorian</span>:</strong> <em>its ok</em></div><div class="chat chatmessage-littlehistorian"><strong style="color:hsl(199,55%,43.20846362241708%)"><small>★</small><span class="username" data-name="LittleHistorian">LittleHistorian</span>:</strong> <em>i'm OK</em></div><div class="chat chatmessage-littlehistorian"><strong style="color:hsl(199,55%,43.20846362241708%)"><small>★</small><span class="username" data-name="LittleHistorian">LittleHistorian</span>:</strong> <em>as a battler</em></div><div class="chat chatmessage-littlehistorian"><strong style="color:hsl(199,55%,43.20846362241708%)"><small>★</small><span class="username" data-name="LittleHistorian">LittleHistorian</span>:</strong> <em>not even the best</em></div><div class="chat chatmessage-professorfaber"><strong style="color:hsl(280,53%,49.03476510269713%)"><small>★</small><span class="username" data-name="Professor Faber">Professor Faber</span>:</strong> <em>LO mb</em></div><div class="spacer battle-history"><br></div><div class="battle-history">Battle started between LittleHistorian and Professor Faber!<br></div><div class="spacer battle-history"><br></div><div class="battle-history">Go! <strong>Nidoqueen</strong>!<br></div><div class="spacer battle-history"><br></div><div class="battle-history">Professor Faber sent out <strong>Shuckle</strong>!<br></div><div class="spacer battle-history"><br></div><h2 class="battle-history">Turn 1</h2><div class="chat chatmessage-professorfaber"><strong style="color:hsl(280,53%,49.03476510269713%)"><small>★</small><span class="username" data-name="Professor Faber">Professor Faber</span>:</strong> <em>i dont think im even ranked anymore</em></div><div class="spacer battle-history"><br></div><div class="battle-history">Nidoqueen used <strong>Earth Power</strong>!<br></div><div class="battle-history"><small>(The opposing Shuckle lost <abbr title="−97/243">39.9%</abbr> of its health!)</small><br></div><div class="spacer battle-history"><br></div><div class="battle-history">The opposing Shuckle used <strong>Stealth Rock</strong>!<br></div><div class="battle-history"><small>Pointed stones float in the air around your team!</small><br></div><div class="spacer battle-history"><br></div><h2 class="battle-history">Turn 2</h2><div class="spacer battle-history"><br></div><div class="battle-history">Nidoqueen, come back!<br></div><div class="battle-history">Go! <strong>Donphan</strong>!<br></div><div class="battle-history"><small>Pointed stones dug into Donphan!</small><br></div><div class="spacer battle-history"><br></div><div class="battle-history">Professor Faber withdrew Shuckle!<br></div><div class="battle-history">Professor Faber sent out <strong>Hydreigon</strong>!<br></div><div class="spacer battle-history"><br></div><div class="battle-history"><small>Donphan restored a little HP using its Leftovers!</small><br></div><div class="spacer battle-history"><br></div><h2 class="battle-history">Turn 3</h2><div class="spacer battle-history"><br></div><div class="battle-history">The opposing Hydreigon used <strong>Draco Meteor</strong>!<br></div><div class="battle-history"><small>[Donphan's Sturdy]</small><br><small>Donphan endured the hit!</small><br></div><div class="battle-history"><small>(Donphan lost <abbr title="−383/384">99.7%</abbr> of its health!)</small><br></div><div class="battle-history"><small>The opposing Hydreigon's Special Attack fell harshly!</small><br></div><div class="spacer battle-history"><br></div><div class="battle-history">Donphan used <strong>Stealth Rock</strong>!<br></div><div class="battle-history"><small>Pointed stones float in the air around the opposing team!</small><br></div><div class="spacer battle-history"><br></div><div class="battle-history"><small>Donphan restored a little HP using its Leftovers!</small><br></div><div class="spacer battle-history"><br></div><h2 class="battle-history">Turn 4</h2><div class="spacer battle-history"><br></div><div class="battle-history">Professor Faber withdrew Hydreigon!<br></div><div class="battle-history">Professor Faber sent out <strong>Blastoise</strong>!<br></div><div class="battle-history"><small>Pointed stones dug into the opposing Blastoise!</small><br></div><div class="spacer battle-history"><br></div><div class="battle-history">Donphan used <strong>Ice Shard</strong>!<br></div><div class="battle-history"><small>It's not very effective...</small><br></div><div class="battle-history"><small>(The opposing Blastoise lost <abbr title="−23/362">6.4%</abbr> of its health!)</small><br></div><div class="spacer battle-history"><br></div><div class="battle-history"><small>Donphan restored a little HP using its Leftovers!</small><br></div><div class="spacer battle-history"><br></div><h2 class="battle-history">Turn 5</h2><div class="chat chatmessage-littlehistorian"><strong style="color:hsl(199,55%,43.20846362241708%)"><small>★</small><span class="username" data-name="LittleHistorian">LittleHistorian</span>:</strong> <em>btw</em></div><div class="chat chatmessage-littlehistorian"><strong style="color:hsl(199,55%,43.20846362241708%)"><small>★</small><span class="username" data-name="LittleHistorian">LittleHistorian</span>:</strong> <em>what were u doin before this?</em></div><div class="chat chatmessage-professorfaber"><strong style="color:hsl(280,53%,49.03476510269713%)"><small>★</small><span class="username" data-name="Professor Faber">Professor Faber</span>:</strong> <em>LOL i was just laying in bed</em></div><div class="chat chatmessage-littlehistorian"><strong style="color:hsl(199,55%,43.20846362241708%)"><small>★</small><span class="username" data-name="LittleHistorian">LittleHistorian</span>:</strong> <em>lol</em></div><div class="chat chatmessage-littlehistorian"><strong style="color:hsl(199,55%,43.20846362241708%)"><small>★</small><span class="username" data-name="LittleHistorian">LittleHistorian</span>:</strong> <em>ok same</em></div><div class="chat chatmessage-littlehistorian"><strong style="color:hsl(199,55%,43.20846362241708%)"><small>★</small><span class="username" data-name="LittleHistorian">LittleHistorian</span>:</strong> <em>i feel bad for not doing hw</em></div><div class="chat chatmessage-professorfaber"><strong style="color:hsl(280,53%,49.03476510269713%)"><small>★</small><span class="username" data-name="Professor Faber">Professor Faber</span>:</strong> <em>trying to bring down my fever</em></div><div class="chat chatmessage-professorfaber"><strong style="color:hsl(280,53%,49.03476510269713%)"><small>★</small><span class="username" data-name="Professor Faber">Professor Faber</span>:</strong> <em>tbh i need to start my essay</em></div><div class="chat chatmessage-professorfaber"><strong style="color:hsl(280,53%,49.03476510269713%)"><small>★</small><span class="username" data-name="Professor Faber">Professor Faber</span>:</strong> <em>soon</em></div><div class="chat chatmessage-professorfaber"><strong style="color:hsl(280,53%,49.03476510269713%)"><small>★</small><span class="username" data-name="Professor Faber">Professor Faber</span>:</strong> <em>LOL</em></div><div class="chat chatmessage-littlehistorian"><strong style="color:hsl(199,55%,43.20846362241708%)"><small>★</small><span class="username" data-name="LittleHistorian">LittleHistorian</span>:</strong> <em>LOL</em></div><div class="chat chatmessage-littlehistorian"><strong style="color:hsl(199,55%,43.20846362241708%)"><small>★</small><span class="username" data-name="LittleHistorian">LittleHistorian</span>:</strong> <em>i finished it fast</em></div><div class="chat chatmessage-professorfaber"><strong style="color:hsl(280,53%,49.03476510269713%)"><small>★</small><span class="username" data-name="Professor Faber">Professor Faber</span>:</strong> <em>lol mb</em></div><div class="spacer battle-history"><br></div><div class="battle-history">Donphan, come back!<br></div><div class="battle-history">Go! <strong>Sylveon</strong>!<br></div><div class="battle-history"><small>Pointed stones dug into Sylveon!</small><br></div><div class="spacer battle-history"><br></div><div class="battle-history"><small>The opposing Blastoise's Blastoisinite is reacting to Professor Faber's Mega Bracelet!</small><br>The opposing Blastoise has Mega Evolved into Mega Blastoise!<br></div><div class="spacer battle-history"><br></div><div class="battle-history">The opposing Blastoise used <strong>Rapid Spin</strong>!<br></div><div class="battle-history"><small>(Sylveon lost <abbr title="−21/393">5.3%</abbr> of its health!)</small><br></div><div class="battle-history"><small>The pointed stones disappeared from around the opposing team!</small><br></div><div class="spacer battle-history"><br></div><h2 class="battle-history">Turn 6</h2><div class="chat chatmessage-professorfaber"><strong style="color:hsl(280,53%,49.03476510269713%)"><small>★</small><span class="username" data-name="Professor Faber">Professor Faber</span>:</strong> <em>can you assist me lmao</em></div><div class="chat chatmessage-littlehistorian"><strong style="color:hsl(199,55%,43.20846362241708%)"><small>★</small><span class="username" data-name="LittleHistorian">LittleHistorian</span>:</strong> <em>ye</em></div><div class="chat chatmessage-professorfaber"><strong style="color:hsl(280,53%,49.03476510269713%)"><small>★</small><span class="username" data-name="Professor Faber">Professor Faber</span>:</strong> <em>!data fairy</em></div><div class="chat"><div class="message-error">No Pokémon, item, move, ability or nature named 'fairy' was found. (Check your spelling?)</div></div><div class="chat chatmessage-littlehistorian"><strong style="color:hsl(199,55%,43.20846362241708%)"><small>★</small><span class="username" data-name="LittleHistorian">LittleHistorian</span>:</strong> <em>oh yeah</em></div><div class="chat chatmessage-professorfaber"><strong style="color:hsl(280,53%,49.03476510269713%)"><small>★</small><span class="username" data-name="Professor Faber">Professor Faber</span>:</strong> <em>lmao</em></div><div class="chat chatmessage-littlehistorian"><strong style="color:hsl(199,55%,43.20846362241708%)"><small>★</small><span class="username" data-name="LittleHistorian">LittleHistorian</span>:</strong> <em>lol</em></div><div class="chat chatmessage-littlehistorian"><strong style="color:hsl(199,55%,43.20846362241708%)"><small>★</small><span class="username" data-name="LittleHistorian">LittleHistorian</span>:</strong> <em>LOL</em></div><div class="chat chatmessage-littlehistorian"><strong style="color:hsl(199,55%,43.20846362241708%)"><small>★</small><span class="username" data-name="LittleHistorian">LittleHistorian</span>:</strong> <em>noob ;)</em></div><div class="chat chatmessage-littlehistorian"><strong style="color:hsl(199,55%,43.20846362241708%)"><small>★</small><span class="username" data-name="LittleHistorian">LittleHistorian</span>:</strong> <em>also</em></div><div class="chat chatmessage-professorfaber"><strong style="color:hsl(280,53%,49.03476510269713%)"><small>★</small><span class="username" data-name="Professor Faber">Professor Faber</span>:</strong> <em>;(((</em></div><div class="chat chatmessage-littlehistorian"><strong style="color:hsl(199,55%,43.20846362241708%)"><small>★</small><span class="username" data-name="LittleHistorian">LittleHistorian</span>:</strong> <em>did u read it</em></div><div class="chat chatmessage-littlehistorian"><strong style="color:hsl(199,55%,43.20846362241708%)"><small>★</small><span class="username" data-name="LittleHistorian">LittleHistorian</span>:</strong> <em>yet</em></div><div class="chat chatmessage-professorfaber"><strong style="color:hsl(280,53%,49.03476510269713%)"><small>★</small><span class="username" data-name="Professor Faber">Professor Faber</span>:</strong> <em>huh</em></div><div class="chat chatmessage-professorfaber"><strong style="color:hsl(280,53%,49.03476510269713%)"><small>★</small><span class="username" data-name="Professor Faber">Professor Faber</span>:</strong> <em>not rlly</em></div><div class="chat chatmessage-professorfaber"><strong style="color:hsl(280,53%,49.03476510269713%)"><small>★</small><span class="username" data-name="Professor Faber">Professor Faber</span>:</strong> <em>lmfao</em></div><div class="chat chatmessage-littlehistorian"><strong style="color:hsl(199,55%,43.20846362241708%)"><small>★</small><span class="username" data-name="LittleHistorian">LittleHistorian</span>:</strong> <em>lol</em></div><div class="chat chatmessage-littlehistorian"><strong style="color:hsl(199,55%,43.20846362241708%)"><small>★</small><span class="username" data-name="LittleHistorian">LittleHistorian</span>:</strong> <em>its ok spark notes i guess</em></div><div class="chat"><small>Marill-go-Round joined.</small></div><div class="chat chatmessage-marillgoround"><strong style="color:hsl(299,80%,42%)"><small> </small><span class="username" data-name="Marill-go-Round">Marill-go-Round</span>:</strong> <em>LittleHistorian</em></div><div class="chat chatmessage-littlehistorian"><strong style="color:hsl(199,55%,43.20846362241708%)"><small>★</small><span class="username" data-name="LittleHistorian">LittleHistorian</span>:</strong> <em>OH NO</em></div><div class="chat chatmessage-marillgoround"><strong style="color:hsl(299,80%,42%)"><small> </small><span class="username" data-name="Marill-go-Round">Marill-go-Round</span>:</strong> <em>u suck</em></div><div class="chat chatmessage-marillgoround"><strong style="color:hsl(299,80%,42%)"><small> </small><span class="username" data-name="Marill-go-Round">Marill-go-Round</span>:</strong> <em>OH YES</em></div><div class="chat chatmessage-littlehistorian"><strong style="color:hsl(199,55%,43.20846362241708%)"><small>★</small><span class="username" data-name="LittleHistorian">LittleHistorian</span>:</strong> <em>lol</em></div><div class="chat chatmessage-marillgoround"><strong style="color:hsl(299,80%,42%)"><small> </small><span class="username" data-name="Marill-go-Round">Marill-go-Round</span>:</strong> <em>Boo</em></div><div class="chat"><small>FerrousLupus joined.</small></div><div class="chat chatmessage-marillgoround"><strong style="color:hsl(299,80%,42%)"><small> </small><span class="username" data-name="Marill-go-Round">Marill-go-Round</span>:</strong> <em>Kick her ass</em></div><div class="chat chatmessage-littlehistorian"><strong style="color:hsl(199,55%,43.20846362241708%)"><small>★</small><span class="username" data-name="LittleHistorian">LittleHistorian</span>:</strong> <em>hi this is uh...</em></div><div class="chat chatmessage-ferrouslupus"><strong style="color:hsl(239,85%,63.911186712817596%)"><small> </small><span class="username" data-name="FerrousLupus">FerrousLupus</span>:</strong> <em>OvO</em></div><div class="chat chatmessage-professorfaber"><strong style="color:hsl(280,53%,49.03476510269713%)"><small>★</small><span class="username" data-name="Professor Faber">Professor Faber</span>:</strong> <em>lol wtf</em></div><div class="chat chatmessage-littlehistorian"><strong style="color:hsl(199,55%,43.20846362241708%)"><small>★</small><span class="username" data-name="LittleHistorian">LittleHistorian</span>:</strong> <em>LOL</em></div><div class="chat chatmessage-marillgoround"><strong style="color:hsl(299,80%,42%)"><small> </small><span class="username" data-name="Marill-go-Round">Marill-go-Round</span>:</strong> <em>I'm me I:</em></div><div class="spacer battle-history"><br></div><div class="battle-history">The opposing Blastoise used <strong>Scald</strong>!<br></div><div class="battle-history"><small>(Sylveon lost <abbr title="−123/393">31.3%</abbr> of its health!)</small><br></div><div class="spacer battle-history"><br></div><div class="battle-history">Sylveon used <strong>Hyper Voice</strong>!<br></div><div class="battle-history"><small>(The opposing Blastoise lost <abbr title="−256/362">70.7%</abbr> of its health!)</small><br></div><div class="spacer battle-history"><br></div><h2 class="battle-history">Turn 7</h2><div class="spacer battle-history"><br></div><div class="battle-history">The opposing Blastoise used <strong>Scald</strong>!<br></div><div class="battle-history"><small>(Sylveon lost <abbr title="−132/393">33.6%</abbr> of its health!)</small><br></div><div class="spacer battle-history"><br></div><div class="battle-history">Sylveon used <strong>Hyper Voice</strong>!<br></div><div class="battle-history"><small>(The opposing Blastoise lost <abbr title="−38/362">10.5%</abbr> of its health!)</small><br></div><div class="spacer battle-history"><br></div><div class="battle-history">The opposing Blastoise fainted!<br></div><div class="chat chatmessage-professorfaber"><strong style="color:hsl(280,53%,49.03476510269713%)"><small>★</small><span class="username" data-name="Professor Faber">Professor Faber</span>:</strong> <em>there's like 0% chance of me winning guys srry</em></div><div class="chat chatmessage-marillgoround"><strong style="color:hsl(299,80%,42%)"><small> </small><span class="username" data-name="Marill-go-Round">Marill-go-Round</span>:</strong> <em>Damn</em></div><div class="chat chatmessage-littlehistorian"><strong style="color:hsl(199,55%,43.20846362241708%)"><small>★</small><span class="username" data-name="LittleHistorian">LittleHistorian</span>:</strong> <em>actually</em></div><div class="chat chatmessage-littlehistorian"><strong style="color:hsl(199,55%,43.20846362241708%)"><small>★</small><span class="username" data-name="LittleHistorian">LittleHistorian</span>:</strong> <em>tho</em></div><div class="chat chatmessage-littlehistorian"><strong style="color:hsl(199,55%,43.20846362241708%)"><small>★</small><span class="username" data-name="LittleHistorian">LittleHistorian</span>:</strong> <em>no</em></div><div class="chat chatmessage-ferrouslupus"><strong style="color:hsl(239,85%,63.911186712817596%)"><small> </small><span class="username" data-name="FerrousLupus">FerrousLupus</span>:</strong> <em>Wait Faber?</em></div><div class="chat chatmessage-littlehistorian"><strong style="color:hsl(199,55%,43.20846362241708%)"><small>★</small><span class="username" data-name="LittleHistorian">LittleHistorian</span>:</strong> <em>uh</em></div><div class="chat chatmessage-ferrouslupus"><strong style="color:hsl(239,85%,63.911186712817596%)"><small> </small><span class="username" data-name="FerrousLupus">FerrousLupus</span>:</strong> <em>Hm.</em></div><div class="chat chatmessage-littlehistorian"><strong style="color:hsl(199,55%,43.20846362241708%)"><small>★</small><span class="username" data-name="LittleHistorian">LittleHistorian</span>:</strong> <em>u know this kid?</em></div><div class="spacer battle-history"><br></div><div class="battle-history">Professor Faber sent out <strong>Shuckle</strong>!<br></div><div class="spacer battle-history"><br></div><h2 class="battle-history">Turn 8</h2><div class="chat chatmessage-ferrouslupus"><strong style="color:hsl(239,85%,63.911186712817596%)"><small> </small><span class="username" data-name="FerrousLupus">FerrousLupus</span>:</strong> <em>No, just the name.</em></div><div class="chat chatmessage-ferrouslupus"><strong style="color:hsl(239,85%,63.911186712817596%)"><small> </small><span class="username" data-name="FerrousLupus">FerrousLupus</span>:</strong> <em>Fahrenheit 451 reference?</em></div><div class="chat chatmessage-professorfaber"><strong style="color:hsl(280,53%,49.03476510269713%)"><small>★</small><span class="username" data-name="Professor Faber">Professor Faber</span>:</strong> <em>yeet</em></div><div class="spacer battle-history"><br></div><div class="battle-history">Sylveon used <strong>Hyper Voice</strong>!<br></div><div class="battle-history"><small>(The opposing Shuckle lost <abbr title="−146/243">60.1%</abbr> of its health!)</small><br></div><div class="spacer battle-history"><br></div><div class="battle-history">The opposing Shuckle fainted!<br></div><div class="chat chatmessage-ferrouslupus"><strong style="color:hsl(239,85%,63.911186712817596%)"><small> </small><span class="username" data-name="FerrousLupus">FerrousLupus</span>:</strong> <em>Ma boi.</em></div><div class="chat chatmessage-professorfaber"><strong style="color:hsl(280,53%,49.03476510269713%)"><small>★</small><span class="username" data-name="Professor Faber">Professor Faber</span>:</strong> <em>rip</em></div><div class="chat chatmessage-professorfaber"><strong style="color:hsl(280,53%,49.03476510269713%)"><small>★</small><span class="username" data-name="Professor Faber">Professor Faber</span>:</strong> <em>pls assist</em></div><div class="chat chatmessage-littlehistorian"><strong style="color:hsl(199,55%,43.20846362241708%)"><small>★</small><span class="username" data-name="LittleHistorian">LittleHistorian</span>:</strong> <em>LOL</em></div><div class="chat chatmessage-professorfaber"><strong style="color:hsl(280,53%,49.03476510269713%)"><small>★</small><span class="username" data-name="Professor Faber">Professor Faber</span>:</strong> <em>0-6 incoming</em></div><div class="chat chatmessage-marillgoround"><strong style="color:hsl(299,80%,42%)"><small> </small><span class="username" data-name="Marill-go-Round">Marill-go-Round</span>:</strong> <em>Boo</em></div><div class="chat chatmessage-marillgoround"><strong style="color:hsl(299,80%,42%)"><small> </small><span class="username" data-name="Marill-go-Round">Marill-go-Round</span>:</strong> <em>Lame</em></div><div class="chat chatmessage-littlehistorian"><strong style="color:hsl(199,55%,43.20846362241708%)"><small>★</small><span class="username" data-name="LittleHistorian">LittleHistorian</span>:</strong> <em>actually marill u can like go</em></div><div class="chat chatmessage-marillgoround"><strong style="color:hsl(299,80%,42%)"><small> </small><span class="username" data-name="Marill-go-Round">Marill-go-Round</span>:</strong> <em>You're getting beaten by the most</em></div><div class="spacer battle-history"><br></div><div class="battle-history">Professor Faber sent out <strong>Hydreigon</strong>!<br></div><div class="spacer battle-history"><br></div><h2 class="battle-history">Turn 9</h2><div class="chat chatmessage-marillgoround"><strong style="color:hsl(299,80%,42%)"><small> </small><span class="username" data-name="Marill-go-Round">Marill-go-Round</span>:</strong> <em>Scrubest</em></div><div class="chat chatmessage-littlehistorian"><strong style="color:hsl(199,55%,43.20846362241708%)"><small>★</small><span class="username" data-name="LittleHistorian">LittleHistorian</span>:</strong> <em>lol</em></div><div class="chat chatmessage-littlehistorian"><strong style="color:hsl(199,55%,43.20846362241708%)"><small>★</small><span class="username" data-name="LittleHistorian">LittleHistorian</span>:</strong> <em>XD</em></div><div class="chat chatmessage-marillgoround"><strong style="color:hsl(299,80%,42%)"><small> </small><span class="username" data-name="Marill-go-Round">Marill-go-Round</span>:</strong> <em>LittleHistorian ur just so fucking scrubby</em></div><div class="chat chatmessage-ferrouslupus"><strong style="color:hsl(239,85%,63.911186712817596%)"><small> </small><span class="username" data-name="FerrousLupus">FerrousLupus</span>:</strong> <em>Probably get rid of Shuckle, also Rotom-Heat not that great.</em></div><div class="spacer battle-history"><br></div><div class="battle-history">The opposing Hydreigon used <strong>Superpower</strong>!<br></div><div class="battle-history"><small>It's not very effective...</small><br></div><div class="battle-history"><small>(Sylveon lost <abbr title="−68/393">17.3%</abbr> of its health!)</small><br></div><div class="battle-history"><small>The opposing Hydreigon's Attack fell!</small><br></div><div class="battle-history"><small>The opposing Hydreigon's Defense fell!</small><br></div><div class="spacer battle-history"><br></div><div class="battle-history">Sylveon fainted!<br></div><div class="chat chatmessage-littlehistorian"><strong style="color:hsl(199,55%,43.20846362241708%)"><small>★</small><span class="username" data-name="LittleHistorian">LittleHistorian</span>:</strong> <em>lmao</em></div><div class="chat chatmessage-marillgoround"><strong style="color:hsl(299,80%,42%)"><small> </small><span class="username" data-name="Marill-go-Round">Marill-go-Round</span>:</strong> <em>So scrubby I could wash my dishes with you</em></div><div class="spacer battle-history"><br></div><div class="battle-history">Go! <strong>Donphan</strong>!<br></div><div class="battle-history"><small>Pointed stones dug into Donphan!</small><br></div><div class="spacer battle-history"><br></div><h2 class="battle-history">Turn 10</h2><div class="spacer battle-history"><br></div><div class="battle-history">The opposing Hydreigon used <strong>Superpower</strong>!<br></div><div class="battle-history"><small>(Donphan lost <abbr title="−25/384">6.5%</abbr> of its health!)</small><br></div><div class="battle-history"><small>The opposing Hydreigon's Attack fell!</small><br></div><div class="battle-history"><small>The opposing Hydreigon's Defense fell!</small><br></div><div class="spacer battle-history"><br></div><div class="battle-history">Donphan fainted!<br></div><div class="chat chatmessage-professorfaber"><strong style="color:hsl(280,53%,49.03476510269713%)"><small>★</small><span class="username" data-name="Professor Faber">Professor Faber</span>:</strong> <em>;)</em></div><div class="chat chatmessage-littlehistorian"><strong style="color:hsl(199,55%,43.20846362241708%)"><small>★</small><span class="username" data-name="LittleHistorian">LittleHistorian</span>:</strong> <em>oh oops</em></div><div class="chat chatmessage-littlehistorian"><strong style="color:hsl(199,55%,43.20846362241708%)"><small>★</small><span class="username" data-name="LittleHistorian">LittleHistorian</span>:</strong> <em>should have clicked shard</em></div><div class="chat chatmessage-professorfaber"><strong style="color:hsl(280,53%,49.03476510269713%)"><small>★</small><span class="username" data-name="Professor Faber">Professor Faber</span>:</strong> <em>o</em></div><div class="chat chatmessage-littlehistorian"><strong style="color:hsl(199,55%,43.20846362241708%)"><small>★</small><span class="username" data-name="LittleHistorian">LittleHistorian</span>:</strong> <em>see i suck too</em></div><div class="chat chatmessage-littlehistorian"><strong style="color:hsl(199,55%,43.20846362241708%)"><small>★</small><span class="username" data-name="LittleHistorian">LittleHistorian</span>:</strong> <em>LOL ITS ALL GOOD</em></div><div class="chat chatmessage-ferrouslupus"><strong style="color:hsl(239,85%,63.911186712817596%)"><small> </small><span class="username" data-name="FerrousLupus">FerrousLupus</span>:</strong> <em>Also</em></div><div class="chat chatmessage-ferrouslupus"><strong style="color:hsl(239,85%,63.911186712817596%)"><small> </small><span class="username" data-name="FerrousLupus">FerrousLupus</span>:</strong> <em>Cloyster was UU?</em></div><div class="spacer battle-history"><br></div><div class="battle-history">Go! <strong>Nidoqueen</strong>!<br></div><div class="battle-history"><small>Pointed stones dug into Nidoqueen!</small><br></div><div class="spacer battle-history"><br></div><h2 class="battle-history">Turn 11</h2><div class="chat chatmessage-ferrouslupus"><strong style="color:hsl(239,85%,63.911186712817596%)"><small> </small><span class="username" data-name="FerrousLupus">FerrousLupus</span>:</strong> <em>Since when?</em></div><div class="spacer battle-history"><br></div><div class="battle-history">Professor Faber withdrew Hydreigon!<br></div><div class="battle-history">Professor Faber sent out Rotom (<strong>Rotom-Heat</strong>)!<br></div><div class="spacer battle-history"><br></div><div class="battle-history">Nidoqueen used <strong>Ice Beam</strong>!<br></div><div class="battle-history"><small>It's not very effective...</small><br></div><div class="battle-history"><small>(The opposing Rotom lost <abbr title="−65/241">27.0%</abbr> of its health!)</small><br></div><div class="spacer battle-history"><br></div><h2 class="battle-history">Turn 12</h2><div class="chat chatmessage-littlehistorian"><strong style="color:hsl(199,55%,43.20846362241708%)"><small>★</small><span class="username" data-name="LittleHistorian">LittleHistorian</span>:</strong> <em>i mean</em></div><div class="chat chatmessage-ferrouslupus"><strong style="color:hsl(239,85%,63.911186712817596%)"><small> </small><span class="username" data-name="FerrousLupus">FerrousLupus</span>:</strong> <em>Wait memory fail, nvm.</em></div><div class="chat chatmessage-littlehistorian"><strong style="color:hsl(199,55%,43.20846362241708%)"><small>★</small><span class="username" data-name="LittleHistorian">LittleHistorian</span>:</strong> <em>wasnt it always</em></div><div class="chat chatmessage-ferrouslupus"><strong style="color:hsl(239,85%,63.911186712817596%)"><small> </small><span class="username" data-name="FerrousLupus">FerrousLupus</span>:</strong> <em>Thought it was OU for a time.</em></div><div class="spacer battle-history"><br></div><div class="battle-history">Professor Faber withdrew Rotom!<br></div><div class="battle-history">Professor Faber sent out <strong>Cloyster</strong>!<br></div><div class="spacer battle-history"><br></div><div class="battle-history">Nidoqueen used <strong>Sludge Wave</strong>!<br></div><div class="battle-history"><small>The opposing Cloyster hung on using its Focus Sash!</small><br></div><div class="battle-history"><small>(The opposing Cloyster lost <abbr title="−240/241">99.6%</abbr> of its health!)</small><br></div><div class="spacer battle-history"><br></div><h2 class="battle-history">Turn 13</h2><div class="chat chatmessage-professorfaber"><strong style="color:hsl(280,53%,49.03476510269713%)"><small>★</small><span class="username" data-name="Professor Faber">Professor Faber</span>:</strong> <em>rip</em></div><div class="spacer battle-history"><br></div><div class="battle-history">Nidoqueen, come back!<br></div><div class="battle-history">Go! <strong>Suicune</strong>!<br></div><div class="battle-history"><small>Pointed stones dug into Suicune!</small><br></div><div class="battle-history"><small>[Suicune's Pressure]</small><br><small>Suicune is exerting its pressure!</small><br></div><div class="spacer battle-history"><br></div><div class="battle-history">The opposing Cloyster used <strong>Shell Smash</strong>!<br></div><div class="battle-history"><small>The opposing Cloyster's Defense fell!</small><br></div><div class="battle-history"><small>The opposing Cloyster's Special Defense fell!</small><br></div><div class="battle-history"><small>The opposing Cloyster's Attack rose sharply!</small><br></div><div class="battle-history"><small>The opposing Cloyster's Special Attack rose sharply!</small><br></div><div class="battle-history"><small>The opposing Cloyster's Speed rose sharply!</small><br></div><div class="spacer battle-history"><br></div><div class="battle-history"><small>Suicune restored a little HP using its Leftovers!</small><br></div><div class="spacer battle-history"><br></div><h2 class="battle-history">Turn 14</h2><div class="spacer battle-history"><br></div><div class="battle-history">The opposing Cloyster used <strong>Rock Blast</strong>!<br></div><div class="battle-history"><small>(Suicune lost <abbr title="−34/403">8.4%</abbr> of its health!)</small><br></div><div class="battle-history"><small>(Suicune lost <abbr title="−37/403">9.2%</abbr> of its health!)</small><br></div><div class="battle-history"><small>(Suicune lost <abbr title="−36/403">8.9%</abbr> of its health!)</small><br></div><div class="battle-history"><small>(Suicune lost <abbr title="−36/403">8.9%</abbr> of its health!)</small><br></div><div class="battle-history"><small>(Suicune lost <abbr title="−36/403">8.9%</abbr> of its health!)</small><br></div><div class="battle-history"><small>Hit 5 times!</small><br></div><div class="spacer battle-history"><br></div><div class="battle-history">Suicune used <strong>Scald</strong>!<br></div><div class="battle-history"><small>It's not very effective...</small><br></div><div class="battle-history"><small>(The opposing Cloyster lost <abbr title="−1/241">0.4%</abbr> of its health!)</small><br></div><div class="spacer battle-history"><br></div><div class="battle-history">The opposing Cloyster fainted!<br></div><div class="spacer battle-history"><br></div><div class="battle-history"><small>Suicune restored a little HP using its Leftovers!</small><br></div><div class="chat chatmessage-professorfaber"><strong style="color:hsl(280,53%,49.03476510269713%)"><small>★</small><span class="username" data-name="Professor Faber">Professor Faber</span>:</strong> <em>!data suicune</em></div><div class="chat message-error">[outdated code no longer supported]</div><div class="spacer battle-history"><br></div><div class="battle-history">Professor Faber sent out Rotom (<strong>Rotom-Heat</strong>)!<br></div><div class="spacer battle-history"><br></div><h2 class="battle-history">Turn 15</h2><div class="spacer battle-history"><br></div><div class="battle-history">Suicune, come back!<br></div><div class="battle-history">Go! <strong>Nidoqueen</strong>!<br></div><div class="battle-history"><small>Pointed stones dug into Nidoqueen!</small><br></div><div class="spacer battle-history"><br></div><div class="battle-history">The opposing Rotom used <strong>Volt Switch</strong>!<br></div><div class="battle-history"><small>It doesn't affect Nidoqueen...</small><br></div><div class="spacer battle-history"><br></div><h2 class="battle-history">Turn 16</h2><div class="spacer battle-history"><br></div><div class="battle-history">The opposing Rotom went back to Professor Faber!<br></div><div class="battle-history">Professor Faber sent out <strong>Hydreigon</strong>!<br></div><div class="spacer battle-history"><br></div><div class="battle-history">Nidoqueen used <strong>Sludge Wave</strong>!<br></div><div class="battle-history"><small>(The opposing Hydreigon lost <abbr title="−253/325">77.8%</abbr> of its health!)</small><br></div><div class="spacer battle-history"><br></div><h2 class="battle-history">Turn 17</h2><div class="chat chatmessage-ferrouslupus"><strong style="color:hsl(239,85%,63.911186712817596%)"><small> </small><span class="username" data-name="FerrousLupus">FerrousLupus</span>:</strong> <em>Oh wow I just realized how much Levitate is on that team.</em></div><div class="chat chatmessage-littlehistorian"><strong style="color:hsl(199,55%,43.20846362241708%)"><small>★</small><span class="username" data-name="LittleHistorian">LittleHistorian</span>:</strong> <em>right?</em></div><div class="chat chatmessage-littlehistorian"><strong style="color:hsl(199,55%,43.20846362241708%)"><small>★</small><span class="username" data-name="LittleHistorian">LittleHistorian</span>:</strong> <em>its a good team tho</em></div><div class="chat chatmessage-ferrouslupus"><strong style="color:hsl(239,85%,63.911186712817596%)"><small> </small><span class="username" data-name="FerrousLupus">FerrousLupus</span>:</strong> <em>It's alright.</em></div><div class="chat chatmessage-littlehistorian"><strong style="color:hsl(199,55%,43.20846362241708%)"><small>★</small><span class="username" data-name="LittleHistorian">LittleHistorian</span>:</strong> <em>i dont want queen to die</em></div><div class="chat chatmessage-professorfaber"><strong style="color:hsl(280,53%,49.03476510269713%)"><small>★</small><span class="username" data-name="Professor Faber">Professor Faber</span>:</strong> <em>combined w a bad player</em></div><div class="chat chatmessage-professorfaber"><strong style="color:hsl(280,53%,49.03476510269713%)"><small>★</small><span class="username" data-name="Professor Faber">Professor Faber</span>:</strong> <em>LOL</em></div><div class="chat chatmessage-littlehistorian"><strong style="color:hsl(199,55%,43.20846362241708%)"><small>★</small><span class="username" data-name="LittleHistorian">LittleHistorian</span>:</strong> <em>but that draco</em></div><div class="chat chatmessage-littlehistorian"><strong style="color:hsl(199,55%,43.20846362241708%)"><small>★</small><span class="username" data-name="LittleHistorian">LittleHistorian</span>:</strong> <em>XD nah</em></div><div class="chat chatmessage-littlehistorian"><strong style="color:hsl(199,55%,43.20846362241708%)"><small>★</small><span class="username" data-name="LittleHistorian">LittleHistorian</span>:</strong> <em>ur actually good tho</em></div><div class="chat chatmessage-littlehistorian"><strong style="color:hsl(199,55%,43.20846362241708%)"><small>★</small><span class="username" data-name="LittleHistorian">LittleHistorian</span>:</strong> <em>tbh</em></div><div class="chat chatmessage-professorfaber"><strong style="color:hsl(280,53%,49.03476510269713%)"><small>★</small><span class="username" data-name="Professor Faber">Professor Faber</span>:</strong> <em>fite me gen 4</em></div><div class="chat chatmessage-littlehistorian"><strong style="color:hsl(199,55%,43.20846362241708%)"><small>★</small><span class="username" data-name="LittleHistorian">LittleHistorian</span>:</strong> <em>LOL</em></div><div class="chat chatmessage-littlehistorian"><strong style="color:hsl(199,55%,43.20846362241708%)"><small>★</small><span class="username" data-name="LittleHistorian">LittleHistorian</span>:</strong> <em>NU</em></div><div class="spacer battle-history"><br></div><div class="battle-history">The opposing Hydreigon used <strong>Draco Meteor</strong>!<br></div><div class="battle-history"><small>Nidoqueen avoided the attack!</small><br></div><div class="spacer battle-history"><br></div><div class="battle-history">Nidoqueen used <strong>Sludge Wave</strong>!<br></div><div class="battle-history"><small>(The opposing Hydreigon lost <abbr title="−72/325">22.2%</abbr> of its health!)</small><br></div><div class="spacer battle-history"><br></div><div class="battle-history">The opposing Hydreigon fainted!<br></div><div class="chat chatmessage-professorfaber"><strong style="color:hsl(280,53%,49.03476510269713%)"><small>★</small><span class="username" data-name="Professor Faber">Professor Faber</span>:</strong> <em>o</em></div><div class="chat chatmessage-littlehistorian"><strong style="color:hsl(199,55%,43.20846362241708%)"><small>★</small><span class="username" data-name="LittleHistorian">LittleHistorian</span>:</strong> <em>aye</em></div><div class="chat chatmessage-littlehistorian"><strong style="color:hsl(199,55%,43.20846362241708%)"><small>★</small><span class="username" data-name="LittleHistorian">LittleHistorian</span>:</strong> <em>lol</em></div><div class="spacer battle-history"><br></div><div class="battle-history">Professor Faber sent out <strong>Flygon</strong>!<br></div><div class="spacer battle-history"><br></div><h2 class="battle-history">Turn 18</h2><div class="chat chatmessage-littlehistorian"><strong style="color:hsl(199,55%,43.20846362241708%)"><small>★</small><span class="username" data-name="LittleHistorian">LittleHistorian</span>:</strong> <em>LOL</em></div><div class="chat chatmessage-professorfaber"><strong style="color:hsl(280,53%,49.03476510269713%)"><small>★</small><span class="username" data-name="Professor Faber">Professor Faber</span>:</strong> <em>gg</em></div><div class="chat chatmessage-professorfaber"><strong style="color:hsl(280,53%,49.03476510269713%)"><small>★</small><span class="username" data-name="Professor Faber">Professor Faber</span>:</strong> <em>LOL</em></div><div class="spacer battle-history"><br></div><div class="battle-history">Nidoqueen, come back!<br></div><div class="battle-history">Go! <strong>Honchkrow</strong>!<br></div><div class="battle-history"><small>Pointed stones dug into Honchkrow!</small><br></div><div class="spacer battle-history"><br></div><div class="battle-history">The opposing Flygon used <strong>Outrage</strong>!<br></div><div class="battle-history"><small>(Honchkrow lost <abbr title="−256/341">75.1%</abbr> of its health!)</small><br></div><div class="spacer battle-history"><br></div><div class="battle-history">Honchkrow fainted!<br></div><div class="chat chatmessage-littlehistorian"><strong style="color:hsl(199,55%,43.20846362241708%)"><small>★</small><span class="username" data-name="LittleHistorian">LittleHistorian</span>:</strong> <em>oh</em></div><div class="chat chatmessage-littlehistorian"><strong style="color:hsl(199,55%,43.20846362241708%)"><small>★</small><span class="username" data-name="LittleHistorian">LittleHistorian</span>:</strong> <em>OK</em></div><div class="spacer battle-history"><br></div><div class="battle-history">Go! <strong>Arcanine</strong>!<br></div><div class="battle-history"><small>Pointed stones dug into Arcanine!</small><br></div><div class="battle-history"><small>[Arcanine's Intimidate]</small><br></div><div class="battle-history"><small>The opposing Flygon's Attack fell!</small><br></div><div class="spacer battle-history"><br></div><h2 class="battle-history">Turn 19</h2><div class="chat chatmessage-professorfaber"><strong style="color:hsl(280,53%,49.03476510269713%)"><small>★</small><span class="username" data-name="Professor Faber">Professor Faber</span>:</strong> <em>o</em></div><div class="chat chatmessage-ferrouslupus"><strong style="color:hsl(239,85%,63.911186712817596%)"><small> </small><span class="username" data-name="FerrousLupus">FerrousLupus</span>:</strong> <em>Inb4 getting rekt time/</em></div><div class="chat chatmessage-professorfaber"><strong style="color:hsl(280,53%,49.03476510269713%)"><small>★</small><span class="username" data-name="Professor Faber">Professor Faber</span>:</strong> <em>;(</em></div><div class="chat chatmessage-littlehistorian"><strong style="color:hsl(199,55%,43.20846362241708%)"><small>★</small><span class="username" data-name="LittleHistorian">LittleHistorian</span>:</strong> <em>thought</em></div><div class="chat chatmessage-littlehistorian"><strong style="color:hsl(199,55%,43.20846362241708%)"><small>★</small><span class="username" data-name="LittleHistorian">LittleHistorian</span>:</strong> <em>like eq</em></div><div class="chat chatmessage-littlehistorian"><strong style="color:hsl(199,55%,43.20846362241708%)"><small>★</small><span class="username" data-name="LittleHistorian">LittleHistorian</span>:</strong> <em>was a thing</em></div><div class="spacer battle-history"><br></div><div class="battle-history">The opposing Flygon used <strong>Outrage</strong>!<br></div><div class="battle-history"><small>(Arcanine lost <abbr title="−147/379">38.8%</abbr> of its health!)</small><br></div><div class="battle-history"><small>The opposing Flygon became confused due to fatigue!</small><br></div><div class="spacer battle-history"><br></div><div class="battle-history">Arcanine used <strong>Will-O-Wisp</strong>!<br></div><div class="battle-history"><small>The opposing Flygon was burned!</small><br></div><div class="spacer battle-history"><br></div><div class="battle-history"><small>Arcanine restored a little HP using its Leftovers!</small><br></div><div class="battle-history"><small>The opposing Flygon was hurt by its burn!</small><br></div><div class="spacer battle-history"><br></div><h2 class="battle-history">Turn 20</h2><div class="chat chatmessage-ferrouslupus"><strong style="color:hsl(239,85%,63.911186712817596%)"><small> </small><span class="username" data-name="FerrousLupus">FerrousLupus</span>:</strong> <em>It was at one point in tim.</em></div><div class="chat chatmessage-ferrouslupus"><strong style="color:hsl(239,85%,63.911186712817596%)"><small> </small><span class="username" data-name="FerrousLupus">FerrousLupus</span>:</strong> <em>But not in Time.</em></div><div class="chat chatmessage-littlehistorian"><strong style="color:hsl(199,55%,43.20846362241708%)"><small>★</small><span class="username" data-name="LittleHistorian">LittleHistorian</span>:</strong> <em>i c</em></div><div class="spacer battle-history"><br></div><div class="battle-history">Professor Faber withdrew Flygon!<br></div><div class="battle-history">Professor Faber sent out Rotom (<strong>Rotom-Heat</strong>)!<br></div><div class="spacer battle-history"><br></div><div class="battle-history">Arcanine used <strong>Morning Sun</strong>!<br></div><div class="battle-history"><small>Arcanine restored its HP.</small><br></div><div class="spacer battle-history"><br></div><div class="battle-history"><small>Arcanine restored a little HP using its Leftovers!</small><br></div><div class="spacer battle-history"><br></div><h2 class="battle-history">Turn 21</h2><div class="chat chatmessage-ferrouslupus"><strong style="color:hsl(239,85%,63.911186712817596%)"><small> </small><span class="username" data-name="FerrousLupus">FerrousLupus</span>:</strong> <em>Don't ask why it was in Tim.</em></div><div class="chat chatmessage-ferrouslupus"><strong style="color:hsl(239,85%,63.911186712817596%)"><small> </small><span class="username" data-name="FerrousLupus">FerrousLupus</span>:</strong> <em>He doesn't like to talk about it.</em></div><div class="chat chatmessage-littlehistorian"><strong style="color:hsl(199,55%,43.20846362241708%)"><small>★</small><span class="username" data-name="LittleHistorian">LittleHistorian</span>:</strong> <em>huh</em></div><div class="spacer battle-history"><br></div><div class="battle-history">Arcanine used <strong>Extreme Speed</strong>!<br></div><div class="battle-history"><small>(The opposing Rotom lost <abbr title="−71/241">29.5%</abbr> of its health!)</small><br></div><div class="spacer battle-history"><br></div><div class="battle-history">The opposing Rotom used <strong>Volt Switch</strong>!<br></div><div class="battle-history"><small>(Arcanine lost <abbr title="−121/379">31.9%</abbr> of its health!)</small><br></div><div class="chat chatmessage-littlehistorian"><strong style="color:hsl(199,55%,43.20846362241708%)"><small>★</small><span class="username" data-name="LittleHistorian">LittleHistorian</span>:</strong> <em>?</em></div><div class="spacer battle-history"><br></div><div class="battle-history">The opposing Rotom went back to Professor Faber!<br></div><div class="battle-history">Professor Faber sent out <strong>Flygon</strong>!<br></div><div class="spacer battle-history"><br></div><div class="battle-history"><small>Arcanine restored a little HP using its Leftovers!</small><br></div><div class="battle-history"><small>The opposing Flygon was hurt by its burn!</small><br></div><div class="spacer battle-history"><br></div><h2 class="battle-history">Turn 22</h2><div class="spacer battle-history"><br></div><div class="battle-history">The opposing Flygon used <strong>Outrage</strong>!<br></div><div class="battle-history"><small>(Arcanine lost <abbr title="−117/379">30.9%</abbr> of its health!)</small><br></div><div class="spacer battle-history"><br></div><div class="battle-history">Arcanine used <strong>Morning Sun</strong>!<br></div><div class="battle-history"><small>Arcanine restored its HP.</small><br></div><div class="spacer battle-history"><br></div><div class="battle-history"><small>Arcanine restored a little HP using its Leftovers!</small><br></div><div class="battle-history"><small>The opposing Flygon was hurt by its burn!</small><br></div><div class="spacer battle-history"><br></div><h2 class="battle-history">Turn 23</h2><div class="chat chatmessage-professorfaber"><strong style="color:hsl(280,53%,49.03476510269713%)"><small>★</small><span class="username" data-name="Professor Faber">Professor Faber</span>:</strong> <em>LOL</em></div><div class="chat chatmessage-professorfaber"><strong style="color:hsl(280,53%,49.03476510269713%)"><small>★</small><span class="username" data-name="Professor Faber">Professor Faber</span>:</strong> <em>o</em></div><div class="chat chatmessage-ferrouslupus"><strong style="color:hsl(239,85%,63.911186712817596%)"><small> </small><span class="username" data-name="FerrousLupus">FerrousLupus</span>:</strong> <em>...?</em></div><div class="chat chatmessage-ferrouslupus"><strong style="color:hsl(239,85%,63.911186712817596%)"><small> </small><span class="username" data-name="FerrousLupus">FerrousLupus</span>:</strong> <em>Not EQ. Noted.</em></div><div class="spacer battle-history"><br></div><div class="battle-history">Arcanine used <strong>Extreme Speed</strong>!<br></div><div class="battle-history"><small>(The opposing Flygon lost <abbr title="−82/301">27.2%</abbr> of its health!)</small><br></div><div class="spacer battle-history"><br></div><div class="battle-history">The opposing Flygon used <strong>Outrage</strong>!<br></div><div class="battle-history"><small>(Arcanine lost <abbr title="−119/379">31.4%</abbr> of its health!)</small><br></div><div class="battle-history"><small>The opposing Flygon became confused due to fatigue!</small><br></div><div class="spacer battle-history"><br></div><div class="battle-history"><small>Arcanine restored a little HP using its Leftovers!</small><br></div><div class="battle-history"><small>The opposing Flygon was hurt by its burn!</small><br></div><div class="spacer battle-history"><br></div><h2 class="battle-history">Turn 24</h2><div class="spacer battle-history"><br></div><div class="battle-history">Arcanine used <strong>Extreme Speed</strong>!<br></div><div class="battle-history"><small>(The opposing Flygon lost <abbr title="−71/301">23.6%</abbr> of its health!)</small><br></div><div class="spacer battle-history"><br></div><div class="battle-history">The opposing Flygon fainted!<br></div><div class="spacer battle-history"><br></div><div class="battle-history"><small>Arcanine restored a little HP using its Leftovers!</small><br></div><div class="chat chatmessage-professorfaber"><strong style="color:hsl(280,53%,49.03476510269713%)"><small>★</small><span class="username" data-name="Professor Faber">Professor Faber</span>:</strong> <em>never eq</em></div><div class="spacer battle-history"><br></div><div class="battle-history">Professor Faber sent out Rotom (<strong>Rotom-Heat</strong>)!<br></div><div class="spacer battle-history"><br></div><h2 class="battle-history">Turn 25</h2><div class="spacer battle-history"><br></div><div class="battle-history">Arcanine used <strong>Extreme Speed</strong>!<br></div><div class="battle-history"><small>(The opposing Rotom lost <abbr title="−71/241">29.5%</abbr> of its health!)</small><br></div><div class="spacer battle-history"><br></div><div class="battle-history">The opposing Rotom used <strong>Thunderbolt</strong>!<br></div><div class="battle-history"><small>(Arcanine lost <abbr title="−157/379">41.4%</abbr> of its health!)</small><br></div><div class="spacer battle-history"><br></div><div class="battle-history"><small>Arcanine restored a little HP using its Leftovers!</small><br></div><div class="spacer battle-history"><br></div><h2 class="battle-history">Turn 26</h2><div class="chat chatmessage-professorfaber"><strong style="color:hsl(280,53%,49.03476510269713%)"><small>★</small><span class="username" data-name="Professor Faber">Professor Faber</span>:</strong> <em>;((((</em></div><div class="spacer battle-history"><br></div><div class="battle-history">Arcanine used <strong>Extreme Speed</strong>!<br></div><div class="battle-history"><small>(The opposing Rotom lost <abbr title="−34/241">14.1%</abbr> of its health!)</small><br></div><div class="spacer battle-history"><br></div><div class="battle-history">The opposing Rotom fainted!<br></div><div class="spacer battle-history"><br></div><div class="battle-history"><strong>LittleHistorian</strong> won the battle!<br></div><div class="chat chatmessage-littlehistorian"><strong style="color:hsl(199,55%,43.20846362241708%)"><small>★</small><span class="username" data-name="LittleHistorian">LittleHistorian</span>:</strong> <em>:)))) GG</em></div><div class="chat chatmessage-professorfaber"><strong style="color:hsl(280,53%,49.03476510269713%)"><small>★</small><span class="username" data-name="Professor Faber">Professor Faber</span>:</strong> <em>time  2  fix team</em></div><div class="chat chatmessage-littlehistorian"><strong style="color:hsl(199,55%,43.20846362241708%)"><small>★</small><span class="username" data-name="LittleHistorian">LittleHistorian</span>:</strong> <em>yes yes</em></div><div class="chat chatmessage-professorfaber"><strong style="color:hsl(280,53%,49.03476510269713%)"><small>★</small><span class="username" data-name="Professor Faber">Professor Faber</span>:</strong> <em>tbh i wonder if my gen 5 ou team translates over to 7 LOL</em></div><div class="chat chatmessage-professorfaber"><strong style="color:hsl(280,53%,49.03476510269713%)"><small>★</small><span class="username" data-name="Professor Faber">Professor Faber</span>:</strong> <em>lets try it</em></div><div class="chat chatmessage-ferrouslupus"><strong style="color:hsl(239,85%,63.911186712817596%)"><small> </small><span class="username" data-name="FerrousLupus">FerrousLupus</span>:</strong> <em>Fairies and UBs say no.</em></div><div class="chat"><small>FerrousLupus left.</small></div><div class="chat"><small>FerrousLupus joined.</small></div><div class="chat"><small>FerrousLupus left.</small></div><div class="chat"><small>Professor Faber left.</small></div><div class="chat"><small>Marill-go-Round left.</small></div></div><div class="inner-preempt"></div></div></div>
</div>
<script>
let daily = Math.floor(Date.now()/1000/60/60/24);document.write('<script src="https://play.pokemonshowdown.com/js/replay-embed.js?version'+daily+'"></'+'script>');
</script>
