<!DOCTYPE html>
<meta charset="utf-8" />
<!-- version 1 -->
<title>UU replay: perplexionismist vs. Chief Lobo</title>
<style>
html,body {font-family:Verdana, sans-serif;font-size:10pt;margin:0;padding:0;}body{padding:12px 0;} .battle-log {font-family:Verdana, sans-serif;font-size:10pt;} .battle-log-inline {border:1px solid #AAAAAA;background:#EEF2F5;color:black;max-width:640px;margin:0 auto 80px;padding-bottom:5px;} .battle-log .inner {padding:4px 8px 0px 8px;} .battle-log .inner-preempt {padding:0 8px 4px 8px;} .battle-log .inner-after {margin-top:0.5em;} .battle-log h2 {margin:0.5em -8px;padding:4px 8px;border:1px solid #AAAAAA;background:#E0E7EA;border-left:0;border-right:0;font-family:Verdana, sans-serif;font-size:13pt;} .battle-log .chat {vertical-align:middle;padding:3px 0 3px 0;font-size:8pt;} .battle-log .chat strong {color:#40576A;} .battle-log .chat em {padding:1px 4px 1px 3px;color:#000000;font-style:normal;} .chat.mine {background:rgba(0,0,0,0.05);margin-left:-8px;margin-right:-8px;padding-left:8px;padding-right:8px;} .spoiler {color:#BBBBBB;background:#BBBBBB;padding:0px 3px;} .spoiler:hover, .spoiler:active, .spoiler-shown {color:#000000;background:#E2E2E2;padding:0px 3px;} .spoiler a {color:#BBBBBB;} .spoiler:hover a, .spoiler:active a, .spoiler-shown a {color:#2288CC;} .chat code, .chat .spoiler:hover code, .chat .spoiler:active code, .chat .spoiler-shown code {border:1px solid #C0C0C0;background:#EEEEEE;color:black;padding:0 2px;} .chat .spoiler code {border:1px solid #CCCCCC;background:#CCCCCC;color:#CCCCCC;} .battle-log .rated {padding:3px 4px;} .battle-log .rated strong {color:white;background:#89A;padding:1px 4px;border-radius:4px;} .spacer {margin-top:0.5em;} .message-announce {background:#6688AA;color:white;padding:1px 4px 2px;} .message-announce a, .broadcast-green a, .broadcast-blue a, .broadcast-red a {color:#DDEEFF;} .broadcast-green {background-color:#559955;color:white;padding:2px 4px;} .broadcast-blue {background-color:#6688AA;color:white;padding:2px 4px;} .infobox {border:1px solid #6688AA;padding:2px 4px;} .infobox-limited {max-height:200px;overflow:auto;overflow-x:hidden;} .broadcast-red {background-color:#AA5544;color:white;padding:2px 4px;} .message-learn-canlearn {font-weight:bold;color:#228822;text-decoration:underline;} .message-learn-cannotlearn {font-weight:bold;color:#CC2222;text-decoration:underline;} .message-effect-weak {font-weight:bold;color:#CC2222;} .message-effect-resist {font-weight:bold;color:#6688AA;} .message-effect-immune {font-weight:bold;color:#666666;} .message-learn-list {margin-top:0;margin-bottom:0;} .message-throttle-notice, .message-error {color:#992222;} .message-overflow, .chat small.message-overflow {font-size:0pt;} .message-overflow::before {font-size:9pt;content:'...';} .subtle {color:#3A4A66;}
</style>
<div class="wrapper replay-wrapper" style="max-width:1180px;margin:0 auto">
<input type="hidden" name="replayid" value="uu-583108311" />
<div class="battle"></div><div class="battle-log"></div><div class="replay-controls"></div><div class="replay-controls-2"></div>
<h1 style="font-weight:normal;text-align:center"><strong>UU</strong><br /><a href="http://pokemonshowdown.com/users/perplexionismist" class="subtle" target="_blank">perplexionismist</a> vs. <a href="http://pokemonshowdown.com/users/chieflobo" class="subtle" target="_blank">Chief Lobo</a></h1>
<script type="text/plain" class="battle-log-data">|j|perplexionismist
|j|Chief Lobo
|player|p1|perplexionismist|79
|teamsize|p1|6
|player|p2|Chief Lobo|154
|teamsize|p2|6
|gametype|singles
|gen|6
|tier|UU
|rated
|seed|30178,59866,13432,65114
|rule|Sleep Clause Mod: Limit one foe put to sleep
|rule|Species Clause: Limit one of each Pokémon
|rule|OHKO Clause: OHKO moves are banned
|rule|Moody Clause: Moody is banned
|rule|Evasion Moves Clause: Evasion moves are banned
|rule|Endless Battle Clause: Forcing endless battles is banned
|rule|HP Percentage Mod: HP is shown in percentages
|clearpoke
|poke|p1|Hydreigon, M|item
|poke|p1|Aggron, M|item
|poke|p1|Florges, F|item
|poke|p1|Krookodile, F|item
|poke|p1|Suicune|item
|poke|p1|Crobat, F|item
|poke|p2|Sylveon, F|item
|poke|p2|Porygon-Z|item
|poke|p2|Entei, shiny|item
|poke|p2|Metagross, shiny|item
|poke|p2|Beedrill, M|item
|poke|p2|Feraligatr, F|item
|rule|Swagger Clause: Swagger is banned
|rule|Baton Pass Clause: Limit one Baton Passer, can't pass Spe and other stats simultaneously
|teampreview
|inactive|Battle timer is ON: inactive players will automatically lose when time's up. (requested by Chief Lobo)
|c|☆perplexionismist|how long you been searching
|choice|team 5, team 2, team 3, team 4, team 1, team 6|team 5, team 2, team 3, team 4, team 1, team 6
|
|start
|switch|p1a: Suicune|Suicune|404\/404
|switch|p2a: Beedrill|Beedrill, M|271\/271
|-ability|p1a: Suicune|Pressure
|turn|1
|choice|move scald|move protect mega
|
|detailschange|p2a: Beedrill|Beedrill-Mega, M
|-mega|p2a: Beedrill|Beedrill|Beedrillite
|move|p2a: Beedrill|Protect|p2a: Beedrill
|-singleturn|p2a: Beedrill|Protect
|move|p1a: Suicune|Scald|p2a: Beedrill
|-activate|p2a: Beedrill|move: Protect
|
|upkeep
|turn|2
|choice|move scald|switch 2
|
|switch|p2a: Porygon-Z|Porygon-Z|311\/311
|move|p1a: Suicune|Scald|p2a: Porygon-Z
|-damage|p2a: Porygon-Z|194\/311
|
|upkeep
|turn|3
|choice|switch 3|move triattack
|
|switch|p1a: Florges|Florges, F|360\/360
|move|p2a: Porygon-Z|Tri Attack|p1a: Florges
|-damage|p1a: Florges|214\/360
|
|-heal|p1a: Florges|236\/360|[from] item: Leftovers
|upkeep
|turn|4
|choice|move synthesis|switch 4
|
|switch|p2a: Metagross|Metagross, shiny|301\/301
|move|p1a: Florges|Synthesis|p1a: Florges
|-heal|p1a: Florges|360\/360
|
|upkeep
|turn|5
|choice|switch 3|switch 3
|
|switch|p2a: Entei|Entei, shiny|371\/371
|-ability|p2a: Entei|Pressure
|switch|p1a: Suicune|Suicune|404\/404
|-ability|p1a: Suicune|Pressure
|
|upkeep
|turn|6
|choice|move scald|switch 4
|
|switch|p2a: Porygon-Z|Porygon-Z|194\/311
|move|p1a: Suicune|Scald|p2a: Porygon-Z
|-damage|p2a: Porygon-Z|88\/311
|-status|p2a: Porygon-Z|brn
|
|-damage|p2a: Porygon-Z|50\/311 brn|[from] brn
|upkeep
|turn|7
|choice|switch 3|move triattack
|
|switch|p1a: Florges|Florges, F|360\/360
|move|p2a: Porygon-Z|Tri Attack|p1a: Florges
|-damage|p1a: Florges|226\/360
|
|-heal|p1a: Florges|248\/360|[from] item: Leftovers
|-damage|p2a: Porygon-Z|12\/311 brn|[from] brn
|upkeep
|turn|8
|choice|move synthesis|switch 5
|
|switch|p2a: Sylveon|Sylveon, F|331\/331
|move|p1a: Florges|Synthesis|p1a: Florges
|-heal|p1a: Florges|360\/360
|
|upkeep
|turn|9
|choice|move wish|move healbell
|
|move|p2a: Sylveon|Heal Bell|p2a: Sylveon
|-activate|p2a: Sylveon|move: Heal Bell
|-curestatus|p2: Porygon-Z|brn|[msg]
|move|p1a: Florges|Wish|p1a: Florges
|
|upkeep
|turn|10
|choice|switch 2|move wish
|
|switch|p1a: Aggron|Aggron, M|344\/344
|move|p2a: Sylveon|Wish|p2a: Sylveon
|
|upkeep
|turn|11
|choice|move stealthrock mega|switch 6
|
|switch|p2a: Feraligatr|Feraligatr, F|311\/311
|detailschange|p1a: Aggron|Aggron-Mega, M
|-mega|p1a: Aggron|Aggron|Aggronite
|move|p1a: Aggron|Stealth Rock|p2a: Feraligatr
|-sidestart|p2: Chief Lobo|move: Stealth Rock
|
|upkeep
|turn|12
|choice|move roar|move dragondance
|
|move|p2a: Feraligatr|Dragon Dance|p2a: Feraligatr
|-boost|p2a: Feraligatr|atk|1
|-boost|p2a: Feraligatr|spe|1
|move|p1a: Aggron|Roar|p2a: Feraligatr
|drag|p2a: Sylveon|Sylveon, F|331\/331
|-damage|p2a: Sylveon|290\/331|[from] Stealth Rock
|
|upkeep
|turn|13
|choice|move heavyslam|switch 5
|
|switch|p2a: Porygon-Z|Porygon-Z|12\/311
|-damage|p2a: Porygon-Z|0 fnt|[from] Stealth Rock
|faint|p2a: Porygon-Z
|move|p1a: Aggron|Heavy Slam|p2: Porygon-Z|[notarget]
|-notarget
|
|upkeep
|choice||switch 4
|
|switch|p2a: Entei|Entei, shiny|371\/371
|-damage|p2a: Entei|279\/371|[from] Stealth Rock
|-ability|p2a: Entei|Pressure
|turn|14
|choice|switch 3|move sacredfire
|
|switch|p1a: Suicune|Suicune|404\/404
|-ability|p1a: Suicune|Pressure
|move|p2a: Entei|Sacred Fire|p1a: Suicune
|-resisted|p1a: Suicune
|-damage|p1a: Suicune|341\/404
|
|-heal|p1a: Suicune|366\/404|[from] item: Leftovers
|upkeep
|turn|15
|choice|move scald|switch 5
|
|switch|p2a: Sylveon|Sylveon, F|290\/331
|-damage|p2a: Sylveon|249\/331|[from] Stealth Rock
|move|p1a: Suicune|Scald|p2a: Sylveon
|-damage|p2a: Sylveon|183\/331
|-status|p2a: Sylveon|brn
|
|-heal|p1a: Suicune|391\/404|[from] item: Leftovers
|-damage|p2a: Sylveon|142\/331 brn|[from] brn
|upkeep
|turn|16
|choice|switch 3|move wish
|
|switch|p1a: Aggron|Aggron-Mega, M|344\/344
|move|p2a: Sylveon|Wish|p2a: Sylveon
|
|-damage|p2a: Sylveon|101\/331 brn|[from] brn
|upkeep
|turn|17
|choice|move earthquake|move protect
|
|move|p2a: Sylveon|Protect|p2a: Sylveon
|-singleturn|p2a: Sylveon|Protect
|move|p1a: Aggron|Earthquake|p2a: Sylveon
|-activate|p2a: Sylveon|move: Protect
|
|-heal|p2a: Sylveon|266\/331 brn|[from] move: Wish|[wisher] Sylveon
|-damage|p2a: Sylveon|225\/331 brn|[from] brn
|upkeep
|turn|18
|choice|move heavyslam|switch 6
|
|switch|p2a: Feraligatr|Feraligatr, F|311\/311
|-damage|p2a: Feraligatr|273\/311|[from] Stealth Rock
|move|p1a: Aggron|Heavy Slam|p2a: Feraligatr
|-resisted|p2a: Feraligatr
|-damage|p2a: Feraligatr|198\/311
|
|upkeep
|turn|19
|choice|move roar|move dragondance
|
|move|p2a: Feraligatr|Dragon Dance|p2a: Feraligatr
|-boost|p2a: Feraligatr|atk|1
|-boost|p2a: Feraligatr|spe|1
|move|p1a: Aggron|Roar|p2a: Feraligatr
|drag|p2a: Beedrill|Beedrill-Mega, M|271\/271
|-damage|p2a: Beedrill|204\/271|[from] Stealth Rock
|
|upkeep
|turn|20
|-message|Chief Lobo forfeited.
|
|win|perplexionismist
|l|Chief Lobo
|raw|perplexionismist's rating: 1132 &rarr; <strong>1159<\/strong><br \/>(+27 for winning)
|raw|Chief Lobo's rating: 1154 &rarr; <strong>1127<\/strong><br \/>(-27 for losing)
|c|☆perplexionismist|gg</script>
</div>
<div class="battle-log battle-log-inline"><div class="inner"><div class="battle-options"></div><div class="inner"><div class="chat"><small>perplexionismist joined.</small></div><div class="chat"><small>Chief Lobo joined.</small></div><div class=""><small>Format:</small> <br><strong>UU</strong></div><div class="rated"><strong>Rated battle</strong></div><div class=""><small><em>Sleep Clause Mod:</em> Limit one foe put to sleep</small></div><div class=""><small><em>Species Clause:</em> Limit one of each Pokémon</small></div><div class=""><small><em>OHKO Clause:</em> OHKO moves are banned</small></div><div class=""><small><em>Moody Clause:</em> Moody is banned</small></div><div class=""><small><em>Evasion Moves Clause:</em> Evasion moves are banned</small></div><div class=""><small><em>Endless Battle Clause:</em> Forcing endless battles is banned</small></div><div class=""><small><em>HP Percentage Mod:</em> HP is shown in percentages</small></div><div class=""><small><em>Swagger Clause:</em> Swagger is banned</small></div><div class=""><small><em>Baton Pass Clause:</em> Limit one Baton Passer, can't pass Spe and other stats simultaneously</small></div><div class="chat battle-history"><strong>perplexionismist's team:</strong> <em style="color:#445566;display:block;">Hydreigon / Aggron / Florges / Krookodile / Suicune / Crobat</em></div><div class="chat battle-history"><strong>Chief Lobo's team:</strong> <em style="color:#445566;display:block;">Sylveon / Porygon-Z / Entei / Metagross / Beedrill / Feraligatr</em></div><div class="chat message-error">Battle timer is ON: inactive players will automatically lose when time's up. (requested by Chief Lobo)</div><div class="chat chatmessage-perplexionismist"><strong style="color:hsl(8,48%,46.34643455095892%)"><small>☆</small><span class="username" data-name="perplexionismist">perplexionismist</span>:</strong> <em>how long you been searching</em></div><div class="spacer battle-history"><br></div><div class="battle-history">Battle started between perplexionismist and Chief Lobo!<br></div><div class="spacer battle-history"><br></div><div class="battle-history">Go! <strong>Suicune</strong>!<br></div><div class="spacer battle-history"><br></div><div class="battle-history">Chief Lobo sent out <strong>Beedrill</strong>!<br></div><div class="battle-history"><small>[Suicune's Pressure]</small><br><small>Suicune is exerting its pressure!</small><br></div><div class="spacer battle-history"><br></div><h2 class="battle-history">Turn 1</h2><div class="spacer battle-history"><br></div><div class="battle-history"><small>The opposing Beedrill's Beedrillite is reacting to Chief Lobo's Mega Bracelet!</small><br>The opposing Beedrill has Mega Evolved into Mega Beedrill!<br></div><div class="spacer battle-history"><br></div><div class="battle-history">The opposing Beedrill used <strong>Protect</strong>!<br></div><div class="battle-history"><small>The opposing Beedrill protected itself!</small><br></div><div class="spacer battle-history"><br></div><div class="battle-history">Suicune used <strong>Scald</strong>!<br></div><div class="battle-history"><small>The opposing Beedrill protected itself!</small><br></div><div class="spacer battle-history"><br></div><h2 class="battle-history">Turn 2</h2><div class="spacer battle-history"><br></div><div class="battle-history">Chief Lobo withdrew Beedrill!<br></div><div class="battle-history">Chief Lobo sent out <strong>Porygon-Z</strong>!<br></div><div class="spacer battle-history"><br></div><div class="battle-history">Suicune used <strong>Scald</strong>!<br></div><div class="battle-history"><small>(The opposing Porygon-Z lost <abbr title="−117/311">37.6%</abbr> of its health!)</small><br></div><div class="spacer battle-history"><br></div><h2 class="battle-history">Turn 3</h2><div class="spacer battle-history"><br></div><div class="battle-history">Suicune, come back!<br></div><div class="battle-history">Go! <strong>Florges</strong>!<br></div><div class="spacer battle-history"><br></div><div class="battle-history">The opposing Porygon-Z used <strong>Tri Attack</strong>!<br></div><div class="battle-history"><small>(Florges lost <abbr title="−146/360">40.6%</abbr> of its health!)</small><br></div><div class="spacer battle-history"><br></div><div class="battle-history"><small>Florges restored a little HP using its Leftovers!</small><br></div><div class="spacer battle-history"><br></div><h2 class="battle-history">Turn 4</h2><div class="spacer battle-history"><br></div><div class="battle-history">Chief Lobo withdrew Porygon-Z!<br></div><div class="battle-history">Chief Lobo sent out <strong>Metagross</strong>!<br></div><div class="spacer battle-history"><br></div><div class="battle-history">Florges used <strong>Synthesis</strong>!<br></div><div class="battle-history"><small>Florges restored its HP.</small><br></div><div class="spacer battle-history"><br></div><h2 class="battle-history">Turn 5</h2><div class="spacer battle-history"><br></div><div class="battle-history">Chief Lobo withdrew Metagross!<br></div><div class="battle-history">Chief Lobo sent out <strong>Entei</strong>!<br></div><div class="battle-history"><small>[The opposing Entei's Pressure]</small><br><small>The opposing Entei is exerting its pressure!</small><br></div><div class="spacer battle-history"><br></div><div class="battle-history">Florges, come back!<br></div><div class="battle-history">Go! <strong>Suicune</strong>!<br></div><div class="battle-history"><small>[Suicune's Pressure]</small><br><small>Suicune is exerting its pressure!</small><br></div><div class="spacer battle-history"><br></div><h2 class="battle-history">Turn 6</h2><div class="spacer battle-history"><br></div><div class="battle-history">Chief Lobo withdrew Entei!<br></div><div class="battle-history">Chief Lobo sent out <strong>Porygon-Z</strong>!<br></div><div class="spacer battle-history"><br></div><div class="battle-history">Suicune used <strong>Scald</strong>!<br></div><div class="battle-history"><small>(The opposing Porygon-Z lost <abbr title="−106/311">34.1%</abbr> of its health!)</small><br></div><div class="battle-history"><small>The opposing Porygon-Z was burned!</small><br></div><div class="spacer battle-history"><br></div><div class="battle-history"><small>The opposing Porygon-Z was hurt by its burn!</small><br></div><div class="spacer battle-history"><br></div><h2 class="battle-history">Turn 7</h2><div class="spacer battle-history"><br></div><div class="battle-history">Suicune, come back!<br></div><div class="battle-history">Go! <strong>Florges</strong>!<br></div><div class="spacer battle-history"><br></div><div class="battle-history">The opposing Porygon-Z used <strong>Tri Attack</strong>!<br></div><div class="battle-history"><small>(Florges lost <abbr title="−134/360">37.2%</abbr> of its health!)</small><br></div><div class="spacer battle-history"><br></div><div class="battle-history"><small>Florges restored a little HP using its Leftovers!</small><br></div><div class="battle-history"><small>The opposing Porygon-Z was hurt by its burn!</small><br></div><div class="spacer battle-history"><br></div><h2 class="battle-history">Turn 8</h2><div class="spacer battle-history"><br></div><div class="battle-history">Chief Lobo withdrew Porygon-Z!<br></div><div class="battle-history">Chief Lobo sent out <strong>Sylveon</strong>!<br></div><div class="spacer battle-history"><br></div><div class="battle-history">Florges used <strong>Synthesis</strong>!<br></div><div class="battle-history"><small>Florges restored its HP.</small><br></div><div class="spacer battle-history"><br></div><h2 class="battle-history">Turn 9</h2><div class="spacer battle-history"><br></div><div class="battle-history">The opposing Sylveon used <strong>Heal Bell</strong>!<br></div><div class="battle-history"><small>A bell chimed!</small><br></div><div class="battle-history"><small>The opposing Porygon-Z's burn was healed.</small><br></div><div class="spacer battle-history"><br></div><div class="battle-history">Florges used <strong>Wish</strong>!<br></div><div class="spacer battle-history"><br></div><h2 class="battle-history">Turn 10</h2><div class="spacer battle-history"><br></div><div class="battle-history">Florges, come back!<br></div><div class="battle-history">Go! <strong>Aggron</strong>!<br></div><div class="spacer battle-history"><br></div><div class="battle-history">The opposing Sylveon used <strong>Wish</strong>!<br></div><div class="spacer battle-history"><br></div><h2 class="battle-history">Turn 11</h2><div class="spacer battle-history"><br></div><div class="battle-history">Chief Lobo withdrew Sylveon!<br></div><div class="battle-history">Chief Lobo sent out <strong>Feraligatr</strong>!<br></div><div class="spacer battle-history"><br></div><div class="battle-history"><small>Aggron's Aggronite is reacting to perplexionismist's Mega Bracelet!</small><br>Aggron has Mega Evolved into Mega Aggron!<br></div><div class="spacer battle-history"><br></div><div class="battle-history">Aggron used <strong>Stealth Rock</strong>!<br></div><div class="battle-history"><small>Pointed stones float in the air around the opposing team!</small><br></div><div class="spacer battle-history"><br></div><h2 class="battle-history">Turn 12</h2><div class="spacer battle-history"><br></div><div class="battle-history">The opposing Feraligatr used <strong>Dragon Dance</strong>!<br></div><div class="battle-history"><small>The opposing Feraligatr's Attack rose!</small><br></div><div class="battle-history"><small>The opposing Feraligatr's Speed rose!</small><br></div><div class="spacer battle-history"><br></div><div class="battle-history">Aggron used <strong>Roar</strong>!<br></div><div class="spacer battle-history"><br></div><div class="battle-history"><strong>Sylveon</strong> was dragged out!<br></div><div class="battle-history"><small>Pointed stones dug into the opposing Sylveon!</small><br></div><div class="spacer battle-history"><br></div><h2 class="battle-history">Turn 13</h2><div class="spacer battle-history"><br></div><div class="battle-history">Chief Lobo withdrew Sylveon!<br></div><div class="battle-history">Chief Lobo sent out <strong>Porygon-Z</strong>!<br></div><div class="battle-history"><small>Pointed stones dug into the opposing Porygon-Z!</small><br></div><div class="spacer battle-history"><br></div><div class="battle-history">The opposing Porygon-Z fainted!<br></div><div class="battle-history">Aggron used <strong>Heavy Slam</strong>!<br></div><div class="battle-history"><small>But there was no target...</small><br></div><div class="spacer battle-history"><br></div><div class="battle-history">Chief Lobo sent out <strong>Entei</strong>!<br></div><div class="battle-history"><small>Pointed stones dug into the opposing Entei!</small><br></div><div class="battle-history"><small>[The opposing Entei's Pressure]</small><br><small>The opposing Entei is exerting its pressure!</small><br></div><div class="spacer battle-history"><br></div><h2 class="battle-history">Turn 14</h2><div class="spacer battle-history"><br></div><div class="battle-history">Aggron, come back!<br></div><div class="battle-history">Go! <strong>Suicune</strong>!<br></div><div class="battle-history"><small>[Suicune's Pressure]</small><br><small>Suicune is exerting its pressure!</small><br></div><div class="spacer battle-history"><br></div><div class="battle-history">The opposing Entei used <strong>Sacred Fire</strong>!<br></div><div class="battle-history"><small>It's not very effective...</small><br></div><div class="battle-history"><small>(Suicune lost <abbr title="−63/404">15.6%</abbr> of its health!)</small><br></div><div class="spacer battle-history"><br></div><div class="battle-history"><small>Suicune restored a little HP using its Leftovers!</small><br></div><div class="spacer battle-history"><br></div><h2 class="battle-history">Turn 15</h2><div class="spacer battle-history"><br></div><div class="battle-history">Chief Lobo withdrew Entei!<br></div><div class="battle-history">Chief Lobo sent out <strong>Sylveon</strong>!<br></div><div class="battle-history"><small>Pointed stones dug into the opposing Sylveon!</small><br></div><div class="spacer battle-history"><br></div><div class="battle-history">Suicune used <strong>Scald</strong>!<br></div><div class="battle-history"><small>(The opposing Sylveon lost <abbr title="−66/331">19.9%</abbr> of its health!)</small><br></div><div class="battle-history"><small>The opposing Sylveon was burned!</small><br></div><div class="spacer battle-history"><br></div><div class="battle-history"><small>Suicune restored a little HP using its Leftovers!</small><br></div><div class="battle-history"><small>The opposing Sylveon was hurt by its burn!</small><br></div><div class="spacer battle-history"><br></div><h2 class="battle-history">Turn 16</h2><div class="spacer battle-history"><br></div><div class="battle-history">Suicune, come back!<br></div><div class="battle-history">Go! Aggron (<strong>Aggron-Mega</strong>)!<br></div><div class="spacer battle-history"><br></div><div class="battle-history">The opposing Sylveon used <strong>Wish</strong>!<br></div><div class="spacer battle-history"><br></div><div class="battle-history"><small>The opposing Sylveon was hurt by its burn!</small><br></div><div class="spacer battle-history"><br></div><h2 class="battle-history">Turn 17</h2><div class="spacer battle-history"><br></div><div class="battle-history">The opposing Sylveon used <strong>Protect</strong>!<br></div><div class="battle-history"><small>The opposing Sylveon protected itself!</small><br></div><div class="spacer battle-history"><br></div><div class="battle-history">Aggron used <strong>Earthquake</strong>!<br></div><div class="battle-history"><small>The opposing Sylveon protected itself!</small><br></div><div class="spacer battle-history"><br></div><div class="battle-history"><small>Sylveon's wish came true!</small><br></div><div class="battle-history"><small>The opposing Sylveon was hurt by its burn!</small><br></div><div class="spacer battle-history"><br></div><h2 class="battle-history">Turn 18</h2><div class="spacer battle-history"><br></div><div class="battle-history">Chief Lobo withdrew Sylveon!<br></div><div class="battle-history">Chief Lobo sent out <strong>Feraligatr</strong>!<br></div><div class="battle-history"><small>Pointed stones dug into the opposing Feraligatr!</small><br></div><div class="spacer battle-history"><br></div><div class="battle-history">Aggron used <strong>Heavy Slam</strong>!<br></div><div class="battle-history"><small>It's not very effective...</small><br></div><div class="battle-history"><small>(The opposing Feraligatr lost <abbr title="−75/311">24.1%</abbr> of its health!)</small><br></div><div class="spacer battle-history"><br></div><h2 class="battle-history">Turn 19</h2><div class="spacer battle-history"><br></div><div class="battle-history">The opposing Feraligatr used <strong>Dragon Dance</strong>!<br></div><div class="battle-history"><small>The opposing Feraligatr's Attack rose!</small><br></div><div class="battle-history"><small>The opposing Feraligatr's Speed rose!</small><br></div><div class="spacer battle-history"><br></div><div class="battle-history">Aggron used <strong>Roar</strong>!<br></div><div class="spacer battle-history"><br></div><div class="battle-history">Beedrill (<strong>Beedrill-Mega</strong>) was dragged out!<br></div><div class="battle-history"><small>Pointed stones dug into the opposing Beedrill!</small><br></div><div class="spacer battle-history"><br></div><h2 class="battle-history">Turn 20</h2><div class="spacer battle-history"><br></div><div class="battle-history"><small>Chief Lobo forfeited.</small><br></div><div class="spacer battle-history"><br></div><div class="battle-history"><strong>perplexionismist</strong> won the battle!<br></div><div class="chat"><small>Chief Lobo left.</small></div><div class="chat">perplexionismist's rating: 1132 → <strong>1159</strong><br>(+27 for winning)</div><div class="chat">Chief Lobo's rating: 1154 → <strong>1127</strong><br>(-27 for losing)</div><div class="chat chatmessage-perplexionismist"><strong style="color:hsl(8,48%,46.34643455095892%)"><small>☆</small><span class="username" data-name="perplexionismist">perplexionismist</span>:</strong> <em>gg</em></div></div><div class="inner-preempt"></div></div></div>
</div>
<script>
let daily = Math.floor(Date.now()/1000/60/60/24);document.write('<script src="https://play.pokemonshowdown.com/js/replay-embed.js?version'+daily+'"></'+'script>');
</script>
