<!DOCTYPE html>
<meta charset="utf-8" />
<!-- version 1 -->
<title>UU replay: chimikpierot vs. Amande 22</title>
<style>
html,body {font-family:Verdana, sans-serif;font-size:10pt;margin:0;padding:0;}body{padding:12px 0;} .battle-log {font-family:Verdana, sans-serif;font-size:10pt;} .battle-log-inline {border:1px solid #AAAAAA;background:#EEF2F5;color:black;max-width:640px;margin:0 auto 80px;padding-bottom:5px;} .battle-log .inner {padding:4px 8px 0px 8px;} .battle-log .inner-preempt {padding:0 8px 4px 8px;} .battle-log .inner-after {margin-top:0.5em;} .battle-log h2 {margin:0.5em -8px;padding:4px 8px;border:1px solid #AAAAAA;background:#E0E7EA;border-left:0;border-right:0;font-family:Verdana, sans-serif;font-size:13pt;} .battle-log .chat {vertical-align:middle;padding:3px 0 3px 0;font-size:8pt;} .battle-log .chat strong {color:#40576A;} .battle-log .chat em {padding:1px 4px 1px 3px;color:#000000;font-style:normal;} .chat.mine {background:rgba(0,0,0,0.05);margin-left:-8px;margin-right:-8px;padding-left:8px;padding-right:8px;} .spoiler {color:#BBBBBB;background:#BBBBBB;padding:0px 3px;} .spoiler:hover, .spoiler:active, .spoiler-shown {color:#000000;background:#E2E2E2;padding:0px 3px;} .spoiler a {color:#BBBBBB;} .spoiler:hover a, .spoiler:active a, .spoiler-shown a {color:#2288CC;} .chat code, .chat .spoiler:hover code, .chat .spoiler:active code, .chat .spoiler-shown code {border:1px solid #C0C0C0;background:#EEEEEE;color:black;padding:0 2px;} .chat .spoiler code {border:1px solid #CCCCCC;background:#CCCCCC;color:#CCCCCC;} .battle-log .rated {padding:3px 4px;} .battle-log .rated strong {color:white;background:#89A;padding:1px 4px;border-radius:4px;} .spacer {margin-top:0.5em;} .message-announce {background:#6688AA;color:white;padding:1px 4px 2px;} .message-announce a, .broadcast-green a, .broadcast-blue a, .broadcast-red a {color:#DDEEFF;} .broadcast-green {background-color:#559955;color:white;padding:2px 4px;} .broadcast-blue {background-color:#6688AA;color:white;padding:2px 4px;} .infobox {border:1px solid #6688AA;padding:2px 4px;} .infobox-limited {max-height:200px;overflow:auto;overflow-x:hidden;} .broadcast-red {background-color:#AA5544;color:white;padding:2px 4px;} .message-learn-canlearn {font-weight:bold;color:#228822;text-decoration:underline;} .message-learn-cannotlearn {font-weight:bold;color:#CC2222;text-decoration:underline;} .message-effect-weak {font-weight:bold;color:#CC2222;} .message-effect-resist {font-weight:bold;color:#6688AA;} .message-effect-immune {font-weight:bold;color:#666666;} .message-learn-list {margin-top:0;margin-bottom:0;} .message-throttle-notice, .message-error {color:#992222;} .message-overflow, .chat small.message-overflow {font-size:0pt;} .message-overflow::before {font-size:9pt;content:'...';} .subtle {color:#3A4A66;}
</style>
<div class="wrapper replay-wrapper" style="max-width:1180px;margin:0 auto">
<input type="hidden" name="replayid" value="uu-554255469" />
<div class="battle"></div><div class="battle-log"></div><div class="replay-controls"></div><div class="replay-controls-2"></div>
<h1 style="font-weight:normal;text-align:center"><strong>UU</strong><br /><a href="http://pokemonshowdown.com/users/chimikpierot" class="subtle" target="_blank">chimikpierot</a> vs. <a href="http://pokemonshowdown.com/users/amande22" class="subtle" target="_blank">Amande 22</a></h1>
<script type="text/plain" class="battle-log-data">|j|chimikpierot
|j|Amande 22
|player|p1|chimikpierot|132
|player|p2|Amande 22|138
|gametype|singles
|gen|6
|tier|UU
|rated
|seed|17712,31263,61585,24829
|rule|Sleep Clause Mod: Limit one foe put to sleep
|rule|Species Clause: Limit one of each Pokémon
|rule|OHKO Clause: OHKO moves are banned
|rule|Moody Clause: Moody is banned
|rule|Evasion Moves Clause: Evasion moves are banned
|rule|Endless Battle Clause: Forcing endless battles is banned
|rule|HP Percentage Mod: HP is shown in percentages
|clearpoke
|poke|p1|Blissey, F|item
|poke|p1|Donphan, M|item
|poke|p1|Shuckle, F|item
|poke|p1|Ninjask, M|item
|poke|p1|Camerupt, F|item
|poke|p1|Whimsicott, F|item
|poke|p2|Quilladin, M|item
|poke|p2|Delphox, F, shiny|item
|poke|p2|Vaporeon, F|item
|poke|p2|Florges, F|item
|poke|p2|Crobat, M|item
|poke|p2|Bronzong|item
|rule|Swagger Clause: Swagger is banned
|rule|Baton Pass Clause: Limit one Baton Passer, can't pass Spe and other stats simultaneously
|teampreview
|choice|team 3, team 2, team 1, team 4, team 5, team 6|team 6, team 2, team 3, team 4, team 5, team 1
|
|start
|switch|p1a: Shuckle|Shuckle, F|182\/182
|switch|p2a: Clocha|Bronzong|338\/338
|turn|1
|choice|move stealthrock|move stealthrock
|
|move|p2a: Clocha|Stealth Rock|p1a: Shuckle
|-sidestart|p1: chimikpierot|move: Stealth Rock
|move|p1a: Shuckle|Stealth Rock|p2a: Clocha
|-sidestart|p2: Amande 22|move: Stealth Rock
|
|upkeep
|turn|2
|choice|move substitute|move reflect
|
|move|p2a: Clocha|Reflect|p2a: Clocha
|-sidestart|p2: Amande 22|Reflect
|move|p1a: Shuckle|Substitute|p1a: Shuckle
|-start|p1a: Shuckle|Substitute
|-damage|p1a: Shuckle|137\/182
|
|-heal|p1a: Shuckle|148\/182|[from] item: Leftovers
|upkeep
|turn|3
|choice|move shellsmash|move lightscreen
|
|move|p2a: Clocha|Light Screen|p2a: Clocha
|-sidestart|p2: Amande 22|move: Light Screen
|move|p1a: Shuckle|Shell Smash|p1a: Shuckle
|-boost|p1a: Shuckle|def|1
|-boost|p1a: Shuckle|spd|1
|-unboost|p1a: Shuckle|atk|2
|-unboost|p1a: Shuckle|spa|2
|-unboost|p1a: Shuckle|spe|2
|
|-heal|p1a: Shuckle|159\/182|[from] item: Leftovers
|upkeep
|turn|4
|choice|move shellsmash|switch 2
|
|switch|p2a: Lillye|Delphox, F, shiny|291\/291
|-damage|p2a: Lillye|219\/291|[from] Stealth Rock
|move|p1a: Shuckle|Shell Smash|p1a: Shuckle
|-boost|p1a: Shuckle|def|1
|-boost|p1a: Shuckle|spd|1
|-unboost|p1a: Shuckle|atk|2
|-unboost|p1a: Shuckle|spa|2
|-unboost|p1a: Shuckle|spe|2
|
|-heal|p1a: Shuckle|170\/182|[from] item: Leftovers
|upkeep
|turn|5
|choice|move shellsmash|move flamethrower
|
|move|p2a: Lillye|Flamethrower|p1a: Shuckle
|-activate|p1a: Shuckle|move: Substitute|[damage]
|move|p1a: Shuckle|Shell Smash|p1a: Shuckle
|-boost|p1a: Shuckle|def|1
|-boost|p1a: Shuckle|spd|1
|-unboost|p1a: Shuckle|atk|2
|-unboost|p1a: Shuckle|spa|2
|-unboost|p1a: Shuckle|spe|2
|
|-heal|p1a: Shuckle|181\/182|[from] item: Leftovers
|upkeep
|turn|6
|choice|move shellsmash|move calmmind
|
|move|p2a: Lillye|Calm Mind|p2a: Lillye
|-boost|p2a: Lillye|spa|1
|-boost|p2a: Lillye|spd|1
|move|p1a: Shuckle|Shell Smash|p1a: Shuckle
|-boost|p1a: Shuckle|def|1
|-boost|p1a: Shuckle|spd|1
|-unboost|p1a: Shuckle|atk|0
|-unboost|p1a: Shuckle|spa|0
|-unboost|p1a: Shuckle|spe|0
|
|-heal|p1a: Shuckle|182\/182|[from] item: Leftovers
|upkeep
|turn|7
|choice|move shellsmash|move flamethrower
|
|move|p2a: Lillye|Flamethrower|p1a: Shuckle
|-crit|p1a: Shuckle
|-end|p1a: Shuckle|Substitute
|move|p1a: Shuckle|Shell Smash|p1a: Shuckle
|-boost|p1a: Shuckle|def|1
|-boost|p1a: Shuckle|spd|1
|-unboost|p1a: Shuckle|atk|0
|-unboost|p1a: Shuckle|spa|0
|-unboost|p1a: Shuckle|spe|0
|
|upkeep
|turn|8
|choice|move shellsmash|move flamethrower
|
|move|p2a: Lillye|Flamethrower|p1a: Shuckle
|-damage|p1a: Shuckle|154\/182
|move|p1a: Shuckle|Shell Smash|p1a: Shuckle
|-boost|p1a: Shuckle|def|1
|-boost|p1a: Shuckle|spd|1
|-unboost|p1a: Shuckle|atk|0
|-unboost|p1a: Shuckle|spa|0
|-unboost|p1a: Shuckle|spe|0
|
|-heal|p1a: Shuckle|165\/182|[from] item: Leftovers
|upkeep
|turn|9
|choice|move shellsmash|move calmmind
|
|move|p2a: Lillye|Calm Mind|p2a: Lillye
|-boost|p2a: Lillye|spa|1
|-boost|p2a: Lillye|spd|1
|move|p1a: Shuckle|Shell Smash|p1a: Shuckle
|-boost|p1a: Shuckle|def|0
|-boost|p1a: Shuckle|spd|0
|-unboost|p1a: Shuckle|atk|0
|-unboost|p1a: Shuckle|spa|0
|-unboost|p1a: Shuckle|spe|0
|
|-heal|p1a: Shuckle|176\/182|[from] item: Leftovers
|-sideend|p2: Amande 22|Reflect
|upkeep
|turn|10
|-message|chimikpierot forfeited.
|
|win|Amande 22
|l|chimikpierot
|raw|chimikpierot's rating: 1000 &rarr; <strong>1000<\/strong><br \/>(+0 for losing)
|raw|Amande 22's rating: 1053 &rarr; <strong>1080<\/strong><br \/>(+27 for winning)</script>
</div>
<div class="battle-log battle-log-inline"><div class="inner"><div class="battle-options"></div><div class="inner"><div class="chat"><small>chimikpierot joined.</small></div><div class="chat"><small>Amande 22 joined.</small></div><div class=""><small>Format:</small> <br><strong>UU</strong></div><div class="rated"><strong>Rated battle</strong></div><div class=""><small><em>Sleep Clause Mod:</em> Limit one foe put to sleep</small></div><div class=""><small><em>Species Clause:</em> Limit one of each Pokémon</small></div><div class=""><small><em>OHKO Clause:</em> OHKO moves are banned</small></div><div class=""><small><em>Moody Clause:</em> Moody is banned</small></div><div class=""><small><em>Evasion Moves Clause:</em> Evasion moves are banned</small></div><div class=""><small><em>Endless Battle Clause:</em> Forcing endless battles is banned</small></div><div class=""><small><em>HP Percentage Mod:</em> HP is shown in percentages</small></div><div class=""><small><em>Swagger Clause:</em> Swagger is banned</small></div><div class=""><small><em>Baton Pass Clause:</em> Limit one Baton Passer, can't pass Spe and other stats simultaneously</small></div><div class="chat battle-history"><strong>chimikpierot's team:</strong> <em style="color:#445566;display:block;">Blissey / Donphan / Shuckle / Ninjask / Camerupt / Whimsicott</em></div><div class="chat battle-history"><strong>Amande 22's team:</strong> <em style="color:#445566;display:block;">Quilladin / Delphox / Vaporeon / Florges / Crobat / Bronzong</em></div><div class="spacer battle-history"><br></div><div class="battle-history">Battle started between chimikpierot and Amande 22!<br></div><div class="spacer battle-history"><br></div><div class="battle-history">Go! <strong>Shuckle</strong>!<br></div><div class="spacer battle-history"><br></div><div class="battle-history">Amande 22 sent out Clocha (<strong>Bronzong</strong>)!<br></div><div class="spacer battle-history"><br></div><h2 class="battle-history">Turn 1</h2><div class="spacer battle-history"><br></div><div class="battle-history">The opposing Clocha used <strong>Stealth Rock</strong>!<br></div><div class="battle-history"><small>Pointed stones float in the air around your team!</small><br></div><div class="spacer battle-history"><br></div><div class="battle-history">Shuckle used <strong>Stealth Rock</strong>!<br></div><div class="battle-history"><small>Pointed stones float in the air around the opposing team!</small><br></div><div class="spacer battle-history"><br></div><h2 class="battle-history">Turn 2</h2><div class="spacer battle-history"><br></div><div class="battle-history">The opposing Clocha used <strong>Reflect</strong>!<br></div><div class="battle-history"><small>Reflect made the opposing team stronger against physical moves!</small><br></div><div class="spacer battle-history"><br></div><div class="battle-history">Shuckle used <strong>Substitute</strong>!<br></div><div class="battle-history"><small>Shuckle put in a substitute!</small><br></div><div class="battle-history"><small>(Shuckle lost <abbr title="−45/182">24.7%</abbr> of its health!)</small><br></div><div class="spacer battle-history"><br></div><div class="battle-history"><small>Shuckle restored a little HP using its Leftovers!</small><br></div><div class="spacer battle-history"><br></div><h2 class="battle-history">Turn 3</h2><div class="spacer battle-history"><br></div><div class="battle-history">The opposing Clocha used <strong>Light Screen</strong>!<br></div><div class="battle-history"><small>Light Screen made the opposing team stronger against special moves!</small><br></div><div class="spacer battle-history"><br></div><div class="battle-history">Shuckle used <strong>Shell Smash</strong>!<br></div><div class="battle-history"><small>Shuckle's Defense rose!</small><br></div><div class="battle-history"><small>Shuckle's Special Defense rose!</small><br></div><div class="battle-history"><small>Shuckle's Attack fell harshly!</small><br></div><div class="battle-history"><small>Shuckle's Special Attack fell harshly!</small><br></div><div class="battle-history"><small>Shuckle's Speed fell harshly!</small><br></div><div class="spacer battle-history"><br></div><div class="battle-history"><small>Shuckle restored a little HP using its Leftovers!</small><br></div><div class="spacer battle-history"><br></div><h2 class="battle-history">Turn 4</h2><div class="spacer battle-history"><br></div><div class="battle-history">Amande 22 withdrew Clocha!<br></div><div class="battle-history">Amande 22 sent out Lillye (<strong>Delphox</strong>)!<br></div><div class="battle-history"><small>Pointed stones dug into the opposing Lillye!</small><br></div><div class="spacer battle-history"><br></div><div class="battle-history">Shuckle used <strong>Shell Smash</strong>!<br></div><div class="battle-history"><small>Shuckle's Defense rose!</small><br></div><div class="battle-history"><small>Shuckle's Special Defense rose!</small><br></div><div class="battle-history"><small>Shuckle's Attack fell harshly!</small><br></div><div class="battle-history"><small>Shuckle's Special Attack fell harshly!</small><br></div><div class="battle-history"><small>Shuckle's Speed fell harshly!</small><br></div><div class="spacer battle-history"><br></div><div class="battle-history"><small>Shuckle restored a little HP using its Leftovers!</small><br></div><div class="spacer battle-history"><br></div><h2 class="battle-history">Turn 5</h2><div class="spacer battle-history"><br></div><div class="battle-history">The opposing Lillye used <strong>Flamethrower</strong>!<br></div><div class="battle-history"><small>The substitute took damage for Shuckle!</small><br></div><div class="spacer battle-history"><br></div><div class="battle-history">Shuckle used <strong>Shell Smash</strong>!<br></div><div class="battle-history"><small>Shuckle's Defense rose!</small><br></div><div class="battle-history"><small>Shuckle's Special Defense rose!</small><br></div><div class="battle-history"><small>Shuckle's Attack fell harshly!</small><br></div><div class="battle-history"><small>Shuckle's Special Attack fell harshly!</small><br></div><div class="battle-history"><small>Shuckle's Speed fell harshly!</small><br></div><div class="spacer battle-history"><br></div><div class="battle-history"><small>Shuckle restored a little HP using its Leftovers!</small><br></div><div class="spacer battle-history"><br></div><h2 class="battle-history">Turn 6</h2><div class="spacer battle-history"><br></div><div class="battle-history">The opposing Lillye used <strong>Calm Mind</strong>!<br></div><div class="battle-history"><small>The opposing Lillye's Special Attack rose!</small><br></div><div class="battle-history"><small>The opposing Lillye's Special Defense rose!</small><br></div><div class="spacer battle-history"><br></div><div class="battle-history">Shuckle used <strong>Shell Smash</strong>!<br></div><div class="battle-history"><small>Shuckle's Defense rose!</small><br></div><div class="battle-history"><small>Shuckle's Special Defense rose!</small><br></div><div class="battle-history"><small>Shuckle's Attack won't go any lower!</small><br></div><div class="battle-history"><small>Shuckle's Special Attack won't go any lower!</small><br></div><div class="battle-history"><small>Shuckle's Speed won't go any lower!</small><br></div><div class="spacer battle-history"><br></div><div class="battle-history"><small>Shuckle restored a little HP using its Leftovers!</small><br></div><div class="spacer battle-history"><br></div><h2 class="battle-history">Turn 7</h2><div class="spacer battle-history"><br></div><div class="battle-history">The opposing Lillye used <strong>Flamethrower</strong>!<br></div><div class="battle-history"><small>A critical hit!</small><br></div><div class="battle-history"><small>Shuckle's substitute faded!</small><br></div><div class="spacer battle-history"><br></div><div class="battle-history">Shuckle used <strong>Shell Smash</strong>!<br></div><div class="battle-history"><small>Shuckle's Defense rose!</small><br></div><div class="battle-history"><small>Shuckle's Special Defense rose!</small><br></div><div class="battle-history"><small>Shuckle's Attack won't go any lower!</small><br></div><div class="battle-history"><small>Shuckle's Special Attack won't go any lower!</small><br></div><div class="battle-history"><small>Shuckle's Speed won't go any lower!</small><br></div><div class="spacer battle-history"><br></div><h2 class="battle-history">Turn 8</h2><div class="spacer battle-history"><br></div><div class="battle-history">The opposing Lillye used <strong>Flamethrower</strong>!<br></div><div class="battle-history"><small>(Shuckle lost <abbr title="−28/182">15.4%</abbr> of its health!)</small><br></div><div class="spacer battle-history"><br></div><div class="battle-history">Shuckle used <strong>Shell Smash</strong>!<br></div><div class="battle-history"><small>Shuckle's Defense rose!</small><br></div><div class="battle-history"><small>Shuckle's Special Defense rose!</small><br></div><div class="battle-history"><small>Shuckle's Attack won't go any lower!</small><br></div><div class="battle-history"><small>Shuckle's Special Attack won't go any lower!</small><br></div><div class="battle-history"><small>Shuckle's Speed won't go any lower!</small><br></div><div class="spacer battle-history"><br></div><div class="battle-history"><small>Shuckle restored a little HP using its Leftovers!</small><br></div><div class="spacer battle-history"><br></div><h2 class="battle-history">Turn 9</h2><div class="spacer battle-history"><br></div><div class="battle-history">The opposing Lillye used <strong>Calm Mind</strong>!<br></div><div class="battle-history"><small>The opposing Lillye's Special Attack rose!</small><br></div><div class="battle-history"><small>The opposing Lillye's Special Defense rose!</small><br></div><div class="spacer battle-history"><br></div><div class="battle-history">Shuckle used <strong>Shell Smash</strong>!<br></div><div class="battle-history"><small>Shuckle's Defense won't go any higher!</small><br></div><div class="battle-history"><small>Shuckle's Special Defense won't go any higher!</small><br></div><div class="battle-history"><small>Shuckle's Attack won't go any lower!</small><br></div><div class="battle-history"><small>Shuckle's Special Attack won't go any lower!</small><br></div><div class="battle-history"><small>Shuckle's Speed won't go any lower!</small><br></div><div class="spacer battle-history"><br></div><div class="battle-history"><small>Shuckle restored a little HP using its Leftovers!</small><br></div><div class="battle-history"><small>The opposing team's Reflect wore off!</small><br></div><div class="spacer battle-history"><br></div><h2 class="battle-history">Turn 10</h2><div class="spacer battle-history"><br></div><div class="battle-history"><small>chimikpierot forfeited.</small><br></div><div class="spacer battle-history"><br></div><div class="battle-history"><strong>Amande 22</strong> won the battle!<br></div><div class="chat"><small>chimikpierot left.</small></div><div class="chat">chimikpierot's rating: 1000 → <strong>1000</strong><br>(+0 for losing)</div><div class="chat">Amande 22's rating: 1053 → <strong>1080</strong><br>(+27 for winning)</div></div><div class="inner-preempt"></div></div></div>
</div>
<script>
let daily = Math.floor(Date.now()/1000/60/60/24);document.write('<script src="https://play.pokemonshowdown.com/js/replay-embed.js?version'+daily+'"></'+'script>');
</script>
