<!DOCTYPE html>
<meta charset="utf-8" />
<!-- version 1 -->
<title>UU replay: TheToxicMissMaster vs. austhebossman</title>
<style>
html,body {font-family:Verdana, sans-serif;font-size:10pt;margin:0;padding:0;}body{padding:12px 0;} .battle-log {font-family:Verdana, sans-serif;font-size:10pt;} .battle-log-inline {border:1px solid #AAAAAA;background:#EEF2F5;color:black;max-width:640px;margin:0 auto 80px;padding-bottom:5px;} .battle-log .inner {padding:4px 8px 0px 8px;} .battle-log .inner-preempt {padding:0 8px 4px 8px;} .battle-log .inner-after {margin-top:0.5em;} .battle-log h2 {margin:0.5em -8px;padding:4px 8px;border:1px solid #AAAAAA;background:#E0E7EA;border-left:0;border-right:0;font-family:Verdana, sans-serif;font-size:13pt;} .battle-log .chat {vertical-align:middle;padding:3px 0 3px 0;font-size:8pt;} .battle-log .chat strong {color:#40576A;} .battle-log .chat em {padding:1px 4px 1px 3px;color:#000000;font-style:normal;} .chat.mine {background:rgba(0,0,0,0.05);margin-left:-8px;margin-right:-8px;padding-left:8px;padding-right:8px;} .spoiler {color:#BBBBBB;background:#BBBBBB;padding:0px 3px;} .spoiler:hover, .spoiler:active, .spoiler-shown {color:#000000;background:#E2E2E2;padding:0px 3px;} .spoiler a {color:#BBBBBB;} .spoiler:hover a, .spoiler:active a, .spoiler-shown a {color:#2288CC;} .chat code, .chat .spoiler:hover code, .chat .spoiler:active code, .chat .spoiler-shown code {border:1px solid #C0C0C0;background:#EEEEEE;color:black;padding:0 2px;} .chat .spoiler code {border:1px solid #CCCCCC;background:#CCCCCC;color:#CCCCCC;} .battle-log .rated {padding:3px 4px;} .battle-log .rated strong {color:white;background:#89A;padding:1px 4px;border-radius:4px;} .spacer {margin-top:0.5em;} .message-announce {background:#6688AA;color:white;padding:1px 4px 2px;} .message-announce a, .broadcast-green a, .broadcast-blue a, .broadcast-red a {color:#DDEEFF;} .broadcast-green {background-color:#559955;color:white;padding:2px 4px;} .broadcast-blue {background-color:#6688AA;color:white;padding:2px 4px;} .infobox {border:1px solid #6688AA;padding:2px 4px;} .infobox-limited {max-height:200px;overflow:auto;overflow-x:hidden;} .broadcast-red {background-color:#AA5544;color:white;padding:2px 4px;} .message-learn-canlearn {font-weight:bold;color:#228822;text-decoration:underline;} .message-learn-cannotlearn {font-weight:bold;color:#CC2222;text-decoration:underline;} .message-effect-weak {font-weight:bold;color:#CC2222;} .message-effect-resist {font-weight:bold;color:#6688AA;} .message-effect-immune {font-weight:bold;color:#666666;} .message-learn-list {margin-top:0;margin-bottom:0;} .message-throttle-notice, .message-error {color:#992222;} .message-overflow, .chat small.message-overflow {font-size:0pt;} .message-overflow::before {font-size:9pt;content:'...';} .subtle {color:#3A4A66;}
</style>
<div class="wrapper replay-wrapper" style="max-width:1180px;margin:0 auto">
<input type="hidden" name="replayid" value="uu-538578572" />
<div class="battle"></div><div class="battle-log"></div><div class="replay-controls"></div><div class="replay-controls-2"></div>
<h1 style="font-weight:normal;text-align:center"><strong>UU</strong><br /><a href="http://pokemonshowdown.com/users/thetoxicmissmaster" class="subtle" target="_blank">TheToxicMissMaster</a> vs. <a href="http://pokemonshowdown.com/users/austhebossman" class="subtle" target="_blank">austhebossman</a></h1>
<script type="text/plain" class="battle-log-data">|j|TheToxicMissMaster
|j|austhebossman
|player|p1|TheToxicMissMaster|220
|player|p2|austhebossman|266
|gametype|singles
|gen|6
|tier|UU
|rated
|seed|50714,1389,59431,17132
|rule|Sleep Clause Mod: Limit one foe put to sleep
|rule|Species Clause: Limit one of each Pokémon
|rule|OHKO Clause: OHKO moves are banned
|rule|Moody Clause: Moody is banned
|rule|Evasion Moves Clause: Evasion moves are banned
|rule|Endless Battle Clause: Forcing endless battles is banned
|rule|HP Percentage Mod: HP is shown in percentages
|clearpoke
|poke|p1|Beedrill, M|item
|poke|p1|Gligar, M|item
|poke|p1|Celebi|item
|poke|p1|Umbreon, F|item
|poke|p1|Gyarados, M|item
|poke|p1|Gardevoir, M|item
|poke|p2|Flygon, M|item
|poke|p2|Sylveon, F|item
|poke|p2|Darmanitan, F|item
|poke|p2|Krookodile, M|item
|poke|p2|Porygon2, shiny|item
|poke|p2|Feraligatr, M|item
|rule|Swagger Clause: Swagger is banned
|rule|Baton Pass Clause: Limit one Baton Passer, can't pass Spe and other stats simultaneously
|teampreview
|j|Ventis M
|choice|team 1, team 2, team 3, team 4, team 5, team 6|team 4, team 2, team 3, team 1, team 5, team 6
|
|start
|switch|p1a: Beedrill|Beedrill, M|271\/271
|switch|p2a: Krookodile|Krookodile, M|331\/331
|-ability|p2a: Krookodile|Intimidate|boost
|-unboost|p1a: Beedrill|atk|1
|turn|1
|choice|move protect mega|move stealthrock
|
|detailschange|p1a: Beedrill|Beedrill-Mega, M
|-mega|p1a: Beedrill|Beedrill|Beedrillite
|move|p1a: Beedrill|Protect|p1a: Beedrill
|-singleturn|p1a: Beedrill|Protect
|move|p2a: Krookodile|Stealth Rock|p1a: Beedrill
|-sidestart|p1: TheToxicMissMaster|move: Stealth Rock
|
|upkeep
|turn|2
|choice|move uturn|switch 5
|
|switch|p2a: Porygon2|Porygon2, shiny|374\/374
|-ability|p2a: Porygon2|Download|boost
|-boost|p2a: Porygon2|atk|1
|move|p1a: Beedrill|U-turn|p2a: Porygon2
|-damage|p2a: Porygon2|300\/374
|choice|switch 4|
|
|switch|p1a: Umbreon|Umbreon, F|394\/394
|-damage|p1a: Umbreon|345\/394|[from] Stealth Rock
|
|-heal|p1a: Umbreon|369\/394|[from] item: Leftovers
|upkeep
|turn|3
|choice|move toxic|switch 5
|
|switch|p2a: Krookodile|Krookodile, M|331\/331
|-ability|p2a: Krookodile|Intimidate|boost
|-unboost|p1a: Umbreon|atk|1
|move|p1a: Umbreon|Toxic|p2a: Krookodile
|-status|p2a: Krookodile|tox
|
|-heal|p1a: Umbreon|393\/394|[from] item: Leftovers
|-damage|p2a: Krookodile|311\/331 tox|[from] psn
|upkeep
|turn|4
|choice|move protect|move earthquake
|
|move|p1a: Umbreon|Protect|p1a: Umbreon
|-singleturn|p1a: Umbreon|Protect
|move|p2a: Krookodile|Earthquake|p1a: Umbreon
|-activate|p1a: Umbreon|move: Protect
|
|-heal|p1a: Umbreon|394\/394|[from] item: Leftovers
|-damage|p2a: Krookodile|271\/331 tox|[from] psn
|upkeep
|turn|5
|choice|switch 2|move knockoff
|
|switch|p1a: Gligar|Gligar, M|333\/333
|-damage|p1a: Gligar|292\/333|[from] Stealth Rock
|move|p2a: Krookodile|Knock Off|p1a: Gligar
|-damage|p1a: Gligar|195\/333
|-enditem|p1a: Gligar|Eviolite|[from] move: Knock Off|[of] p2a: Krookodile
|-damage|p2a: Krookodile|238\/331 tox|[from] item: Life Orb
|
|-damage|p2a: Krookodile|178\/331 tox|[from] psn
|upkeep
|turn|6
|choice|move defog|switch 5
|
|switch|p2a: Porygon2|Porygon2, shiny|300\/374
|-ability|p2a: Porygon2|Download|boost
|-boost|p2a: Porygon2|spa|1
|move|p1a: Gligar|Defog|p2a: Porygon2
|-unboost|p2a: Porygon2|evasion|1
|-sideend|p1: TheToxicMissMaster|Stealth Rock|[from] move: Defog|[of] p1a: Gligar
|
|upkeep
|turn|7
|choice|switch 2|move icebeam
|
|switch|p1a: Umbreon|Umbreon, F|394\/394
|move|p2a: Porygon2|Ice Beam|p1a: Umbreon
|-damage|p1a: Umbreon|324\/394
|
|-heal|p1a: Umbreon|348\/394|[from] item: Leftovers
|upkeep
|turn|8
|choice|move wish|switch 6
|
|switch|p2a: Feraligatr|Feraligatr, M|311\/311
|move|p1a: Umbreon|Wish|p1a: Umbreon
|
|-heal|p1a: Umbreon|372\/394|[from] item: Leftovers
|upkeep
|turn|9
|choice|switch 3|move dragondance
|
|switch|p1a: Celebi|Celebi|401\/401
|move|p2a: Feraligatr|Dragon Dance|p2a: Feraligatr
|-boost|p2a: Feraligatr|atk|1
|-boost|p2a: Feraligatr|spe|1
|
|upkeep
|turn|10
|choice|move thunderwave|move icepunch
|
|move|p2a: Feraligatr|Ice Punch|p1a: Celebi
|-supereffective|p1a: Celebi
|-damage|p1a: Celebi|92\/401
|move|p1a: Celebi|Thunder Wave|p2a: Feraligatr
|-status|p2a: Feraligatr|par
|
|-heal|p1a: Celebi|117\/401|[from] item: Leftovers
|upkeep
|turn|11
|choice|move gigadrain|switch 2
|
|switch|p2a: Sylveon|Sylveon, F|393\/393
|move|p1a: Celebi|Giga Drain|p2a: Sylveon
|-damage|p2a: Sylveon|326\/393
|-heal|p1a: Celebi|151\/401|[from] drain|[of] p2a: Sylveon
|
|-heal|p1a: Celebi|176\/401|[from] item: Leftovers
|upkeep
|turn|12
|choice|move uturn|move hypervoice
|
|move|p1a: Celebi|U-turn|p2a: Sylveon
|-resisted|p2a: Sylveon
|-damage|p2a: Sylveon|293\/393
|choice|switch 3|
|
|switch|p1a: Umbreon|Umbreon, F|372\/394
|move|p2a: Sylveon|Hyper Voice|p1a: Umbreon
|-supereffective|p1a: Umbreon
|-damage|p1a: Umbreon|36\/394
|
|-heal|p1a: Umbreon|60\/394|[from] item: Leftovers
|upkeep
|turn|13
|choice|move protect|move hypervoice
|
|move|p1a: Umbreon|Protect|p1a: Umbreon
|-singleturn|p1a: Umbreon|Protect
|move|p2a: Sylveon|Hyper Voice|p1a: Umbreon
|-activate|p1a: Umbreon|move: Protect
|
|-heal|p1a: Umbreon|84\/394|[from] item: Leftovers
|upkeep
|turn|14
|choice|switch 6|move hypervoice
|
|switch|p1a: Gardevoir|Gardevoir, M|277\/277
|-ability|p1a: Gardevoir|Pixilate|[from] ability: Trace|[of] p2a: Sylveon
|move|p2a: Sylveon|Hyper Voice|p1a: Gardevoir
|-damage|p1a: Gardevoir|0 fnt
|faint|p1a: Gardevoir
|
|upkeep
|choice|switch 4|
|
|switch|p1a: Beedrill|Beedrill-Mega, M|271\/271
|turn|15
|choice|move knockoff|switch 6
|
|switch|p2a: Porygon2|Porygon2, shiny|300\/374
|-ability|p2a: Porygon2|Download|boost
|-boost|p2a: Porygon2|atk|1
|move|p1a: Beedrill|Knock Off|p2a: Porygon2
|-damage|p2a: Porygon2|223\/374
|-enditem|p2a: Porygon2|Eviolite|[from] move: Knock Off|[of] p1a: Beedrill
|
|upkeep
|turn|16
|l|Ventis M
|choice|move uturn|move thunderwave
|
|move|p1a: Beedrill|U-turn|p2a: Porygon2
|-damage|p2a: Porygon2|47\/374
|choice|switch 6|
|
|switch|p1a: Umbreon|Umbreon, F|84\/394
|move|p2a: Porygon2|Thunder Wave|p1a: Umbreon
|-status|p1a: Umbreon|par
|-activate|p1a: Umbreon|ability: Synchronize
|-status|p2a: Porygon2|par
|
|-heal|p1a: Umbreon|108\/394 par|[from] item: Leftovers
|upkeep
|turn|17
|choice|move wish|switch 6
|
|switch|p2a: Sylveon|Sylveon, F|293\/393
|move|p1a: Umbreon|Wish|p1a: Umbreon
|
|-heal|p1a: Umbreon|132\/394 par|[from] item: Leftovers
|upkeep
|turn|18
|choice|move protect|move hypervoice
|
|move|p1a: Umbreon|Protect|p1a: Umbreon
|-singleturn|p1a: Umbreon|Protect
|move|p2a: Sylveon|Hyper Voice|p1a: Umbreon
|-activate|p1a: Umbreon|move: Protect
|
|-heal|p1a: Umbreon|329\/394 par|[from] move: Wish|[wisher] Umbreon
|-heal|p1a: Umbreon|353\/394 par|[from] item: Leftovers
|upkeep
|turn|19
|choice|move toxic|move hypervoice
|
|move|p2a: Sylveon|Hyper Voice|p1a: Umbreon
|-supereffective|p1a: Umbreon
|-crit|p1a: Umbreon
|-damage|p1a: Umbreon|0 fnt
|faint|p1a: Umbreon
|
|upkeep
|choice|switch 6|
|
|switch|p1a: Beedrill|Beedrill-Mega, M|271\/271
|turn|20
|choice|move uturn|switch 6
|
|switch|p2a: Porygon2|Porygon2, shiny|47\/374 par
|-ability|p2a: Porygon2|Download|boost
|-boost|p2a: Porygon2|atk|1
|move|p1a: Beedrill|U-turn|p2a: Porygon2
|-damage|p2a: Porygon2|0 fnt
|faint|p2a: Porygon2
|choice|switch 2|
|
|switch|p1a: Gligar|Gligar, M|195\/333
|
|upkeep
|choice||switch 5
|
|switch|p2a: Krookodile|Krookodile, M|178\/331 tox
|-ability|p2a: Krookodile|Intimidate|boost
|-fail|p1a: Gligar|unboost|Attack|[from] ability: Hyper Cutter|[of] p1a: Gligar
|turn|21
|choice|move stealthrock|move taunt
|
|move|p2a: Krookodile|Taunt|p1a: Gligar
|-start|p1a: Gligar|move: Taunt
|cant|p1a: Gligar|move: Taunt|Stealth Rock
|
|-damage|p2a: Krookodile|158\/331 tox|[from] psn
|upkeep
|turn|22
|choice|move uturn|move stealthrock
|
|move|p2a: Krookodile|Stealth Rock|p1a: Gligar
|-sidestart|p1: TheToxicMissMaster|move: Stealth Rock
|move|p1a: Gligar|U-turn|p2a: Krookodile
|-supereffective|p2a: Krookodile
|-damage|p2a: Krookodile|44\/331 tox
|choice|switch 2|
|
|switch|p1a: Beedrill|Beedrill-Mega, M|271\/271
|-damage|p1a: Beedrill|204\/271|[from] Stealth Rock
|
|-damage|p2a: Krookodile|4\/331 tox|[from] psn
|upkeep
|turn|23
|choice|move protect|move knockoff
|
|move|p1a: Beedrill|Protect|p1a: Beedrill
|-singleturn|p1a: Beedrill|Protect
|move|p2a: Krookodile|Knock Off|p1a: Beedrill
|-activate|p1a: Beedrill|move: Protect
|
|-damage|p2a: Krookodile|0 fnt|[from] psn
|upkeep
|faint|p2a: Krookodile
|choice||switch 6
|
|switch|p2a: Sylveon|Sylveon, F|293\/393
|turn|24
|choice|move poisonjab|move hypervoice
|
|move|p1a: Beedrill|Poison Jab|p2a: Sylveon
|-supereffective|p2a: Sylveon
|-damage|p2a: Sylveon|0 fnt
|faint|p2a: Sylveon
|
|upkeep
|choice||switch 3
|
|switch|p2a: Darmanitan|Darmanitan, F|351\/351
|turn|25
|choice|move protect|move flareblitz
|
|move|p1a: Beedrill|Protect|p1a: Beedrill
|-singleturn|p1a: Beedrill|Protect
|move|p2a: Darmanitan|Flare Blitz|p1a: Beedrill
|-activate|p1a: Beedrill|move: Protect
|
|upkeep
|turn|26
|choice|switch 5|switch 2
|
|switch|p2a: Feraligatr|Feraligatr, M|311\/311 par
|switch|p1a: Gyarados|Gyarados, M|331\/331
|-damage|p1a: Gyarados|249\/331|[from] Stealth Rock
|-ability|p1a: Gyarados|Intimidate|boost
|-unboost|p2a: Feraligatr|atk|1
|
|-heal|p1a: Gyarados|269\/331|[from] item: Leftovers
|upkeep
|turn|27
|choice|move dragondance|move dragondance
|
|move|p1a: Gyarados|Dragon Dance|p1a: Gyarados
|-boost|p1a: Gyarados|atk|1
|-boost|p1a: Gyarados|spe|1
|move|p2a: Feraligatr|Dragon Dance|p2a: Feraligatr
|-boost|p2a: Feraligatr|atk|1
|-boost|p2a: Feraligatr|spe|1
|
|-heal|p1a: Gyarados|289\/331|[from] item: Leftovers
|upkeep
|turn|28
|choice|move dragondance|move crunch
|
|move|p1a: Gyarados|Dragon Dance|p1a: Gyarados
|-boost|p1a: Gyarados|atk|1
|-boost|p1a: Gyarados|spe|1
|cant|p2a: Feraligatr|par
|
|-heal|p1a: Gyarados|309\/331|[from] item: Leftovers
|upkeep
|turn|29
|choice|move dragondance|move waterfall
|
|move|p1a: Gyarados|Dragon Dance|p1a: Gyarados
|-boost|p1a: Gyarados|atk|1
|-boost|p1a: Gyarados|spe|1
|move|p2a: Feraligatr|Waterfall|p1a: Gyarados
|-resisted|p1a: Gyarados
|-damage|p1a: Gyarados|161\/331
|
|-heal|p1a: Gyarados|181\/331|[from] item: Leftovers
|upkeep
|turn|30
|choice|move earthquake|move waterfall
|
|move|p1a: Gyarados|Earthquake|p2a: Feraligatr
|-damage|p2a: Feraligatr|9\/311 par
|move|p2a: Feraligatr|Waterfall|p1a: Gyarados
|-resisted|p1a: Gyarados
|-damage|p1a: Gyarados|52\/331
|
|-heal|p1a: Gyarados|72\/331|[from] item: Leftovers
|upkeep
|turn|31
|choice|move earthquake|move waterfall
|
|move|p1a: Gyarados|Earthquake|p2a: Feraligatr
|-damage|p2a: Feraligatr|0 fnt
|faint|p2a: Feraligatr
|
|-heal|p1a: Gyarados|92\/331|[from] item: Leftovers
|upkeep
|choice||switch 4
|
|switch|p2a: Flygon|Flygon, M|301\/301
|turn|32
|choice|move waterfall|move outrage
|
|move|p1a: Gyarados|Waterfall|p2a: Flygon
|-damage|p2a: Flygon|0 fnt
|faint|p2a: Flygon
|
|-heal|p1a: Gyarados|112\/331|[from] item: Leftovers
|upkeep
|c|☆TheToxicMissMaster|ggwp
|-message|austhebossman forfeited.
|
|win|TheToxicMissMaster
|player|p1
|player|p2
|l|austhebossman
|raw|TheToxicMissMaster's rating: 1182 &rarr; <strong>1218<\/strong><br \/>(+36 for winning)
|raw|austhebossman's rating: 1358 &rarr; <strong>1329<\/strong><br \/>(-29 for losing)</script>
</div>
<div class="battle-log battle-log-inline"><div class="inner"><div class="battle-options"></div><div class="inner"><div class="chat"><small>TheToxicMissMaster joined.</small></div><div class="chat"><small>austhebossman joined.</small></div><div class=""><small>Format:</small> <br><strong>UU</strong></div><div class="rated"><strong>Rated battle</strong></div><div class=""><small><em>Sleep Clause Mod:</em> Limit one foe put to sleep</small></div><div class=""><small><em>Species Clause:</em> Limit one of each Pokémon</small></div><div class=""><small><em>OHKO Clause:</em> OHKO moves are banned</small></div><div class=""><small><em>Moody Clause:</em> Moody is banned</small></div><div class=""><small><em>Evasion Moves Clause:</em> Evasion moves are banned</small></div><div class=""><small><em>Endless Battle Clause:</em> Forcing endless battles is banned</small></div><div class=""><small><em>HP Percentage Mod:</em> HP is shown in percentages</small></div><div class=""><small><em>Swagger Clause:</em> Swagger is banned</small></div><div class=""><small><em>Baton Pass Clause:</em> Limit one Baton Passer, can't pass Spe and other stats simultaneously</small></div><div class="chat battle-history"><strong>TheToxicMissMaster's team:</strong> <em style="color:#445566;display:block;">Beedrill / Gligar / Celebi / Umbreon / Gyarados / Gardevoir</em></div><div class="chat battle-history"><strong>austhebossman's team:</strong> <em style="color:#445566;display:block;">Flygon / Sylveon / Darmanitan / Krookodile / Porygon2 / Feraligatr</em></div><div class="chat"><small>Ventis M joined.</small></div><div class="spacer battle-history"><br></div><div class="battle-history">Battle started between TheToxicMissMaster and austhebossman!<br></div><div class="spacer battle-history"><br></div><div class="battle-history">Go! <strong>Beedrill</strong>!<br></div><div class="spacer battle-history"><br></div><div class="battle-history">austhebossman sent out <strong>Krookodile</strong>!<br></div><div class="battle-history"><small>[The opposing Krookodile's Intimidate]</small><br></div><div class="battle-history"><small>Beedrill's Attack fell!</small><br></div><div class="spacer battle-history"><br></div><h2 class="battle-history">Turn 1</h2><div class="spacer battle-history"><br></div><div class="battle-history"><small>Beedrill's Beedrillite is reacting to TheToxicMissMaster's Mega Bracelet!</small><br>Beedrill has Mega Evolved into Mega Beedrill!<br></div><div class="spacer battle-history"><br></div><div class="battle-history">Beedrill used <strong>Protect</strong>!<br></div><div class="battle-history"><small>Beedrill protected itself!</small><br></div><div class="spacer battle-history"><br></div><div class="battle-history">The opposing Krookodile used <strong>Stealth Rock</strong>!<br></div><div class="battle-history"><small>Pointed stones float in the air around your team!</small><br></div><div class="spacer battle-history"><br></div><h2 class="battle-history">Turn 2</h2><div class="spacer battle-history"><br></div><div class="battle-history">austhebossman withdrew Krookodile!<br></div><div class="battle-history">austhebossman sent out <strong>Porygon2</strong>!<br></div><div class="battle-history"><small>[The opposing Porygon2's Download]</small><br></div><div class="battle-history"><small>The opposing Porygon2's Attack rose!</small><br></div><div class="spacer battle-history"><br></div><div class="battle-history">Beedrill used <strong>U-turn</strong>!<br></div><div class="battle-history"><small>(The opposing Porygon2 lost <abbr title="−74/374">19.8%</abbr> of its health!)</small><br></div><div class="spacer battle-history"><br></div><div class="battle-history">Beedrill went back to TheToxicMissMaster!<br></div><div class="battle-history">Go! <strong>Umbreon</strong>!<br></div><div class="battle-history"><small>Pointed stones dug into Umbreon!</small><br></div><div class="spacer battle-history"><br></div><div class="battle-history"><small>Umbreon restored a little HP using its Leftovers!</small><br></div><div class="spacer battle-history"><br></div><h2 class="battle-history">Turn 3</h2><div class="spacer battle-history"><br></div><div class="battle-history">austhebossman withdrew Porygon2!<br></div><div class="battle-history">austhebossman sent out <strong>Krookodile</strong>!<br></div><div class="battle-history"><small>[The opposing Krookodile's Intimidate]</small><br></div><div class="battle-history"><small>Umbreon's Attack fell!</small><br></div><div class="spacer battle-history"><br></div><div class="battle-history">Umbreon used <strong>Toxic</strong>!<br></div><div class="battle-history"><small>The opposing Krookodile was badly poisoned!</small><br></div><div class="spacer battle-history"><br></div><div class="battle-history"><small>Umbreon restored a little HP using its Leftovers!</small><br></div><div class="battle-history"><small>The opposing Krookodile was hurt by poison!</small><br></div><div class="spacer battle-history"><br></div><h2 class="battle-history">Turn 4</h2><div class="spacer battle-history"><br></div><div class="battle-history">Umbreon used <strong>Protect</strong>!<br></div><div class="battle-history"><small>Umbreon protected itself!</small><br></div><div class="spacer battle-history"><br></div><div class="battle-history">The opposing Krookodile used <strong>Earthquake</strong>!<br></div><div class="battle-history"><small>Umbreon protected itself!</small><br></div><div class="spacer battle-history"><br></div><div class="battle-history"><small>Umbreon restored a little HP using its Leftovers!</small><br></div><div class="battle-history"><small>The opposing Krookodile was hurt by poison!</small><br></div><div class="spacer battle-history"><br></div><h2 class="battle-history">Turn 5</h2><div class="spacer battle-history"><br></div><div class="battle-history">Umbreon, come back!<br></div><div class="battle-history">Go! <strong>Gligar</strong>!<br></div><div class="battle-history"><small>Pointed stones dug into Gligar!</small><br></div><div class="spacer battle-history"><br></div><div class="battle-history">The opposing Krookodile used <strong>Knock Off</strong>!<br></div><div class="battle-history"><small>(Gligar lost <abbr title="−97/333">29.1%</abbr> of its health!)</small><br></div><div class="battle-history"><small>The opposing Krookodile knocked off Gligar's Eviolite!</small><br></div><div class="battle-history"><small>The opposing Krookodile lost some of its HP!</small><br></div><div class="spacer battle-history"><br></div><div class="battle-history"><small>The opposing Krookodile was hurt by poison!</small><br></div><div class="spacer battle-history"><br></div><h2 class="battle-history">Turn 6</h2><div class="spacer battle-history"><br></div><div class="battle-history">austhebossman withdrew Krookodile!<br></div><div class="battle-history">austhebossman sent out <strong>Porygon2</strong>!<br></div><div class="battle-history"><small>[The opposing Porygon2's Download]</small><br></div><div class="battle-history"><small>The opposing Porygon2's Special Attack rose!</small><br></div><div class="spacer battle-history"><br></div><div class="battle-history">Gligar used <strong>Defog</strong>!<br></div><div class="battle-history"><small>The opposing Porygon2's evasiveness fell!</small><br></div><div class="battle-history"><small>The pointed stones disappeared from around your team!</small><br></div><div class="spacer battle-history"><br></div><h2 class="battle-history">Turn 7</h2><div class="spacer battle-history"><br></div><div class="battle-history">Gligar, come back!<br></div><div class="battle-history">Go! <strong>Umbreon</strong>!<br></div><div class="spacer battle-history"><br></div><div class="battle-history">The opposing Porygon2 used <strong>Ice Beam</strong>!<br></div><div class="battle-history"><small>(Umbreon lost <abbr title="−70/394">17.8%</abbr> of its health!)</small><br></div><div class="spacer battle-history"><br></div><div class="battle-history"><small>Umbreon restored a little HP using its Leftovers!</small><br></div><div class="spacer battle-history"><br></div><h2 class="battle-history">Turn 8</h2><div class="spacer battle-history"><br></div><div class="battle-history">austhebossman withdrew Porygon2!<br></div><div class="battle-history">austhebossman sent out <strong>Feraligatr</strong>!<br></div><div class="spacer battle-history"><br></div><div class="battle-history">Umbreon used <strong>Wish</strong>!<br></div><div class="spacer battle-history"><br></div><div class="battle-history"><small>Umbreon restored a little HP using its Leftovers!</small><br></div><div class="spacer battle-history"><br></div><h2 class="battle-history">Turn 9</h2><div class="spacer battle-history"><br></div><div class="battle-history">Umbreon, come back!<br></div><div class="battle-history">Go! <strong>Celebi</strong>!<br></div><div class="spacer battle-history"><br></div><div class="battle-history">The opposing Feraligatr used <strong>Dragon Dance</strong>!<br></div><div class="battle-history"><small>The opposing Feraligatr's Attack rose!</small><br></div><div class="battle-history"><small>The opposing Feraligatr's Speed rose!</small><br></div><div class="spacer battle-history"><br></div><h2 class="battle-history">Turn 10</h2><div class="spacer battle-history"><br></div><div class="battle-history">The opposing Feraligatr used <strong>Ice Punch</strong>!<br></div><div class="battle-history"><small>It's super effective!</small><br></div><div class="battle-history"><small>(Celebi lost <abbr title="−309/401">77.1%</abbr> of its health!)</small><br></div><div class="spacer battle-history"><br></div><div class="battle-history">Celebi used <strong>Thunder Wave</strong>!<br></div><div class="battle-history"><small>The opposing Feraligatr is paralyzed! It may be unable to move!</small><br></div><div class="spacer battle-history"><br></div><div class="battle-history"><small>Celebi restored a little HP using its Leftovers!</small><br></div><div class="spacer battle-history"><br></div><h2 class="battle-history">Turn 11</h2><div class="spacer battle-history"><br></div><div class="battle-history">austhebossman withdrew Feraligatr!<br></div><div class="battle-history">austhebossman sent out <strong>Sylveon</strong>!<br></div><div class="spacer battle-history"><br></div><div class="battle-history">Celebi used <strong>Giga Drain</strong>!<br></div><div class="battle-history"><small>(The opposing Sylveon lost <abbr title="−67/393">17.0%</abbr> of its health!)</small><br></div><div class="battle-history"><small>The opposing Sylveon had its energy drained!</small><br></div><div class="spacer battle-history"><br></div><div class="battle-history"><small>Celebi restored a little HP using its Leftovers!</small><br></div><div class="spacer battle-history"><br></div><h2 class="battle-history">Turn 12</h2><div class="spacer battle-history"><br></div><div class="battle-history">Celebi used <strong>U-turn</strong>!<br></div><div class="battle-history"><small>It's not very effective...</small><br></div><div class="battle-history"><small>(The opposing Sylveon lost <abbr title="−33/393">8.4%</abbr> of its health!)</small><br></div><div class="spacer battle-history"><br></div><div class="battle-history">Celebi went back to TheToxicMissMaster!<br></div><div class="battle-history">Go! <strong>Umbreon</strong>!<br></div><div class="spacer battle-history"><br></div><div class="battle-history">The opposing Sylveon used <strong>Hyper Voice</strong>!<br></div><div class="battle-history"><small>It's super effective!</small><br></div><div class="battle-history"><small>(Umbreon lost <abbr title="−336/394">85.3%</abbr> of its health!)</small><br></div><div class="spacer battle-history"><br></div><div class="battle-history"><small>Umbreon restored a little HP using its Leftovers!</small><br></div><div class="spacer battle-history"><br></div><h2 class="battle-history">Turn 13</h2><div class="spacer battle-history"><br></div><div class="battle-history">Umbreon used <strong>Protect</strong>!<br></div><div class="battle-history"><small>Umbreon protected itself!</small><br></div><div class="spacer battle-history"><br></div><div class="battle-history">The opposing Sylveon used <strong>Hyper Voice</strong>!<br></div><div class="battle-history"><small>Umbreon protected itself!</small><br></div><div class="spacer battle-history"><br></div><div class="battle-history"><small>Umbreon restored a little HP using its Leftovers!</small><br></div><div class="spacer battle-history"><br></div><h2 class="battle-history">Turn 14</h2><div class="spacer battle-history"><br></div><div class="battle-history">Umbreon, come back!<br></div><div class="battle-history">Go! <strong>Gardevoir</strong>!<br></div><div class="battle-history"><small>[Gardevoir's Trace]</small><br><small>[Gardevoir's Pixilate]</small><br><small>Gardevoir traced the opposing Sylveon's Pixilate!</small><br></div><div class="spacer battle-history"><br></div><div class="battle-history">The opposing Sylveon used <strong>Hyper Voice</strong>!<br></div><div class="battle-history"><small>(Gardevoir lost <abbr title="−277/277">100%</abbr> of its health!)</small><br></div><div class="spacer battle-history"><br></div><div class="battle-history">Gardevoir fainted!<br></div><div class="spacer battle-history"><br></div><div class="battle-history">Go! Beedrill (<strong>Beedrill-Mega</strong>)!<br></div><div class="spacer battle-history"><br></div><h2 class="battle-history">Turn 15</h2><div class="spacer battle-history"><br></div><div class="battle-history">austhebossman withdrew Sylveon!<br></div><div class="battle-history">austhebossman sent out <strong>Porygon2</strong>!<br></div><div class="battle-history"><small>[The opposing Porygon2's Download]</small><br></div><div class="battle-history"><small>The opposing Porygon2's Attack rose!</small><br></div><div class="spacer battle-history"><br></div><div class="battle-history">Beedrill used <strong>Knock Off</strong>!<br></div><div class="battle-history"><small>(The opposing Porygon2 lost <abbr title="−77/374">20.6%</abbr> of its health!)</small><br></div><div class="battle-history"><small>Beedrill knocked off the opposing Porygon2's Eviolite!</small><br></div><div class="spacer battle-history"><br></div><h2 class="battle-history">Turn 16</h2><div class="chat"><small>Ventis M left.</small></div><div class="spacer battle-history"><br></div><div class="battle-history">Beedrill used <strong>U-turn</strong>!<br></div><div class="battle-history"><small>(The opposing Porygon2 lost <abbr title="−176/374">47.1%</abbr> of its health!)</small><br></div><div class="spacer battle-history"><br></div><div class="battle-history">Beedrill went back to TheToxicMissMaster!<br></div><div class="battle-history">Go! <strong>Umbreon</strong>!<br></div><div class="spacer battle-history"><br></div><div class="battle-history">The opposing Porygon2 used <strong>Thunder Wave</strong>!<br></div><div class="battle-history"><small>Umbreon is paralyzed! It may be unable to move!</small><br></div><div class="battle-history"><small>[Umbreon's Synchronize]</small><br></div><div class="battle-history"><small>The opposing Porygon2 is paralyzed! It may be unable to move!</small><br></div><div class="spacer battle-history"><br></div><div class="battle-history"><small>Umbreon restored a little HP using its Leftovers!</small><br></div><div class="spacer battle-history"><br></div><h2 class="battle-history">Turn 17</h2><div class="spacer battle-history"><br></div><div class="battle-history">austhebossman withdrew Porygon2!<br></div><div class="battle-history">austhebossman sent out <strong>Sylveon</strong>!<br></div><div class="spacer battle-history"><br></div><div class="battle-history">Umbreon used <strong>Wish</strong>!<br></div><div class="spacer battle-history"><br></div><div class="battle-history"><small>Umbreon restored a little HP using its Leftovers!</small><br></div><div class="spacer battle-history"><br></div><h2 class="battle-history">Turn 18</h2><div class="spacer battle-history"><br></div><div class="battle-history">Umbreon used <strong>Protect</strong>!<br></div><div class="battle-history"><small>Umbreon protected itself!</small><br></div><div class="spacer battle-history"><br></div><div class="battle-history">The opposing Sylveon used <strong>Hyper Voice</strong>!<br></div><div class="battle-history"><small>Umbreon protected itself!</small><br></div><div class="spacer battle-history"><br></div><div class="battle-history"><small>Umbreon's wish came true!</small><br></div><div class="battle-history"><small>Umbreon restored a little HP using its Leftovers!</small><br></div><div class="spacer battle-history"><br></div><h2 class="battle-history">Turn 19</h2><div class="spacer battle-history"><br></div><div class="battle-history">The opposing Sylveon used <strong>Hyper Voice</strong>!<br></div><div class="battle-history"><small>It's super effective!</small><br></div><div class="battle-history"><small>A critical hit!</small><br></div><div class="battle-history"><small>(Umbreon lost <abbr title="−353/394">89.6%</abbr> of its health!)</small><br></div><div class="spacer battle-history"><br></div><div class="battle-history">Umbreon fainted!<br></div><div class="spacer battle-history"><br></div><div class="battle-history">Go! Beedrill (<strong>Beedrill-Mega</strong>)!<br></div><div class="spacer battle-history"><br></div><h2 class="battle-history">Turn 20</h2><div class="spacer battle-history"><br></div><div class="battle-history">austhebossman withdrew Sylveon!<br></div><div class="battle-history">austhebossman sent out <strong>Porygon2</strong>!<br></div><div class="battle-history"><small>[The opposing Porygon2's Download]</small><br></div><div class="battle-history"><small>The opposing Porygon2's Attack rose!</small><br></div><div class="spacer battle-history"><br></div><div class="battle-history">Beedrill used <strong>U-turn</strong>!<br></div><div class="battle-history"><small>(The opposing Porygon2 lost <abbr title="−47/374">12.6%</abbr> of its health!)</small><br></div><div class="spacer battle-history"><br></div><div class="battle-history">The opposing Porygon2 fainted!<br></div><div class="spacer battle-history"><br></div><div class="battle-history">Beedrill went back to TheToxicMissMaster!<br></div><div class="battle-history">Go! <strong>Gligar</strong>!<br></div><div class="spacer battle-history"><br></div><div class="battle-history">austhebossman sent out <strong>Krookodile</strong>!<br></div><div class="battle-history"><small>[The opposing Krookodile's Intimidate]</small><br></div><div class="battle-history"><small>[Gligar's Hyper Cutter]</small><br><small>Gligar's Attack was not lowered!</small><br></div><div class="spacer battle-history"><br></div><h2 class="battle-history">Turn 21</h2><div class="spacer battle-history"><br></div><div class="battle-history">The opposing Krookodile used <strong>Taunt</strong>!<br></div><div class="battle-history"><small>Gligar fell for the taunt!</small><br></div><div class="spacer battle-history"><br></div><div class="battle-history">Gligar can't use Stealth Rock after the taunt!<br></div><div class="spacer battle-history"><br></div><div class="battle-history"><small>The opposing Krookodile was hurt by poison!</small><br></div><div class="spacer battle-history"><br></div><h2 class="battle-history">Turn 22</h2><div class="spacer battle-history"><br></div><div class="battle-history">The opposing Krookodile used <strong>Stealth Rock</strong>!<br></div><div class="battle-history"><small>Pointed stones float in the air around your team!</small><br></div><div class="spacer battle-history"><br></div><div class="battle-history">Gligar used <strong>U-turn</strong>!<br></div><div class="battle-history"><small>It's super effective!</small><br></div><div class="battle-history"><small>(The opposing Krookodile lost <abbr title="−114/331">34.4%</abbr> of its health!)</small><br></div><div class="spacer battle-history"><br></div><div class="battle-history">Gligar went back to TheToxicMissMaster!<br></div><div class="battle-history">Go! Beedrill (<strong>Beedrill-Mega</strong>)!<br></div><div class="battle-history"><small>Pointed stones dug into Beedrill!</small><br></div><div class="spacer battle-history"><br></div><div class="battle-history"><small>The opposing Krookodile was hurt by poison!</small><br></div><div class="spacer battle-history"><br></div><h2 class="battle-history">Turn 23</h2><div class="spacer battle-history"><br></div><div class="battle-history">Beedrill used <strong>Protect</strong>!<br></div><div class="battle-history"><small>Beedrill protected itself!</small><br></div><div class="spacer battle-history"><br></div><div class="battle-history">The opposing Krookodile used <strong>Knock Off</strong>!<br></div><div class="battle-history"><small>Beedrill protected itself!</small><br></div><div class="spacer battle-history"><br></div><div class="battle-history"><small>The opposing Krookodile was hurt by poison!</small><br></div><div class="spacer battle-history"><br></div><div class="battle-history">The opposing Krookodile fainted!<br></div><div class="spacer battle-history"><br></div><div class="battle-history">austhebossman sent out <strong>Sylveon</strong>!<br></div><div class="spacer battle-history"><br></div><h2 class="battle-history">Turn 24</h2><div class="spacer battle-history"><br></div><div class="battle-history">Beedrill used <strong>Poison Jab</strong>!<br></div><div class="battle-history"><small>It's super effective!</small><br></div><div class="battle-history"><small>(The opposing Sylveon lost <abbr title="−293/393">74.6%</abbr> of its health!)</small><br></div><div class="spacer battle-history"><br></div><div class="battle-history">The opposing Sylveon fainted!<br></div><div class="spacer battle-history"><br></div><div class="battle-history">austhebossman sent out <strong>Darmanitan</strong>!<br></div><div class="spacer battle-history"><br></div><h2 class="battle-history">Turn 25</h2><div class="spacer battle-history"><br></div><div class="battle-history">Beedrill used <strong>Protect</strong>!<br></div><div class="battle-history"><small>Beedrill protected itself!</small><br></div><div class="spacer battle-history"><br></div><div class="battle-history">The opposing Darmanitan used <strong>Flare Blitz</strong>!<br></div><div class="battle-history"><small>Beedrill protected itself!</small><br></div><div class="spacer battle-history"><br></div><h2 class="battle-history">Turn 26</h2><div class="spacer battle-history"><br></div><div class="battle-history">austhebossman withdrew Darmanitan!<br></div><div class="battle-history">austhebossman sent out <strong>Feraligatr</strong>!<br></div><div class="spacer battle-history"><br></div><div class="battle-history">Beedrill, come back!<br></div><div class="battle-history">Go! <strong>Gyarados</strong>!<br></div><div class="battle-history"><small>Pointed stones dug into Gyarados!</small><br></div><div class="battle-history"><small>[Gyarados's Intimidate]</small><br></div><div class="battle-history"><small>The opposing Feraligatr's Attack fell!</small><br></div><div class="spacer battle-history"><br></div><div class="battle-history"><small>Gyarados restored a little HP using its Leftovers!</small><br></div><div class="spacer battle-history"><br></div><h2 class="battle-history">Turn 27</h2><div class="spacer battle-history"><br></div><div class="battle-history">Gyarados used <strong>Dragon Dance</strong>!<br></div><div class="battle-history"><small>Gyarados's Attack rose!</small><br></div><div class="battle-history"><small>Gyarados's Speed rose!</small><br></div><div class="spacer battle-history"><br></div><div class="battle-history">The opposing Feraligatr used <strong>Dragon Dance</strong>!<br></div><div class="battle-history"><small>The opposing Feraligatr's Attack rose!</small><br></div><div class="battle-history"><small>The opposing Feraligatr's Speed rose!</small><br></div><div class="spacer battle-history"><br></div><div class="battle-history"><small>Gyarados restored a little HP using its Leftovers!</small><br></div><div class="spacer battle-history"><br></div><h2 class="battle-history">Turn 28</h2><div class="spacer battle-history"><br></div><div class="battle-history">Gyarados used <strong>Dragon Dance</strong>!<br></div><div class="battle-history"><small>Gyarados's Attack rose!</small><br></div><div class="battle-history"><small>Gyarados's Speed rose!</small><br></div><div class="spacer battle-history"><br></div><div class="battle-history">The opposing Feraligatr is paralyzed! It can't move!<br></div><div class="spacer battle-history"><br></div><div class="battle-history"><small>Gyarados restored a little HP using its Leftovers!</small><br></div><div class="spacer battle-history"><br></div><h2 class="battle-history">Turn 29</h2><div class="spacer battle-history"><br></div><div class="battle-history">Gyarados used <strong>Dragon Dance</strong>!<br></div><div class="battle-history"><small>Gyarados's Attack rose!</small><br></div><div class="battle-history"><small>Gyarados's Speed rose!</small><br></div><div class="spacer battle-history"><br></div><div class="battle-history">The opposing Feraligatr used <strong>Waterfall</strong>!<br></div><div class="battle-history"><small>It's not very effective...</small><br></div><div class="battle-history"><small>(Gyarados lost <abbr title="−148/331">44.7%</abbr> of its health!)</small><br></div><div class="spacer battle-history"><br></div><div class="battle-history"><small>Gyarados restored a little HP using its Leftovers!</small><br></div><div class="spacer battle-history"><br></div><h2 class="battle-history">Turn 30</h2><div class="spacer battle-history"><br></div><div class="battle-history">Gyarados used <strong>Earthquake</strong>!<br></div><div class="battle-history"><small>(The opposing Feraligatr lost <abbr title="−302/311">97.1%</abbr> of its health!)</small><br></div><div class="spacer battle-history"><br></div><div class="battle-history">The opposing Feraligatr used <strong>Waterfall</strong>!<br></div><div class="battle-history"><small>It's not very effective...</small><br></div><div class="battle-history"><small>(Gyarados lost <abbr title="−129/331">39.0%</abbr> of its health!)</small><br></div><div class="spacer battle-history"><br></div><div class="battle-history"><small>Gyarados restored a little HP using its Leftovers!</small><br></div><div class="spacer battle-history"><br></div><h2 class="battle-history">Turn 31</h2><div class="spacer battle-history"><br></div><div class="battle-history">Gyarados used <strong>Earthquake</strong>!<br></div><div class="battle-history"><small>(The opposing Feraligatr lost <abbr title="−9/311">2.9%</abbr> of its health!)</small><br></div><div class="spacer battle-history"><br></div><div class="battle-history">The opposing Feraligatr fainted!<br></div><div class="spacer battle-history"><br></div><div class="battle-history"><small>Gyarados restored a little HP using its Leftovers!</small><br></div><div class="spacer battle-history"><br></div><div class="battle-history">austhebossman sent out <strong>Flygon</strong>!<br></div><div class="spacer battle-history"><br></div><h2 class="battle-history">Turn 32</h2><div class="spacer battle-history"><br></div><div class="battle-history">Gyarados used <strong>Waterfall</strong>!<br></div><div class="battle-history"><small>(The opposing Flygon lost <abbr title="−301/301">100%</abbr> of its health!)</small><br></div><div class="spacer battle-history"><br></div><div class="battle-history">The opposing Flygon fainted!<br></div><div class="spacer battle-history"><br></div><div class="battle-history"><small>Gyarados restored a little HP using its Leftovers!</small><br></div><div class="chat chatmessage-thetoxicmissmaster"><strong style="color:hsl(290,56%,45.7073753453682%)"><small>☆</small><span class="username" data-name="TheToxicMissMaster">TheToxicMissMaster</span>:</strong> <em>ggwp</em></div><div class="spacer battle-history"><br></div><div class="battle-history"><small>austhebossman forfeited.</small><br></div><div class="spacer battle-history"><br></div><div class="battle-history"><strong>TheToxicMissMaster</strong> won the battle!<br></div><div class="chat"><small>austhebossman left.</small></div><div class="chat">TheToxicMissMaster's rating: 1182 → <strong>1218</strong><br>(+36 for winning)</div><div class="chat">austhebossman's rating: 1358 → <strong>1329</strong><br>(-29 for losing)</div></div><div class="inner-preempt"></div></div></div>
</div>
<script>
let daily = Math.floor(Date.now()/1000/60/60/24);document.write('<script src="https://play.pokemonshowdown.com/js/replay-embed.js?version'+daily+'"></'+'script>');
</script>
