<!DOCTYPE html>
<meta charset="utf-8" />
<!-- version 1 -->
<title>UU replay: Parnstar vs. Forres</title>
<style>
html,body {font-family:Verdana, sans-serif;font-size:10pt;margin:0;padding:0;}body{padding:12px 0;} .battle-log {font-family:Verdana, sans-serif;font-size:10pt;} .battle-log-inline {border:1px solid #AAAAAA;background:#EEF2F5;color:black;max-width:640px;margin:0 auto 80px;padding-bottom:5px;} .battle-log .inner {padding:4px 8px 0px 8px;} .battle-log .inner-preempt {padding:0 8px 4px 8px;} .battle-log .inner-after {margin-top:0.5em;} .battle-log h2 {margin:0.5em -8px;padding:4px 8px;border:1px solid #AAAAAA;background:#E0E7EA;border-left:0;border-right:0;font-family:Verdana, sans-serif;font-size:13pt;} .battle-log .chat {vertical-align:middle;padding:3px 0 3px 0;font-size:8pt;} .battle-log .chat strong {color:#40576A;} .battle-log .chat em {padding:1px 4px 1px 3px;color:#000000;font-style:normal;} .chat.mine {background:rgba(0,0,0,0.05);margin-left:-8px;margin-right:-8px;padding-left:8px;padding-right:8px;} .spoiler {color:#BBBBBB;background:#BBBBBB;padding:0px 3px;} .spoiler:hover, .spoiler:active, .spoiler-shown {color:#000000;background:#E2E2E2;padding:0px 3px;} .spoiler a {color:#BBBBBB;} .spoiler:hover a, .spoiler:active a, .spoiler-shown a {color:#2288CC;} .chat code, .chat .spoiler:hover code, .chat .spoiler:active code, .chat .spoiler-shown code {border:1px solid #C0C0C0;background:#EEEEEE;color:black;padding:0 2px;} .chat .spoiler code {border:1px solid #CCCCCC;background:#CCCCCC;color:#CCCCCC;} .battle-log .rated {padding:3px 4px;} .battle-log .rated strong {color:white;background:#89A;padding:1px 4px;border-radius:4px;} .spacer {margin-top:0.5em;} .message-announce {background:#6688AA;color:white;padding:1px 4px 2px;} .message-announce a, .broadcast-green a, .broadcast-blue a, .broadcast-red a {color:#DDEEFF;} .broadcast-green {background-color:#559955;color:white;padding:2px 4px;} .broadcast-blue {background-color:#6688AA;color:white;padding:2px 4px;} .infobox {border:1px solid #6688AA;padding:2px 4px;} .infobox-limited {max-height:200px;overflow:auto;overflow-x:hidden;} .broadcast-red {background-color:#AA5544;color:white;padding:2px 4px;} .message-learn-canlearn {font-weight:bold;color:#228822;text-decoration:underline;} .message-learn-cannotlearn {font-weight:bold;color:#CC2222;text-decoration:underline;} .message-effect-weak {font-weight:bold;color:#CC2222;} .message-effect-resist {font-weight:bold;color:#6688AA;} .message-effect-immune {font-weight:bold;color:#666666;} .message-learn-list {margin-top:0;margin-bottom:0;} .message-throttle-notice, .message-error {color:#992222;} .message-overflow, .chat small.message-overflow {font-size:0pt;} .message-overflow::before {font-size:9pt;content:'...';} .subtle {color:#3A4A66;}
</style>
<div class="wrapper replay-wrapper" style="max-width:1180px;margin:0 auto">
<input type="hidden" name="replayid" value="uu-538412993" />
<div class="battle"></div><div class="battle-log"></div><div class="replay-controls"></div><div class="replay-controls-2"></div>
<h1 style="font-weight:normal;text-align:center"><strong>UU</strong><br /><a href="http://pokemonshowdown.com/users/parnstar" class="subtle" target="_blank">Parnstar</a> vs. <a href="http://pokemonshowdown.com/users/forres" class="subtle" target="_blank">Forres</a></h1>
<script type="text/plain" class="battle-log-data">|j|Parnstar
|j|Forres
|player|p1|Parnstar|24
|player|p2|Forres|102
|gametype|singles
|gen|6
|tier|UU
|rated
|seed|59365,3536,26389,42313
|rule|Sleep Clause Mod: Limit one foe put to sleep
|rule|Species Clause: Limit one of each Pokémon
|rule|OHKO Clause: OHKO moves are banned
|rule|Moody Clause: Moody is banned
|rule|Evasion Moves Clause: Evasion moves are banned
|rule|Endless Battle Clause: Forcing endless battles is banned
|rule|HP Percentage Mod: HP is shown in percentages
|clearpoke
|poke|p1|Conkeldurr, M, shiny|item
|poke|p1|Magneton, shiny|item
|poke|p1|Porygon-Z|item
|poke|p1|Whimsicott, M, shiny|item
|poke|p1|Entei, shiny|item
|poke|p1|Tentacruel, F|item
|poke|p2|Cinccino, F, shiny|item
|poke|p2|Aerodactyl, F|item
|poke|p2|Scrafty, F|item
|poke|p2|Aromatisse, M|item
|poke|p2|Escavalier, F|item
|poke|p2|Kadabra, M|item
|rule|Swagger Clause: Swagger is banned
|rule|Baton Pass Clause: Limit one Baton Passer, can't pass Spe and other stats simultaneously
|teampreview
|choice|team 1, team 2, team 3, team 4, team 5, team 6|team 3, team 2, team 1, team 4, team 5, team 6
|
|start
|switch|p1a: Mandingo|Conkeldurr, M, shiny|414\/414
|switch|p2a: Scrafty|Scrafty, F|271\/271
|-ability|p2a: Scrafty|Intimidate|boost
|-unboost|p1a: Mandingo|atk|1
|turn|1
|choice|move knockoff|switch 4
|
|switch|p2a: Aromatisse|Aromatisse, M|388\/388
|move|p1a: Mandingo|Knock Off|p2a: Aromatisse
|-resisted|p2a: Aromatisse
|-damage|p2a: Aromatisse|337\/388
|-enditem|p2a: Aromatisse|Leftovers|[from] move: Knock Off|[of] p1a: Mandingo
|
|-status|p1a: Mandingo|brn|[from] item: Flame Orb
|upkeep
|turn|2
|choice|move poisonjab|move moonblast
|
|move|p1a: Mandingo|Poison Jab|p2a: Aromatisse
|-supereffective|p2a: Aromatisse
|-damage|p2a: Aromatisse|59\/388
|-status|p2a: Aromatisse|psn
|move|p2a: Aromatisse|Moonblast|p1a: Mandingo
|-supereffective|p1a: Mandingo
|-damage|p1a: Mandingo|58\/414 brn
|
|-damage|p1a: Mandingo|7\/414 brn|[from] brn
|-damage|p2a: Aromatisse|11\/388 psn|[from] psn
|upkeep
|turn|3
|choice|switch 6|move protect
|
|switch|p1a: Hitomi Tanaka|Tentacruel, F|301\/301
|move|p2a: Aromatisse|Protect|p2a: Aromatisse
|-fail|p2a: Aromatisse
|
|-damage|p2a: Aromatisse|0 fnt|[from] psn
|upkeep
|faint|p2a: Aromatisse
|choice||switch 4
|
|switch|p2a: Scrafty|Scrafty, F|271\/271
|-ability|p2a: Scrafty|Intimidate|boost
|-unboost|p1a: Hitomi Tanaka|atk|1
|turn|4
|choice|move hydropump|move dragondance
|
|move|p1a: Hitomi Tanaka|Hydro Pump|p2a: Scrafty
|-damage|p2a: Scrafty|159\/271
|move|p2a: Scrafty|Dragon Dance|p2a: Scrafty
|-boost|p2a: Scrafty|atk|1
|-boost|p2a: Scrafty|spe|1
|
|upkeep
|turn|5
|choice|move hydropump|move knockoff
|
|move|p2a: Scrafty|Knock Off|p1a: Hitomi Tanaka
|-damage|p1a: Hitomi Tanaka|70\/301
|-enditem|p1a: Hitomi Tanaka|Black Sludge|[from] move: Knock Off|[of] p2a: Scrafty
|move|p1a: Hitomi Tanaka|Hydro Pump|p2a: Scrafty
|-damage|p2a: Scrafty|50\/271
|
|upkeep
|turn|6
|choice|move sludgewave|move knockoff
|
|move|p2a: Scrafty|Knock Off|p1a: Hitomi Tanaka
|-damage|p1a: Hitomi Tanaka|0 fnt
|faint|p1a: Hitomi Tanaka
|
|upkeep
|choice|switch 5|
|
|switch|p1a: Ash could of caugh|Entei, shiny|371\/371
|-ability|p1a: Ash could of caugh|Pressure
|turn|7
|choice|move extremespeed|move drainpunch
|
|move|p1a: Ash could of caugh|Extreme Speed|p2a: Scrafty
|-damage|p2a: Scrafty|0 fnt
|faint|p2a: Scrafty
|
|upkeep
|choice||switch 2
|
|switch|p2a: Aerodactyl|Aerodactyl, F|301\/301
|turn|8
|choice|move sacredfire|move stealthrock
|
|move|p2a: Aerodactyl|Stealth Rock|p1a: Ash could of caugh
|-sidestart|p1: Parnstar|move: Stealth Rock
|move|p1a: Ash could of caugh|Sacred Fire|p2a: Aerodactyl
|-resisted|p2a: Aerodactyl
|-damage|p2a: Aerodactyl|134\/301
|-status|p2a: Aerodactyl|brn
|
|-damage|p2a: Aerodactyl|97\/301 brn|[from] brn
|upkeep
|turn|9
|choice|switch 4|move earthpower
|
|switch|p1a: Presscott|Whimsicott, M, shiny|261\/261
|-damage|p1a: Presscott|229\/261|[from] Stealth Rock
|move|p2a: Aerodactyl|Earth Power|p1a: Presscott
|-resisted|p1a: Presscott
|-damage|p1a: Presscott|187\/261
|
|-damage|p2a: Aerodactyl|60\/301 brn|[from] brn
|upkeep
|turn|10
|choice|move naturepower|move heatwave
|
|move|p1a: Presscott|Nature Power|p2a: Aerodactyl
|move|p1a: Presscott|Tri Attack|p2a: Aerodactyl|[from]Nature Power
|-resisted|p2a: Aerodactyl
|-damage|p2a: Aerodactyl|17\/301 brn
|move|p2a: Aerodactyl|Heat Wave|p1a: Presscott
|-supereffective|p1a: Presscott
|-damage|p1a: Presscott|0 fnt
|faint|p1a: Presscott
|
|-damage|p2a: Aerodactyl|0 fnt|[from] brn
|upkeep
|faint|p2a: Aerodactyl
|choice|switch 6|switch 6
|
|switch|p2a: Kadabra|Kadabra, M|221\/221
|switch|p1a: Mandingo|Conkeldurr, M, shiny|7\/414 brn
|-damage|p1a: Mandingo|0 fnt|[from] Stealth Rock
|faint|p1a: Mandingo
|choice|switch 4|
|
|switch|p1a: Ash could of caugh|Entei, shiny|371\/371
|-damage|p1a: Ash could of caugh|279\/371|[from] Stealth Rock
|-ability|p1a: Ash could of caugh|Pressure
|turn|11
|choice|move sacredfire|move psychic
|
|move|p2a: Kadabra|Psychic|p1a: Ash could of caugh
|-damage|p1a: Ash could of caugh|78\/371
|move|p1a: Ash could of caugh|Sacred Fire|p2a: Kadabra
|-damage|p2a: Kadabra|0 fnt
|faint|p2a: Kadabra
|
|upkeep
|choice||switch 3
|
|switch|p2a: Cappuccino|Cinccino, F, shiny|291\/291
|turn|12
|choice|move extremespeed|move rockblast
|
|move|p1a: Ash could of caugh|Extreme Speed|p2a: Cappuccino
|-damage|p2a: Cappuccino|152\/291
|move|p2a: Cappuccino|Rock Blast|p1a: Ash could of caugh
|-supereffective|p1a: Ash could of caugh
|-damage|p1a: Ash could of caugh|26\/371
|-supereffective|p1a: Ash could of caugh
|-damage|p1a: Ash could of caugh|0 fnt
|-hitcount|p1a: Ash could of caugh|2
|faint|p1a: Ash could of caugh
|
|upkeep
|choice|switch 2|
|
|switch|p1a: Alpha|Magneton, shiny|303\/303
|-damage|p1a: Alpha|285\/303|[from] Stealth Rock
|turn|13
|choice|move thunderbolt|move uturn
|
|move|p2a: Cappuccino|U-turn|p1a: Alpha
|-resisted|p1a: Alpha
|-damage|p1a: Alpha|261\/303
|choice||switch 5
|
|switch|p2a: Escavalier|Escavalier, F|282\/282
|move|p1a: Alpha|Thunderbolt|p2a: Escavalier
|-damage|p2a: Escavalier|137\/282
|
|upkeep
|turn|14
|choice|move hiddenpower|move drillrun
|
|move|p1a: Alpha|Hidden Power|p2a: Escavalier
|-supereffective|p2a: Escavalier
|-damage|p2a: Escavalier|0 fnt
|faint|p2a: Escavalier
|
|upkeep
|choice||switch 5
|
|switch|p2a: Cappuccino|Cinccino, F, shiny|152\/291
|turn|15
|choice|move thunderbolt|move tailslap
|
|move|p2a: Cappuccino|Tail Slap|p1a: Alpha
|-resisted|p1a: Alpha
|-damage|p1a: Alpha|249\/303
|-resisted|p1a: Alpha
|-damage|p1a: Alpha|237\/303
|-resisted|p1a: Alpha
|-damage|p1a: Alpha|224\/303
|-resisted|p1a: Alpha
|-damage|p1a: Alpha|212\/303
|-resisted|p1a: Alpha
|-damage|p1a: Alpha|200\/303
|-hitcount|p1a: Alpha|5
|cant|p1a: Alpha|flinch
|
|upkeep
|turn|16
|choice|move thunderbolt|move tailslap
|
|move|p2a: Cappuccino|Tail Slap|p1a: Alpha
|-resisted|p1a: Alpha
|-damage|p1a: Alpha|187\/303
|-resisted|p1a: Alpha
|-damage|p1a: Alpha|175\/303
|-resisted|p1a: Alpha
|-damage|p1a: Alpha|162\/303
|-resisted|p1a: Alpha
|-damage|p1a: Alpha|150\/303
|-resisted|p1a: Alpha
|-damage|p1a: Alpha|138\/303
|-hitcount|p1a: Alpha|5
|cant|p1a: Alpha|flinch
|
|upkeep
|turn|17
|choice|move thunderbolt|move tailslap
|
|move|p2a: Cappuccino|Tail Slap|p1a: Alpha
|-resisted|p1a: Alpha
|-damage|p1a: Alpha|126\/303
|-resisted|p1a: Alpha
|-damage|p1a: Alpha|113\/303
|-resisted|p1a: Alpha
|-damage|p1a: Alpha|100\/303
|-resisted|p1a: Alpha
|-damage|p1a: Alpha|88\/303
|-resisted|p1a: Alpha
|-damage|p1a: Alpha|75\/303
|-hitcount|p1a: Alpha|5
|cant|p1a: Alpha|flinch
|
|upkeep
|turn|18
|c|☆Parnstar|Lol
|choice|move thunderbolt|move tailslap
|
|move|p2a: Cappuccino|Tail Slap|p1a: Alpha
|-resisted|p1a: Alpha
|-damage|p1a: Alpha|62\/303
|-resisted|p1a: Alpha
|-damage|p1a: Alpha|50\/303
|-resisted|p1a: Alpha
|-damage|p1a: Alpha|38\/303
|-resisted|p1a: Alpha
|-damage|p1a: Alpha|26\/303
|-resisted|p1a: Alpha
|-crit|p1a: Alpha
|-damage|p1a: Alpha|7\/303
|-hitcount|p1a: Alpha|5
|move|p1a: Alpha|Thunderbolt|p2a: Cappuccino
|-damage|p2a: Cappuccino|0 fnt
|faint|p2a: Cappuccino
|
|win|Parnstar
|player|p1
|player|p2
|raw|Parnstar's rating: 1410 &rarr; <strong>1417<\/strong><br \/>(+7 for winning)
|raw|Forres's rating: 1147 &rarr; <strong>1138<\/strong><br \/>(-9 for losing)
|c|☆Parnstar|Gg
|l|Forres</script>
</div>
<div class="battle-log battle-log-inline"><div class="inner"><div class="battle-options"></div><div class="inner"><div class="chat"><small>Parnstar joined.</small></div><div class="chat"><small>Forres joined.</small></div><div class=""><small>Format:</small> <br><strong>UU</strong></div><div class="rated"><strong>Rated battle</strong></div><div class=""><small><em>Sleep Clause Mod:</em> Limit one foe put to sleep</small></div><div class=""><small><em>Species Clause:</em> Limit one of each Pokémon</small></div><div class=""><small><em>OHKO Clause:</em> OHKO moves are banned</small></div><div class=""><small><em>Moody Clause:</em> Moody is banned</small></div><div class=""><small><em>Evasion Moves Clause:</em> Evasion moves are banned</small></div><div class=""><small><em>Endless Battle Clause:</em> Forcing endless battles is banned</small></div><div class=""><small><em>HP Percentage Mod:</em> HP is shown in percentages</small></div><div class=""><small><em>Swagger Clause:</em> Swagger is banned</small></div><div class=""><small><em>Baton Pass Clause:</em> Limit one Baton Passer, can't pass Spe and other stats simultaneously</small></div><div class="chat battle-history"><strong>Parnstar's team:</strong> <em style="color:#445566;display:block;">Conkeldurr / Magneton / Porygon-Z / Whimsicott / Entei / Tentacruel</em></div><div class="chat battle-history"><strong>Forres's team:</strong> <em style="color:#445566;display:block;">Cinccino / Aerodactyl / Scrafty / Aromatisse / Escavalier / Kadabra</em></div><div class="spacer battle-history"><br></div><div class="battle-history">Battle started between Parnstar and Forres!<br></div><div class="spacer battle-history"><br></div><div class="battle-history">Go! Mandingo (<strong>Conkeldurr</strong>)!<br></div><div class="spacer battle-history"><br></div><div class="battle-history">Forres sent out <strong>Scrafty</strong>!<br></div><div class="battle-history"><small>[The opposing Scrafty's Intimidate]</small><br></div><div class="battle-history"><small>Mandingo's Attack fell!</small><br></div><div class="spacer battle-history"><br></div><h2 class="battle-history">Turn 1</h2><div class="spacer battle-history"><br></div><div class="battle-history">Forres withdrew Scrafty!<br></div><div class="battle-history">Forres sent out <strong>Aromatisse</strong>!<br></div><div class="spacer battle-history"><br></div><div class="battle-history">Mandingo used <strong>Knock Off</strong>!<br></div><div class="battle-history"><small>It's not very effective...</small><br></div><div class="battle-history"><small>(The opposing Aromatisse lost <abbr title="−51/388">13.1%</abbr> of its health!)</small><br></div><div class="battle-history"><small>Mandingo knocked off the opposing Aromatisse's Leftovers!</small><br></div><div class="spacer battle-history"><br></div><div class="battle-history"><small>Mandingo was burned!</small><br></div><div class="spacer battle-history"><br></div><h2 class="battle-history">Turn 2</h2><div class="spacer battle-history"><br></div><div class="battle-history">Mandingo used <strong>Poison Jab</strong>!<br></div><div class="battle-history"><small>It's super effective!</small><br></div><div class="battle-history"><small>(The opposing Aromatisse lost <abbr title="−278/388">71.6%</abbr> of its health!)</small><br></div><div class="battle-history"><small>The opposing Aromatisse was poisoned!</small><br></div><div class="spacer battle-history"><br></div><div class="battle-history">The opposing Aromatisse used <strong>Moonblast</strong>!<br></div><div class="battle-history"><small>It's super effective!</small><br></div><div class="battle-history"><small>(Mandingo lost <abbr title="−356/414">86.0%</abbr> of its health!)</small><br></div><div class="spacer battle-history"><br></div><div class="battle-history"><small>Mandingo was hurt by its burn!</small><br></div><div class="battle-history"><small>The opposing Aromatisse was hurt by poison!</small><br></div><div class="spacer battle-history"><br></div><h2 class="battle-history">Turn 3</h2><div class="spacer battle-history"><br></div><div class="battle-history">Mandingo, come back!<br></div><div class="battle-history">Go! Hitomi Tanaka (<strong>Tentacruel</strong>)!<br></div><div class="spacer battle-history"><br></div><div class="battle-history">The opposing Aromatisse used <strong>Protect</strong>!<br></div><div class="battle-history"><small>But it failed!</small><br></div><div class="spacer battle-history"><br></div><div class="battle-history"><small>The opposing Aromatisse was hurt by poison!</small><br></div><div class="spacer battle-history"><br></div><div class="battle-history">The opposing Aromatisse fainted!<br></div><div class="spacer battle-history"><br></div><div class="battle-history">Forres sent out <strong>Scrafty</strong>!<br></div><div class="battle-history"><small>[The opposing Scrafty's Intimidate]</small><br></div><div class="battle-history"><small>Hitomi Tanaka's Attack fell!</small><br></div><div class="spacer battle-history"><br></div><h2 class="battle-history">Turn 4</h2><div class="spacer battle-history"><br></div><div class="battle-history">Hitomi Tanaka used <strong>Hydro Pump</strong>!<br></div><div class="battle-history"><small>(The opposing Scrafty lost <abbr title="−112/271">41.3%</abbr> of its health!)</small><br></div><div class="spacer battle-history"><br></div><div class="battle-history">The opposing Scrafty used <strong>Dragon Dance</strong>!<br></div><div class="battle-history"><small>The opposing Scrafty's Attack rose!</small><br></div><div class="battle-history"><small>The opposing Scrafty's Speed rose!</small><br></div><div class="spacer battle-history"><br></div><h2 class="battle-history">Turn 5</h2><div class="spacer battle-history"><br></div><div class="battle-history">The opposing Scrafty used <strong>Knock Off</strong>!<br></div><div class="battle-history"><small>(Hitomi Tanaka lost <abbr title="−231/301">76.7%</abbr> of its health!)</small><br></div><div class="battle-history"><small>The opposing Scrafty knocked off Hitomi Tanaka's Black Sludge!</small><br></div><div class="spacer battle-history"><br></div><div class="battle-history">Hitomi Tanaka used <strong>Hydro Pump</strong>!<br></div><div class="battle-history"><small>(The opposing Scrafty lost <abbr title="−109/271">40.2%</abbr> of its health!)</small><br></div><div class="spacer battle-history"><br></div><h2 class="battle-history">Turn 6</h2><div class="spacer battle-history"><br></div><div class="battle-history">The opposing Scrafty used <strong>Knock Off</strong>!<br></div><div class="battle-history"><small>(Hitomi Tanaka lost <abbr title="−70/301">23.3%</abbr> of its health!)</small><br></div><div class="spacer battle-history"><br></div><div class="battle-history">Hitomi Tanaka fainted!<br></div><div class="spacer battle-history"><br></div><div class="battle-history">Go! Ash could of caugh (<strong>Entei</strong>)!<br></div><div class="battle-history"><small>[Ash could of caugh's Pressure]</small><br><small>Ash could of caugh is exerting its pressure!</small><br></div><div class="spacer battle-history"><br></div><h2 class="battle-history">Turn 7</h2><div class="spacer battle-history"><br></div><div class="battle-history">Ash could of caugh used <strong>Extreme Speed</strong>!<br></div><div class="battle-history"><small>(The opposing Scrafty lost <abbr title="−50/271">18.5%</abbr> of its health!)</small><br></div><div class="spacer battle-history"><br></div><div class="battle-history">The opposing Scrafty fainted!<br></div><div class="spacer battle-history"><br></div><div class="battle-history">Forres sent out <strong>Aerodactyl</strong>!<br></div><div class="spacer battle-history"><br></div><h2 class="battle-history">Turn 8</h2><div class="spacer battle-history"><br></div><div class="battle-history">The opposing Aerodactyl used <strong>Stealth Rock</strong>!<br></div><div class="battle-history"><small>Pointed stones float in the air around your team!</small><br></div><div class="spacer battle-history"><br></div><div class="battle-history">Ash could of caugh used <strong>Sacred Fire</strong>!<br></div><div class="battle-history"><small>It's not very effective...</small><br></div><div class="battle-history"><small>(The opposing Aerodactyl lost <abbr title="−167/301">55.5%</abbr> of its health!)</small><br></div><div class="battle-history"><small>The opposing Aerodactyl was burned!</small><br></div><div class="spacer battle-history"><br></div><div class="battle-history"><small>The opposing Aerodactyl was hurt by its burn!</small><br></div><div class="spacer battle-history"><br></div><h2 class="battle-history">Turn 9</h2><div class="spacer battle-history"><br></div><div class="battle-history">Ash could of caugh, come back!<br></div><div class="battle-history">Go! Presscott (<strong>Whimsicott</strong>)!<br></div><div class="battle-history"><small>Pointed stones dug into Presscott!</small><br></div><div class="spacer battle-history"><br></div><div class="battle-history">The opposing Aerodactyl used <strong>Earth Power</strong>!<br></div><div class="battle-history"><small>It's not very effective...</small><br></div><div class="battle-history"><small>(Presscott lost <abbr title="−42/261">16.1%</abbr> of its health!)</small><br></div><div class="spacer battle-history"><br></div><div class="battle-history"><small>The opposing Aerodactyl was hurt by its burn!</small><br></div><div class="spacer battle-history"><br></div><h2 class="battle-history">Turn 10</h2><div class="spacer battle-history"><br></div><div class="battle-history">Presscott used <strong>Nature Power</strong>!<br></div><div class="spacer battle-history"><br></div><div class="battle-history">Nature Power turned into Tri Attack!<br></div><div class="battle-history"><small>It's not very effective...</small><br></div><div class="battle-history"><small>(The opposing Aerodactyl lost <abbr title="−43/301">14.3%</abbr> of its health!)</small><br></div><div class="spacer battle-history"><br></div><div class="battle-history">The opposing Aerodactyl used <strong>Heat Wave</strong>!<br></div><div class="battle-history"><small>It's super effective!</small><br></div><div class="battle-history"><small>(Presscott lost <abbr title="−187/261">71.6%</abbr> of its health!)</small><br></div><div class="spacer battle-history"><br></div><div class="battle-history">Presscott fainted!<br></div><div class="spacer battle-history"><br></div><div class="battle-history"><small>The opposing Aerodactyl was hurt by its burn!</small><br></div><div class="spacer battle-history"><br></div><div class="battle-history">The opposing Aerodactyl fainted!<br></div><div class="spacer battle-history"><br></div><div class="battle-history">Forres sent out <strong>Kadabra</strong>!<br></div><div class="spacer battle-history"><br></div><div class="battle-history">Go! Mandingo (<strong>Conkeldurr</strong>)!<br></div><div class="battle-history"><small>Pointed stones dug into Mandingo!</small><br></div><div class="spacer battle-history"><br></div><div class="battle-history">Mandingo fainted!<br></div><div class="spacer battle-history"><br></div><div class="battle-history">Go! Ash could of caugh (<strong>Entei</strong>)!<br></div><div class="battle-history"><small>Pointed stones dug into Ash could of caugh!</small><br></div><div class="battle-history"><small>[Ash could of caugh's Pressure]</small><br><small>Ash could of caugh is exerting its pressure!</small><br></div><div class="spacer battle-history"><br></div><h2 class="battle-history">Turn 11</h2><div class="spacer battle-history"><br></div><div class="battle-history">The opposing Kadabra used <strong>Psychic</strong>!<br></div><div class="battle-history"><small>(Ash could of caugh lost <abbr title="−201/371">54.2%</abbr> of its health!)</small><br></div><div class="spacer battle-history"><br></div><div class="battle-history">Ash could of caugh used <strong>Sacred Fire</strong>!<br></div><div class="battle-history"><small>(The opposing Kadabra lost <abbr title="−221/221">100%</abbr> of its health!)</small><br></div><div class="spacer battle-history"><br></div><div class="battle-history">The opposing Kadabra fainted!<br></div><div class="spacer battle-history"><br></div><div class="battle-history">Forres sent out Cappuccino (<strong>Cinccino</strong>)!<br></div><div class="spacer battle-history"><br></div><h2 class="battle-history">Turn 12</h2><div class="spacer battle-history"><br></div><div class="battle-history">Ash could of caugh used <strong>Extreme Speed</strong>!<br></div><div class="battle-history"><small>(The opposing Cappuccino lost <abbr title="−139/291">47.8%</abbr> of its health!)</small><br></div><div class="spacer battle-history"><br></div><div class="battle-history">The opposing Cappuccino used <strong>Rock Blast</strong>!<br></div><div class="battle-history"><small>It's super effective!</small><br></div><div class="battle-history"><small>(Ash could of caugh lost <abbr title="−52/371">14.0%</abbr> of its health!)</small><br></div><div class="battle-history"><small>It's super effective!</small><br></div><div class="battle-history"><small>(Ash could of caugh lost <abbr title="−26/371">7.0%</abbr> of its health!)</small><br></div><div class="battle-history"><small>Hit 2 times!</small><br></div><div class="spacer battle-history"><br></div><div class="battle-history">Ash could of caugh fainted!<br></div><div class="spacer battle-history"><br></div><div class="battle-history">Go! Alpha (<strong>Magneton</strong>)!<br></div><div class="battle-history"><small>Pointed stones dug into Alpha!</small><br></div><div class="spacer battle-history"><br></div><h2 class="battle-history">Turn 13</h2><div class="spacer battle-history"><br></div><div class="battle-history">The opposing Cappuccino used <strong>U-turn</strong>!<br></div><div class="battle-history"><small>It's not very effective...</small><br></div><div class="battle-history"><small>(Alpha lost <abbr title="−24/303">7.9%</abbr> of its health!)</small><br></div><div class="spacer battle-history"><br></div><div class="battle-history">The opposing Cappuccino went back to Forres!<br></div><div class="battle-history">Forres sent out <strong>Escavalier</strong>!<br></div><div class="spacer battle-history"><br></div><div class="battle-history">Alpha used <strong>Thunderbolt</strong>!<br></div><div class="battle-history"><small>(The opposing Escavalier lost <abbr title="−145/282">51.4%</abbr> of its health!)</small><br></div><div class="spacer battle-history"><br></div><h2 class="battle-history">Turn 14</h2><div class="spacer battle-history"><br></div><div class="battle-history">Alpha used <strong>Hidden Power</strong>!<br></div><div class="battle-history"><small>It's super effective!</small><br></div><div class="battle-history"><small>(The opposing Escavalier lost <abbr title="−137/282">48.6%</abbr> of its health!)</small><br></div><div class="spacer battle-history"><br></div><div class="battle-history">The opposing Escavalier fainted!<br></div><div class="spacer battle-history"><br></div><div class="battle-history">Forres sent out Cappuccino (<strong>Cinccino</strong>)!<br></div><div class="spacer battle-history"><br></div><h2 class="battle-history">Turn 15</h2><div class="spacer battle-history"><br></div><div class="battle-history">The opposing Cappuccino used <strong>Tail Slap</strong>!<br></div><div class="battle-history"><small>It's not very effective...</small><br></div><div class="battle-history"><small>(Alpha lost <abbr title="−12/303">4.0%</abbr> of its health!)</small><br></div><div class="battle-history"><small>It's not very effective...</small><br></div><div class="battle-history"><small>(Alpha lost <abbr title="−12/303">4.0%</abbr> of its health!)</small><br></div><div class="battle-history"><small>It's not very effective...</small><br></div><div class="battle-history"><small>(Alpha lost <abbr title="−13/303">4.3%</abbr> of its health!)</small><br></div><div class="battle-history"><small>It's not very effective...</small><br></div><div class="battle-history"><small>(Alpha lost <abbr title="−12/303">4.0%</abbr> of its health!)</small><br></div><div class="battle-history"><small>It's not very effective...</small><br></div><div class="battle-history"><small>(Alpha lost <abbr title="−12/303">4.0%</abbr> of its health!)</small><br></div><div class="battle-history"><small>Hit 5 times!</small><br></div><div class="spacer battle-history"><br></div><div class="battle-history">Alpha flinched and couldn't move!<br></div><div class="spacer battle-history"><br></div><h2 class="battle-history">Turn 16</h2><div class="spacer battle-history"><br></div><div class="battle-history">The opposing Cappuccino used <strong>Tail Slap</strong>!<br></div><div class="battle-history"><small>It's not very effective...</small><br></div><div class="battle-history"><small>(Alpha lost <abbr title="−13/303">4.3%</abbr> of its health!)</small><br></div><div class="battle-history"><small>It's not very effective...</small><br></div><div class="battle-history"><small>(Alpha lost <abbr title="−12/303">4.0%</abbr> of its health!)</small><br></div><div class="battle-history"><small>It's not very effective...</small><br></div><div class="battle-history"><small>(Alpha lost <abbr title="−13/303">4.3%</abbr> of its health!)</small><br></div><div class="battle-history"><small>It's not very effective...</small><br></div><div class="battle-history"><small>(Alpha lost <abbr title="−12/303">4.0%</abbr> of its health!)</small><br></div><div class="battle-history"><small>It's not very effective...</small><br></div><div class="battle-history"><small>(Alpha lost <abbr title="−12/303">4.0%</abbr> of its health!)</small><br></div><div class="battle-history"><small>Hit 5 times!</small><br></div><div class="spacer battle-history"><br></div><div class="battle-history">Alpha flinched and couldn't move!<br></div><div class="spacer battle-history"><br></div><h2 class="battle-history">Turn 17</h2><div class="spacer battle-history"><br></div><div class="battle-history">The opposing Cappuccino used <strong>Tail Slap</strong>!<br></div><div class="battle-history"><small>It's not very effective...</small><br></div><div class="battle-history"><small>(Alpha lost <abbr title="−12/303">4.0%</abbr> of its health!)</small><br></div><div class="battle-history"><small>It's not very effective...</small><br></div><div class="battle-history"><small>(Alpha lost <abbr title="−13/303">4.3%</abbr> of its health!)</small><br></div><div class="battle-history"><small>It's not very effective...</small><br></div><div class="battle-history"><small>(Alpha lost <abbr title="−13/303">4.3%</abbr> of its health!)</small><br></div><div class="battle-history"><small>It's not very effective...</small><br></div><div class="battle-history"><small>(Alpha lost <abbr title="−12/303">4.0%</abbr> of its health!)</small><br></div><div class="battle-history"><small>It's not very effective...</small><br></div><div class="battle-history"><small>(Alpha lost <abbr title="−13/303">4.3%</abbr> of its health!)</small><br></div><div class="battle-history"><small>Hit 5 times!</small><br></div><div class="spacer battle-history"><br></div><div class="battle-history">Alpha flinched and couldn't move!<br></div><div class="spacer battle-history"><br></div><h2 class="battle-history">Turn 18</h2><div class="chat chatmessage-parnstar"><strong style="color:hsl(41,84%,41.163999978976825%)"><small>☆</small><span class="username" data-name="Parnstar">Parnstar</span>:</strong> <em>Lol</em></div><div class="spacer battle-history"><br></div><div class="battle-history">The opposing Cappuccino used <strong>Tail Slap</strong>!<br></div><div class="battle-history"><small>It's not very effective...</small><br></div><div class="battle-history"><small>(Alpha lost <abbr title="−13/303">4.3%</abbr> of its health!)</small><br></div><div class="battle-history"><small>It's not very effective...</small><br></div><div class="battle-history"><small>(Alpha lost <abbr title="−12/303">4.0%</abbr> of its health!)</small><br></div><div class="battle-history"><small>It's not very effective...</small><br></div><div class="battle-history"><small>(Alpha lost <abbr title="−12/303">4.0%</abbr> of its health!)</small><br></div><div class="battle-history"><small>It's not very effective...</small><br></div><div class="battle-history"><small>(Alpha lost <abbr title="−12/303">4.0%</abbr> of its health!)</small><br></div><div class="battle-history"><small>It's not very effective...</small><br></div><div class="battle-history"><small>A critical hit!</small><br></div><div class="battle-history"><small>(Alpha lost <abbr title="−19/303">6.3%</abbr> of its health!)</small><br></div><div class="battle-history"><small>Hit 5 times!</small><br></div><div class="spacer battle-history"><br></div><div class="battle-history">Alpha used <strong>Thunderbolt</strong>!<br></div><div class="battle-history"><small>(The opposing Cappuccino lost <abbr title="−152/291">52.2%</abbr> of its health!)</small><br></div><div class="spacer battle-history"><br></div><div class="battle-history">The opposing Cappuccino fainted!<br></div><div class="spacer battle-history"><br></div><div class="battle-history"><strong>Parnstar</strong> won the battle!<br></div><div class="chat">Parnstar's rating: 1410 → <strong>1417</strong><br>(+7 for winning)</div><div class="chat">Forres's rating: 1147 → <strong>1138</strong><br>(-9 for losing)</div><div class="chat chatmessage-parnstar"><strong style="color:hsl(41,84%,41.163999978976825%)"><small>☆</small><span class="username" data-name="Parnstar">Parnstar</span>:</strong> <em>Gg</em></div><div class="chat"><small>Forres left.</small></div></div><div class="inner-preempt"></div></div></div>
</div>
<script>
let daily = Math.floor(Date.now()/1000/60/60/24);document.write('<script src="https://play.pokemonshowdown.com/js/replay-embed.js?version'+daily+'"></'+'script>');
</script>
