<!DOCTYPE html>
<meta charset="utf-8" />
<!-- version 1 -->
<title>UU replay: Jeran vs. parivard☎☀️</title>
<style>
html,body {font-family:Verdana, sans-serif;font-size:10pt;margin:0;padding:0;}body{padding:12px 0;} .battle-log {font-family:Verdana, sans-serif;font-size:10pt;} .battle-log-inline {border:1px solid #AAAAAA;background:#EEF2F5;color:black;max-width:640px;margin:0 auto 80px;padding-bottom:5px;} .battle-log .inner {padding:4px 8px 0px 8px;} .battle-log .inner-preempt {padding:0 8px 4px 8px;} .battle-log .inner-after {margin-top:0.5em;} .battle-log h2 {margin:0.5em -8px;padding:4px 8px;border:1px solid #AAAAAA;background:#E0E7EA;border-left:0;border-right:0;font-family:Verdana, sans-serif;font-size:13pt;} .battle-log .chat {vertical-align:middle;padding:3px 0 3px 0;font-size:8pt;} .battle-log .chat strong {color:#40576A;} .battle-log .chat em {padding:1px 4px 1px 3px;color:#000000;font-style:normal;} .chat.mine {background:rgba(0,0,0,0.05);margin-left:-8px;margin-right:-8px;padding-left:8px;padding-right:8px;} .spoiler {color:#BBBBBB;background:#BBBBBB;padding:0px 3px;} .spoiler:hover, .spoiler:active, .spoiler-shown {color:#000000;background:#E2E2E2;padding:0px 3px;} .spoiler a {color:#BBBBBB;} .spoiler:hover a, .spoiler:active a, .spoiler-shown a {color:#2288CC;} .chat code, .chat .spoiler:hover code, .chat .spoiler:active code, .chat .spoiler-shown code {border:1px solid #C0C0C0;background:#EEEEEE;color:black;padding:0 2px;} .chat .spoiler code {border:1px solid #CCCCCC;background:#CCCCCC;color:#CCCCCC;} .battle-log .rated {padding:3px 4px;} .battle-log .rated strong {color:white;background:#89A;padding:1px 4px;border-radius:4px;} .spacer {margin-top:0.5em;} .message-announce {background:#6688AA;color:white;padding:1px 4px 2px;} .message-announce a, .broadcast-green a, .broadcast-blue a, .broadcast-red a {color:#DDEEFF;} .broadcast-green {background-color:#559955;color:white;padding:2px 4px;} .broadcast-blue {background-color:#6688AA;color:white;padding:2px 4px;} .infobox {border:1px solid #6688AA;padding:2px 4px;} .infobox-limited {max-height:200px;overflow:auto;overflow-x:hidden;} .broadcast-red {background-color:#AA5544;color:white;padding:2px 4px;} .message-learn-canlearn {font-weight:bold;color:#228822;text-decoration:underline;} .message-learn-cannotlearn {font-weight:bold;color:#CC2222;text-decoration:underline;} .message-effect-weak {font-weight:bold;color:#CC2222;} .message-effect-resist {font-weight:bold;color:#6688AA;} .message-effect-immune {font-weight:bold;color:#666666;} .message-learn-list {margin-top:0;margin-bottom:0;} .message-throttle-notice, .message-error {color:#992222;} .message-overflow, .chat small.message-overflow {font-size:0pt;} .message-overflow::before {font-size:9pt;content:'...';} .subtle {color:#3A4A66;}
</style>
<div class="wrapper replay-wrapper" style="max-width:1180px;margin:0 auto">
<input type="hidden" name="replayid" value="uu-552185478" />
<div class="battle"></div><div class="battle-log"></div><div class="replay-controls"></div><div class="replay-controls-2"></div>
<h1 style="font-weight:normal;text-align:center"><strong>UU</strong><br /><a href="http://pokemonshowdown.com/users/jeran" class="subtle" target="_blank">Jeran</a> vs. <a href="http://pokemonshowdown.com/users/parivard" class="subtle" target="_blank">parivard☎☀️</a></h1>
<script type="text/plain" class="battle-log-data">|j|Jeran
|j|parivard☎☀️
|player|p1|Jeran|91
|player|p2|parivard☎☀️|143
|gametype|singles
|gen|6
|tier|UU
|seed|27530,15023,49217,52563
|rule|Sleep Clause Mod: Limit one foe put to sleep
|rule|Species Clause: Limit one of each Pokémon
|rule|OHKO Clause: OHKO moves are banned
|rule|Moody Clause: Moody is banned
|rule|Evasion Moves Clause: Evasion moves are banned
|rule|Endless Battle Clause: Forcing endless battles is banned
|rule|HP Percentage Mod: HP is shown in percentages
|clearpoke
|poke|p1|Abomasnow, F|item
|poke|p1|Slowking, F|item
|poke|p1|Krookodile, M|item
|poke|p1|Sylveon, M|item
|poke|p1|Crobat, F|item
|poke|p1|Metagross|item
|poke|p2|Conkeldurr, F|item
|poke|p2|Beedrill, M|item
|poke|p2|Swampert, M|item
|poke|p2|Gyarados, F|item
|poke|p2|Celebi|item
|poke|p2|Forretress, F|item
|rule|Swagger Clause: Swagger is banned
|rule|Baton Pass Clause: Limit one Baton Passer, can't pass Spe and other stats simultaneously
|teampreview
|j|Stats Bot
|l|Stats Bot
|j|fogrot
|j|SinoJapan
|j|Sexually
|j|AkRobbie7
|j|stevensteel
|c| Sexually|well well well, idk who to root for
|j|manofcrawdaunt
|j|dogknees
|j|murilovlack
|choice|team 5, team 2, team 3, team 4, team 1, team 6|team 2, team 1, team 3, team 4, team 5, team 6
|
|start
|switch|p1a: Crobat|Crobat, F|373\/373
|switch|p2a: m.a.a.d.|Beedrill, M|271\/271
|turn|1
|j|Kill Bill Pandey
|j|Ninjacalibur
|j|okeim
|j|Roku2890
|choice|move bravebird|move protect mega
|
|detailschange|p2a: m.a.a.d.|Beedrill-Mega, M
|-mega|p2a: m.a.a.d.|Beedrill|Beedrillite
|move|p2a: m.a.a.d.|Protect|p2a: m.a.a.d.
|-singleturn|p2a: m.a.a.d.|Protect
|move|p1a: Crobat|Brave Bird|p2a: m.a.a.d.
|-activate|p2a: m.a.a.d.|move: Protect
|
|upkeep
|turn|2
|c|+dogknees|go jeranivard
|choice|move bravebird|switch 6
|
|switch|p2a: alright|Forretress, F|353\/353
|move|p1a: Crobat|Brave Bird|p2a: alright
|-damage|p2a: alright|259\/353
|-damage|p1a: Crobat|342\/373|[from] recoil|[of] p2a: alright
|
|-heal|p1a: Crobat|365\/373|[from] item: Black Sludge
|-heal|p2a: alright|281\/353|[from] item: Leftovers
|upkeep
|turn|3
|choice|move taunt|move spikes
|
|move|p1a: Crobat|Taunt|p2a: alright
|-start|p2a: alright|move: Taunt
|cant|p2a: alright|move: Taunt|Spikes
|
|-heal|p1a: Crobat|373\/373|[from] item: Black Sludge
|-heal|p2a: alright|303\/353|[from] item: Leftovers
|upkeep
|turn|4
|j|GWShark101
|choice|switch 3|move voltswitch
|
|switch|p1a: Krookodile|Krookodile, M|331\/331
|-ability|p1a: Krookodile|Intimidate|boost
|-unboost|p2a: alright|atk|1
|move|p2a: alright|Volt Switch|p1a: Krookodile
|-immune|p1a: Krookodile|[msg]
|
|-heal|p2a: alright|325\/353|[from] item: Leftovers
|upkeep
|turn|5
|choice|move knockoff|switch 3
|
|switch|p2a: backseat|Swampert, M|401\/401
|move|p1a: Krookodile|Knock Off|p2a: backseat
|-damage|p2a: backseat|265\/401
|-enditem|p2a: backseat|Leftovers|[from] move: Knock Off|[of] p1a: Krookodile
|
|upkeep
|turn|6
|j|Jahim(▨_▨)
|c| SinoJapan|I support the guy with pokemon
|j|Jrsmash9
|choice|switch 5|move stealthrock
|
|switch|p1a: Abomasnow|Abomasnow, F|321\/321
|move|p2a: backseat|Stealth Rock|p1a: Abomasnow
|-sidestart|p1: Jeran|move: Stealth Rock
|
|upkeep
|turn|7
|choice|move blizzard mega|switch 3
|
|switch|p2a: alright|Forretress, F|325\/353
|detailschange|p1a: Abomasnow|Abomasnow-Mega, F
|-mega|p1a: Abomasnow|Abomasnow|Abomasite
|-weather|Hail|[from] ability: Snow Warning|[of] p1a: Abomasnow
|move|p1a: Abomasnow|Blizzard|p2a: alright
|-resisted|p2a: alright
|-damage|p2a: alright|213\/353
|
|-weather|Hail|[upkeep]
|-heal|p2a: alright|235\/353|[from] item: Leftovers
|upkeep
|turn|8
|j|bdov
|j|Im a dead meme
|choice|move blizzard|move spikes
|
|move|p2a: alright|Spikes|p1a: Abomasnow
|-sidestart|p1: Jeran|Spikes
|move|p1a: Abomasnow|Blizzard|p2a: alright
|-resisted|p2a: alright
|-damage|p2a: alright|133\/353
|
|-weather|Hail|[upkeep]
|-heal|p2a: alright|155\/353|[from] item: Leftovers
|upkeep
|turn|9
|j|Big➰Air
|choice|move blizzard|move voltswitch
|
|move|p2a: alright|Volt Switch|p1a: Abomasnow
|-resisted|p1a: Abomasnow
|-crit|p1a: Abomasnow
|-damage|p1a: Abomasnow|296\/321
|choice||switch 4
|
|switch|p2a: swimming pools|Gyarados, F|331\/331
|-ability|p2a: swimming pools|Intimidate|boost
|-unboost|p1a: Abomasnow|atk|1
|move|p1a: Abomasnow|Blizzard|p2a: swimming pools
|-damage|p2a: swimming pools|123\/331
|
|-weather|Hail|[upkeep]
|-damage|p2a: swimming pools|103\/331|[from] hail
|-heal|p2a: swimming pools|123\/331|[from] item: Leftovers
|upkeep
|turn|10
|j|BOOMBOOMBOO
|j|mathprose♥❄☃
|choice|move blizzard|move bounce
|
|move|p2a: swimming pools|Bounce|p1a: Abomasnow|[still]
|-prepare|p2a: swimming pools|Bounce|p1a: Abomasnow
|move|p1a: Abomasnow|Blizzard|p2a: swimming pools|[miss]
|-miss|p1a: Abomasnow|p2a: swimming pools
|
|-weather|Hail|[upkeep]
|-damage|p2a: swimming pools|103\/331|[from] hail
|-heal|p2a: swimming pools|123\/331|[from] item: Leftovers
|upkeep
|turn|11
|j|chikoritachatot
|j|Gunther123
|l|Big➰Air
|j|Victini8989
|c| SinoJapan|but blizzard always hits in hail
|choice|switch 3|move bounce
|
|switch|p1a: Crobat|Crobat, F|373\/373
|-damage|p1a: Crobat|280\/373|[from] Stealth Rock
|move|p2a: swimming pools|Bounce|p1a: Crobat|[from]lockedmove
|-damage|p1a: Crobat|120\/373
|
|-weather|none
|-heal|p1a: Crobat|143\/373|[from] item: Black Sludge
|-heal|p2a: swimming pools|143\/331|[from] item: Leftovers
|upkeep
|turn|12
|c| SinoJapan|HOW IS THIS POSSIBLE
|l|Jrsmash9
|c| BOOMBOOMBOO|he bounced
|c| GWShark101|lol
|j|Zazuko
|c| SinoJapan|ik
|choice|move defog|switch 5
|
|switch|p2a: money trees|Celebi|341\/341
|move|p1a: Crobat|Defog|p2a: money trees
|-unboost|p2a: money trees|evasion|1
|-sideend|p1: Jeran|Spikes|[from] move: Defog|[of] p1a: Crobat
|-sideend|p1: Jeran|Stealth Rock|[from] move: Defog|[of] p1a: Crobat
|
|-heal|p1a: Crobat|166\/373|[from] item: Black Sludge
|upkeep
|turn|13
|c| Sexually|it was a joke obv
|c| SinoJapan|^
|c| Im a dead meme|thebezt
|j|Fizzo
|choice|switch 3|move uturn
|
|switch|p1a: Abomasnow|Abomasnow-Mega, F|296\/321
|-weather|Hail|[from] ability: Snow Warning|[of] p1a: Abomasnow
|move|p2a: money trees|U-turn|p1a: Abomasnow
|-supereffective|p1a: Abomasnow
|-damage|p1a: Abomasnow|204\/321
|l|okeim
|j|okeim
|j|adamcheese101
|choice||switch 6
|
|switch|p2a: m.a.a.d.|Beedrill-Mega, M|271\/271
|
|-weather|Hail|[upkeep]
|-damage|p2a: m.a.a.d.|255\/271|[from] hail
|upkeep
|turn|14
|l|Fizzo
|l|adamcheese101
|choice|switch 6|move uturn
|
|switch|p1a: Metagross|Metagross|321\/321
|move|p2a: m.a.a.d.|U-turn|p1a: Metagross
|-damage|p1a: Metagross|165\/321
|c| GWShark101|mega obama has similar stats to escavalier
|c| SinoJapan|shit?
|choice||switch 3
|
|switch|p2a: backseat|Swampert, M|265\/401
|
|-weather|Hail|[upkeep]
|-damage|p1a: Metagross|145\/321|[from] hail
|-damage|p2a: backseat|240\/401|[from] hail
|upkeep
|turn|15
|c| Roku2890|Such good battle money on Jeran
|j|8bithyper
|c| Im a dead meme|beedril best have twineedle
|choice|move earthquake|move stealthrock
|
|move|p1a: Metagross|Earthquake|p2a: backseat
|-damage|p2a: backseat|94\/401
|move|p2a: backseat|Stealth Rock|p1a: Metagross
|-sidestart|p1: Jeran|move: Stealth Rock
|
|-weather|Hail|[upkeep]
|-damage|p1a: Metagross|125\/321|[from] hail
|-damage|p2a: backseat|69\/401|[from] hail
|upkeep
|turn|16
|c| chikoritachatot|OO
|l|okeim
|j|Fizzo
|j|Cacadeazul1234
|c| SinoJapan|That is a Special Attacker beedrill
|c| GWShark101|decent bulk and offense but shit speed
|choice|switch 4|move scald
|
|switch|p1a: Sylveon|Sylveon, M|392\/392
|-damage|p1a: Sylveon|343\/392|[from] Stealth Rock
|move|p2a: backseat|Scald|p1a: Sylveon
|-damage|p1a: Sylveon|249\/392
|-status|p1a: Sylveon|brn
|
|-weather|Hail|[upkeep]
|-damage|p1a: Sylveon|225\/392 brn|[from] hail
|-damage|p2a: backseat|44\/401|[from] hail
|-heal|p1a: Sylveon|249\/392 brn|[from] item: Leftovers
|-damage|p1a: Sylveon|200\/392 brn|[from] brn
|upkeep
|turn|17
|j|okeim
|c| SinoJapan|Toxic Spikes on fortress & venoshock Beedrill
|c| SinoJapan|pro
|choice|move healbell|move earthquake
|
|move|p1a: Sylveon|Heal Bell|p1a: Sylveon
|-activate|p1a: Sylveon|move: Heal Bell
|-curestatus|p1a: Sylveon|brn|[msg]
|move|p2a: backseat|Earthquake|p1a: Sylveon
|-damage|p1a: Sylveon|70\/392
|
|-weather|none
|-heal|p1a: Sylveon|94\/392|[from] item: Leftovers
|upkeep
|turn|18
|l|Gunther123
|choice|move hypervoice|move earthquake
|
|move|p1a: Sylveon|Hyper Voice|p2a: backseat
|-damage|p2a: backseat|0 fnt
|faint|p2a: backseat
|
|-heal|p1a: Sylveon|118\/392|[from] item: Leftovers
|upkeep
|c| Roku2890|Money on Jeran
|choice||switch 3
|
|switch|p2a: m.a.a.d.|Beedrill-Mega, M|255\/271
|turn|19
|j|danielshadow31
|choice|move protect|move poisonjab
|
|move|p1a: Sylveon|Protect|p1a: Sylveon
|-singleturn|p1a: Sylveon|Protect
|move|p2a: m.a.a.d.|Poison Jab|p1a: Sylveon
|-activate|p1a: Sylveon|move: Protect
|
|-heal|p1a: Sylveon|142\/392|[from] item: Leftovers
|upkeep
|turn|20
|l|danielshadow31
|choice|move wish|move poisonjab
|
|move|p2a: m.a.a.d.|Poison Jab|p1a: Sylveon
|-supereffective|p1a: Sylveon
|-damage|p1a: Sylveon|0 fnt
|faint|p1a: Sylveon
|
|upkeep
|choice|switch 4|
|
|switch|p1a: Metagross|Metagross|125\/321
|-damage|p1a: Metagross|105\/321|[from] Stealth Rock
|turn|21
|choice|move bulletpunch|move drillrun
|
|move|p1a: Metagross|Bullet Punch|p2a: m.a.a.d.
|-damage|p2a: m.a.a.d.|3\/271
|move|p2a: m.a.a.d.|Drill Run|p1a: Metagross
|-supereffective|p1a: Metagross
|-damage|p1a: Metagross|0 fnt
|faint|p1a: Metagross
|
|upkeep
|l|Cacadeazul1234
|c| SinoJapan|RIP
|choice|switch 6|
|
|switch|p1a: Abomasnow|Abomasnow-Mega, F|204\/321
|-damage|p1a: Abomasnow|124\/321|[from] Stealth Rock
|-weather|Hail|[from] ability: Snow Warning|[of] p1a: Abomasnow
|turn|22
|choice|move iceshard|switch 4
|
|switch|p2a: alright|Forretress, F|155\/353
|move|p1a: Abomasnow|Ice Shard|p2a: alright
|-resisted|p2a: alright
|-damage|p2a: alright|130\/353
|
|-weather|Hail|[upkeep]
|-heal|p2a: alright|152\/353|[from] item: Leftovers
|upkeep
|turn|23
|c| GWShark101|poison the shit outta him
|choice|switch 5|move heavyslam
|
|switch|p1a: Krookodile|Krookodile, M|331\/331
|-damage|p1a: Krookodile|311\/331|[from] Stealth Rock
|-ability|p1a: Krookodile|Intimidate|boost
|-unboost|p2a: alright|atk|1
|move|p2a: alright|Heavy Slam|p1a: Krookodile
|-damage|p1a: Krookodile|277\/331
|
|-weather|Hail|[upkeep]
|-damage|p1a: Krookodile|257\/331|[from] hail
|-heal|p2a: alright|174\/353|[from] item: Leftovers
|upkeep
|turn|24
|c| GWShark101|oh yeah ice shard i forgot lol
|choice|move knockoff|move spikes
|
|move|p1a: Krookodile|Knock Off|p2a: alright
|-damage|p2a: alright|41\/353
|-enditem|p2a: alright|Leftovers|[from] move: Knock Off|[of] p1a: Krookodile
|move|p2a: alright|Spikes|p1a: Krookodile
|-sidestart|p1: Jeran|Spikes
|
|-weather|Hail|[upkeep]
|-damage|p1a: Krookodile|237\/331|[from] hail
|upkeep
|turn|25
|choice|move stealthrock|move rapidspin
|
|move|p1a: Krookodile|Stealth Rock|p2a: alright
|-sidestart|p2: parivard☎☀️|move: Stealth Rock
|move|p2a: alright|Rapid Spin|p1a: Krookodile
|-damage|p1a: Krookodile|225\/331
|-sideend|p2: parivard☎☀️|Stealth Rock|[from] move: Rapid Spin|[of] p2a: alright
|
|-weather|Hail|[upkeep]
|-damage|p1a: Krookodile|205\/331|[from] hail
|upkeep
|turn|26
|choice|move stealthrock|move voltswitch
|
|move|p1a: Krookodile|Stealth Rock|p2a: alright
|-sidestart|p2: parivard☎☀️|move: Stealth Rock
|move|p2a: alright|Volt Switch|p1a: Krookodile
|-immune|p1a: Krookodile|[msg]
|
|-weather|none
|upkeep
|turn|27
|choice|move knockoff|move rapidspin
|
|move|p1a: Krookodile|Knock Off|p2a: alright
|-damage|p2a: alright|0 fnt
|faint|p2a: alright
|
|upkeep
|j|champion.jg
|choice||switch 2
|
|switch|p2a: vibe|Conkeldurr, F|401\/401
|-damage|p2a: vibe|376\/401|[from] Stealth Rock
|turn|28
|j|DarkAngeallenq.q
|j|wabuffet
|choice|move earthquake|move bulkup
|
|move|p1a: Krookodile|Earthquake|p2a: vibe
|-damage|p2a: vibe|192\/401
|move|p2a: vibe|Bulk Up|p2a: vibe
|-boost|p2a: vibe|atk|1
|-boost|p2a: vibe|def|1
|
|-heal|p2a: vibe|217\/401|[from] item: Leftovers
|upkeep
|turn|29
|l|Kill Bill Pandey
|c| SinoJapan|Guys, I cut my fingernail too short, what's the best method to prevent it from irritating me?
|choice|switch 5|move machpunch
|
|switch|p1a: Abomasnow|Abomasnow-Mega, F|124\/321
|-damage|p1a: Abomasnow|84\/321|[from] Spikes
|-damage|p1a: Abomasnow|4\/321|[from] Stealth Rock
|-weather|Hail|[from] ability: Snow Warning|[of] p1a: Abomasnow
|move|p2a: vibe|Mach Punch|p1a: Abomasnow
|-supereffective|p1a: Abomasnow
|-damage|p1a: Abomasnow|0 fnt
|faint|p1a: Abomasnow
|
|-weather|Hail|[upkeep]
|-damage|p2a: vibe|192\/401|[from] hail
|-heal|p2a: vibe|217\/401|[from] item: Leftovers
|upkeep
|j|Red locust
|c| Sexually|burn the finger off
|c| Roku2890|Forget it
|choice|switch 2|
|
|switch|p1a: Slowking|Slowking, F|393\/393
|-damage|p1a: Slowking|344\/393|[from] Spikes
|-damage|p1a: Slowking|295\/393|[from] Stealth Rock
|turn|30
|l|mathprose♥❄☃
|j|QuesoNepe
|choice|move psyshock|move knockoff
|
|move|p2a: vibe|Knock Off|p1a: Slowking
|-supereffective|p1a: Slowking
|-damage|p1a: Slowking|0 fnt
|-enditem|p1a: Slowking|Leftovers|[from] move: Knock Off|[of] p2a: vibe
|faint|p1a: Slowking
|
|-weather|Hail|[upkeep]
|-damage|p2a: vibe|192\/401|[from] hail
|-heal|p2a: vibe|217\/401|[from] item: Leftovers
|upkeep
|choice|switch 3|
|
|switch|p1a: Crobat|Crobat, F|166\/373
|-damage|p1a: Crobat|73\/373|[from] Stealth Rock
|turn|31
|c| SinoJapan|I'll take Sexually's suggestion
|choice|move roost|move knockoff
|
|move|p1a: Crobat|Roost|p1a: Crobat
|-heal|p1a: Crobat|260\/373
|move|p2a: vibe|Knock Off|p1a: Crobat
|-damage|p1a: Crobat|25\/373
|-enditem|p1a: Crobat|Black Sludge|[from] move: Knock Off|[of] p2a: vibe
|
|-weather|Hail|[upkeep]
|-damage|p1a: Crobat|2\/373|[from] hail
|-damage|p2a: vibe|192\/401|[from] hail
|-heal|p2a: vibe|217\/401|[from] item: Leftovers
|upkeep
|turn|32
|c| SinoJapan|Can't be in pain if it's not there
|c| Roku2890|foucus on something else
|choice|move roost|move machpunch
|
|move|p2a: vibe|Mach Punch|p1a: Crobat
|-resisted|p1a: Crobat
|-damage|p1a: Crobat|0 fnt
|faint|p1a: Crobat
|
|-weather|Hail|[upkeep]
|-damage|p2a: vibe|192\/401|[from] hail
|-heal|p2a: vibe|217\/401|[from] item: Leftovers
|upkeep
|choice|switch 5|
|
|switch|p1a: Krookodile|Krookodile, M|205\/331
|-damage|p1a: Krookodile|164\/331|[from] Spikes
|-damage|p1a: Krookodile|144\/331|[from] Stealth Rock
|-ability|p1a: Krookodile|Intimidate|boost
|-unboost|p2a: vibe|atk|1
|turn|33
|j|Dhanykarp
|c| SinoJapan|I'll focus on the stump my finger will have
|choice|move knockoff|move machpunch
|
|move|p2a: vibe|Mach Punch|p1a: Krookodile
|-supereffective|p1a: Krookodile
|-damage|p1a: Krookodile|0 fnt
|faint|p1a: Krookodile
|
|win|parivard☎☀️
|l|Jeran
|l|Ninjacalibur
|l|wabuffet
|l|Sexually
|c| SinoJapan|gg
|l|Victini8989
|l|QuesoNepe
|l|Dhanykarp
|l|Red locust
|c| Im a dead meme|gg
|l|fogrot
|l|manofcrawdaunt
|c| Roku2890|Gg
|l|Fizzo
|l|okeim
|l|Im a dead meme
|l|murilovlack
|l|Roku2890
|l|stevensteel
|l|SinoJapan
|l|dogknees
|l|Jahim(▨_▨)
|l|Zazuko</script>
</div>
<div class="battle-log battle-log-inline"><div class="inner"><div class="battle-options"></div><div class="inner"><div class="chat"><small>Jeran joined.</small></div><div class="chat"><small>parivard☎☀️ joined.</small></div><div class=""><small>Format:</small> <br><strong>UU</strong></div><div class=""><small><em>Sleep Clause Mod:</em> Limit one foe put to sleep</small></div><div class=""><small><em>Species Clause:</em> Limit one of each Pokémon</small></div><div class=""><small><em>OHKO Clause:</em> OHKO moves are banned</small></div><div class=""><small><em>Moody Clause:</em> Moody is banned</small></div><div class=""><small><em>Evasion Moves Clause:</em> Evasion moves are banned</small></div><div class=""><small><em>Endless Battle Clause:</em> Forcing endless battles is banned</small></div><div class=""><small><em>HP Percentage Mod:</em> HP is shown in percentages</small></div><div class=""><small><em>Swagger Clause:</em> Swagger is banned</small></div><div class=""><small><em>Baton Pass Clause:</em> Limit one Baton Passer, can't pass Spe and other stats simultaneously</small></div><div class="chat battle-history"><strong>Jeran's team:</strong> <em style="color:#445566;display:block;">Abomasnow / Slowking / Krookodile / Sylveon / Crobat / Metagross</em></div><div class="chat battle-history"><strong>parivard☎☀️'s team:</strong> <em style="color:#445566;display:block;">Conkeldurr / Beedrill / Swampert / Gyarados / Celebi / Forretress</em></div><div class="chat"><small>Stats Bot joined.</small></div><div class="chat"><small>Stats Bot left.</small></div><div class="chat"><small>fogrot joined.</small></div><div class="chat"><small>SinoJapan joined.</small></div><div class="chat"><small>Sexually joined.</small></div><div class="chat"><small>AkRobbie7 joined.</small></div><div class="chat"><small>stevensteel joined.</small></div><div class="chat chatmessage-sexually"><strong style="color:hsl(1,53%,48.98269892035676%)"><small> </small><span class="username" data-name="Sexually">Sexually</span>:</strong> <em>well well well, idk who to root for</em></div><div class="chat"><small>manofcrawdaunt joined.</small></div><div class="chat"><small>dogknees joined.</small></div><div class="chat"><small>murilovlack joined.</small></div><div class="spacer battle-history"><br></div><div class="battle-history">Battle started between Jeran and parivard☎☀️!<br></div><div class="spacer battle-history"><br></div><div class="battle-history">Go! <strong>Crobat</strong>!<br></div><div class="spacer battle-history"><br></div><div class="battle-history">parivard☎☀️ sent out m.a.a.d. (<strong>Beedrill</strong>)!<br></div><div class="spacer battle-history"><br></div><h2 class="battle-history">Turn 1</h2><div class="chat"><small>Kill Bill Pandey joined.</small></div><div class="chat"><small>Ninjacalibur joined.</small></div><div class="chat"><small>okeim joined.</small></div><div class="chat"><small>Roku2890 joined.</small></div><div class="spacer battle-history"><br></div><div class="battle-history"><small>The opposing m.a.a.d.'s Beedrillite is reacting to parivard☎☀️'s Mega Bracelet!</small><br>The opposing m.a.a.d. has Mega Evolved into Mega Beedrill!<br></div><div class="spacer battle-history"><br></div><div class="battle-history">The opposing m.a.a.d. used <strong>Protect</strong>!<br></div><div class="battle-history"><small>The opposing m.a.a.d. protected itself!</small><br></div><div class="spacer battle-history"><br></div><div class="battle-history">Crobat used <strong>Brave Bird</strong>!<br></div><div class="battle-history"><small>The opposing m.a.a.d. protected itself!</small><br></div><div class="spacer battle-history"><br></div><h2 class="battle-history">Turn 2</h2><div class="chat chatmessage-dogknees"><strong style="color:hsl(343,89%,49%)"><small>+</small><span class="username" data-name="dogknees">dogknees</span>:</strong> <em>go jeranivard</em></div><div class="spacer battle-history"><br></div><div class="battle-history">parivard☎☀️ withdrew m.a.a.d.!<br></div><div class="battle-history">parivard☎☀️ sent out alright (<strong>Forretress</strong>)!<br></div><div class="spacer battle-history"><br></div><div class="battle-history">Crobat used <strong>Brave Bird</strong>!<br></div><div class="battle-history"><small>(The opposing alright lost <abbr title="−94/353">26.6%</abbr> of its health!)</small><br></div><div class="battle-history"><small>Crobat is damaged by the recoil!</small><br></div><div class="spacer battle-history"><br></div><div class="battle-history"><small>Crobat restored a little HP using its Black Sludge!</small><br></div><div class="battle-history"><small>The opposing alright restored a little HP using its Leftovers!</small><br></div><div class="spacer battle-history"><br></div><h2 class="battle-history">Turn 3</h2><div class="spacer battle-history"><br></div><div class="battle-history">Crobat used <strong>Taunt</strong>!<br></div><div class="battle-history"><small>The opposing alright fell for the taunt!</small><br></div><div class="spacer battle-history"><br></div><div class="battle-history">The opposing alright can't use Spikes after the taunt!<br></div><div class="spacer battle-history"><br></div><div class="battle-history"><small>Crobat restored a little HP using its Black Sludge!</small><br></div><div class="battle-history"><small>The opposing alright restored a little HP using its Leftovers!</small><br></div><div class="spacer battle-history"><br></div><h2 class="battle-history">Turn 4</h2><div class="chat"><small>GWShark101 joined.</small></div><div class="spacer battle-history"><br></div><div class="battle-history">Crobat, come back!<br></div><div class="battle-history">Go! <strong>Krookodile</strong>!<br></div><div class="battle-history"><small>[Krookodile's Intimidate]</small><br></div><div class="battle-history"><small>The opposing alright's Attack fell!</small><br></div><div class="spacer battle-history"><br></div><div class="battle-history">The opposing alright used <strong>Volt Switch</strong>!<br></div><div class="battle-history"><small>It doesn't affect Krookodile...</small><br></div><div class="spacer battle-history"><br></div><div class="battle-history"><small>The opposing alright restored a little HP using its Leftovers!</small><br></div><div class="spacer battle-history"><br></div><h2 class="battle-history">Turn 5</h2><div class="spacer battle-history"><br></div><div class="battle-history">The opposing alright went back to parivard☎☀️!<br></div><div class="battle-history">parivard☎☀️ sent out backseat (<strong>Swampert</strong>)!<br></div><div class="spacer battle-history"><br></div><div class="battle-history">Krookodile used <strong>Knock Off</strong>!<br></div><div class="battle-history"><small>(The opposing backseat lost <abbr title="−136/401">33.9%</abbr> of its health!)</small><br></div><div class="battle-history"><small>Krookodile knocked off the opposing backseat's Leftovers!</small><br></div><div class="spacer battle-history"><br></div><h2 class="battle-history">Turn 6</h2><div class="chat"><small>Jahim(▨_▨) joined.</small></div><div class="chat chatmessage-sinojapan"><strong style="color:hsl(321,50%,47.99842779999999%)"><small> </small><span class="username" data-name="SinoJapan">SinoJapan</span>:</strong> <em>I support the guy with pokemon</em></div><div class="chat"><small>Jrsmash9 joined.</small></div><div class="spacer battle-history"><br></div><div class="battle-history">Krookodile, come back!<br></div><div class="battle-history">Go! <strong>Abomasnow</strong>!<br></div><div class="spacer battle-history"><br></div><div class="battle-history">The opposing backseat used <strong>Stealth Rock</strong>!<br></div><div class="battle-history"><small>Pointed stones float in the air around your team!</small><br></div><div class="spacer battle-history"><br></div><h2 class="battle-history">Turn 7</h2><div class="spacer battle-history"><br></div><div class="battle-history">parivard☎☀️ withdrew backseat!<br></div><div class="battle-history">parivard☎☀️ sent out alright (<strong>Forretress</strong>)!<br></div><div class="spacer battle-history"><br></div><div class="battle-history"><small>Abomasnow's Abomasite is reacting to Jeran's Mega Bracelet!</small><br>Abomasnow has Mega Evolved into Mega Abomasnow!<br></div><div class="battle-history"><small>[Abomasnow's Snow Warning]</small><br><small>It started to hail!</small><br></div><div class="spacer battle-history"><br></div><div class="battle-history">Abomasnow used <strong>Blizzard</strong>!<br></div><div class="battle-history"><small>It's not very effective...</small><br></div><div class="battle-history"><small>(The opposing alright lost <abbr title="−112/353">31.7%</abbr> of its health!)</small><br></div><div class="spacer battle-history"><br></div><div class="battle-history"><small>The hail is crashing down.</small><br></div><div class="battle-history"><small>The opposing alright restored a little HP using its Leftovers!</small><br></div><div class="spacer battle-history"><br></div><h2 class="battle-history">Turn 8</h2><div class="chat"><small>bdov joined.</small></div><div class="chat"><small>Im a dead meme joined.</small></div><div class="spacer battle-history"><br></div><div class="battle-history">The opposing alright used <strong>Spikes</strong>!<br></div><div class="battle-history"><small>Spikes were scattered on the ground all around your team!</small><br></div><div class="spacer battle-history"><br></div><div class="battle-history">Abomasnow used <strong>Blizzard</strong>!<br></div><div class="battle-history"><small>It's not very effective...</small><br></div><div class="battle-history"><small>(The opposing alright lost <abbr title="−102/353">28.9%</abbr> of its health!)</small><br></div><div class="spacer battle-history"><br></div><div class="battle-history"><small>The hail is crashing down.</small><br></div><div class="battle-history"><small>The opposing alright restored a little HP using its Leftovers!</small><br></div><div class="spacer battle-history"><br></div><h2 class="battle-history">Turn 9</h2><div class="chat"><small>Big➰Air joined.</small></div><div class="spacer battle-history"><br></div><div class="battle-history">The opposing alright used <strong>Volt Switch</strong>!<br></div><div class="battle-history"><small>It's not very effective...</small><br></div><div class="battle-history"><small>A critical hit!</small><br></div><div class="battle-history"><small>(Abomasnow lost <abbr title="−25/321">7.8%</abbr> of its health!)</small><br></div><div class="spacer battle-history"><br></div><div class="battle-history">The opposing alright went back to parivard☎☀️!<br></div><div class="battle-history">parivard☎☀️ sent out swimming pools (<strong>Gyarados</strong>)!<br></div><div class="battle-history"><small>[The opposing swimming pools's Intimidate]</small><br></div><div class="battle-history"><small>Abomasnow's Attack fell!</small><br></div><div class="spacer battle-history"><br></div><div class="battle-history">Abomasnow used <strong>Blizzard</strong>!<br></div><div class="battle-history"><small>(The opposing swimming pools lost <abbr title="−208/331">62.8%</abbr> of its health!)</small><br></div><div class="spacer battle-history"><br></div><div class="battle-history"><small>The hail is crashing down.</small><br></div><div class="battle-history"><small>The opposing swimming pools is buffeted by the hail!</small><br></div><div class="battle-history"><small>The opposing swimming pools restored a little HP using its Leftovers!</small><br></div><div class="spacer battle-history"><br></div><h2 class="battle-history">Turn 10</h2><div class="chat"><small>BOOMBOOMBOO joined.</small></div><div class="chat"><small>mathprose♥❄☃ joined.</small></div><div class="spacer battle-history"><br></div><div class="battle-history">The opposing swimming pools used <strong>Bounce</strong>!<br></div><div class="battle-history">The opposing swimming pools sprang up!<br></div><div class="spacer battle-history"><br></div><div class="battle-history">Abomasnow used <strong>Blizzard</strong>!<br></div><div class="battle-history"><small>The opposing swimming pools avoided the attack!</small><br></div><div class="spacer battle-history"><br></div><div class="battle-history"><small>The hail is crashing down.</small><br></div><div class="battle-history"><small>The opposing swimming pools is buffeted by the hail!</small><br></div><div class="battle-history"><small>The opposing swimming pools restored a little HP using its Leftovers!</small><br></div><div class="spacer battle-history"><br></div><h2 class="battle-history">Turn 11</h2><div class="chat"><small>chikoritachatot joined.</small></div><div class="chat"><small>Gunther123 joined.</small></div><div class="chat"><small>Big➰Air left.</small></div><div class="chat"><small>Victini8989 joined.</small></div><div class="chat chatmessage-sinojapan"><strong style="color:hsl(321,50%,47.99842779999999%)"><small> </small><span class="username" data-name="SinoJapan">SinoJapan</span>:</strong> <em>but blizzard always hits in hail</em></div><div class="spacer battle-history"><br></div><div class="battle-history">Abomasnow, come back!<br></div><div class="battle-history">Go! <strong>Crobat</strong>!<br></div><div class="battle-history"><small>Pointed stones dug into Crobat!</small><br></div><div class="spacer battle-history"><br></div><div class="battle-history">The opposing swimming pools used <strong>Bounce</strong>!<br></div><div class="battle-history"><small>(Crobat lost <abbr title="−160/373">42.9%</abbr> of its health!)</small><br></div><div class="spacer battle-history"><br></div><div class="battle-history"><small>The hail stopped.</small><br></div><div class="battle-history"><small>Crobat restored a little HP using its Black Sludge!</small><br></div><div class="battle-history"><small>The opposing swimming pools restored a little HP using its Leftovers!</small><br></div><div class="spacer battle-history"><br></div><h2 class="battle-history">Turn 12</h2><div class="chat chatmessage-sinojapan"><strong style="color:hsl(321,50%,47.99842779999999%)"><small> </small><span class="username" data-name="SinoJapan">SinoJapan</span>:</strong> <em>HOW IS THIS POSSIBLE</em></div><div class="chat"><small>Jrsmash9 left.</small></div><div class="chat chatmessage-boomboomboo"><strong style="color:hsl(185,59%,46.57621149504745%)"><small> </small><span class="username" data-name="BOOMBOOMBOO">BOOMBOOMBOO</span>:</strong> <em>he bounced</em></div><div class="chat chatmessage-gwshark101"><strong style="color:hsl(242,84%,60.74423279544129%)"><small> </small><span class="username" data-name="GWShark101">GWShark101</span>:</strong> <em>lol</em></div><div class="chat"><small>Zazuko joined.</small></div><div class="chat chatmessage-sinojapan"><strong style="color:hsl(321,50%,47.99842779999999%)"><small> </small><span class="username" data-name="SinoJapan">SinoJapan</span>:</strong> <em>ik</em></div><div class="spacer battle-history"><br></div><div class="battle-history">parivard☎☀️ withdrew swimming pools!<br></div><div class="battle-history">parivard☎☀️ sent out money trees (<strong>Celebi</strong>)!<br></div><div class="spacer battle-history"><br></div><div class="battle-history">Crobat used <strong>Defog</strong>!<br></div><div class="battle-history"><small>The opposing money trees's evasiveness fell!</small><br></div><div class="battle-history"><small>The spikes disappeared from the ground around your team!</small><br></div><div class="battle-history"><small>The pointed stones disappeared from around your team!</small><br></div><div class="spacer battle-history"><br></div><div class="battle-history"><small>Crobat restored a little HP using its Black Sludge!</small><br></div><div class="spacer battle-history"><br></div><h2 class="battle-history">Turn 13</h2><div class="chat chatmessage-sexually"><strong style="color:hsl(1,53%,48.98269892035676%)"><small> </small><span class="username" data-name="Sexually">Sexually</span>:</strong> <em>it was a joke obv</em></div><div class="chat chatmessage-sinojapan"><strong style="color:hsl(321,50%,47.99842779999999%)"><small> </small><span class="username" data-name="SinoJapan">SinoJapan</span>:</strong> <em>^</em></div><div class="chat chatmessage-imadeadmeme"><strong style="color:hsl(301,80%,43%)"><small> </small><span class="username" data-name="Im a dead meme">Im a dead meme</span>:</strong> <em>thebezt</em></div><div class="chat"><small>Fizzo joined.</small></div><div class="spacer battle-history"><br></div><div class="battle-history">Crobat, come back!<br></div><div class="battle-history">Go! Abomasnow (<strong>Abomasnow-Mega</strong>)!<br></div><div class="battle-history"><small>[Abomasnow's Snow Warning]</small><br><small>It started to hail!</small><br></div><div class="spacer battle-history"><br></div><div class="battle-history">The opposing money trees used <strong>U-turn</strong>!<br></div><div class="battle-history"><small>It's super effective!</small><br></div><div class="battle-history"><small>(Abomasnow lost <abbr title="−92/321">28.7%</abbr> of its health!)</small><br></div><div class="chat"><small>okeim left.</small></div><div class="chat"><small>okeim joined.</small></div><div class="chat"><small>adamcheese101 joined.</small></div><div class="spacer battle-history"><br></div><div class="battle-history">The opposing money trees went back to parivard☎☀️!<br></div><div class="battle-history">parivard☎☀️ sent out m.a.a.d. (<strong>Beedrill-Mega</strong>)!<br></div><div class="spacer battle-history"><br></div><div class="battle-history"><small>The hail is crashing down.</small><br></div><div class="battle-history"><small>The opposing m.a.a.d. is buffeted by the hail!</small><br></div><div class="spacer battle-history"><br></div><h2 class="battle-history">Turn 14</h2><div class="chat"><small>Fizzo left.</small></div><div class="chat"><small>adamcheese101 left.</small></div><div class="spacer battle-history"><br></div><div class="battle-history">Abomasnow, come back!<br></div><div class="battle-history">Go! <strong>Metagross</strong>!<br></div><div class="spacer battle-history"><br></div><div class="battle-history">The opposing m.a.a.d. used <strong>U-turn</strong>!<br></div><div class="battle-history"><small>(Metagross lost <abbr title="−156/321">48.6%</abbr> of its health!)</small><br></div><div class="chat chatmessage-gwshark101"><strong style="color:hsl(242,84%,60.74423279544129%)"><small> </small><span class="username" data-name="GWShark101">GWShark101</span>:</strong> <em>mega obama has similar stats to escavalier</em></div><div class="chat chatmessage-sinojapan"><strong style="color:hsl(321,50%,47.99842779999999%)"><small> </small><span class="username" data-name="SinoJapan">SinoJapan</span>:</strong> <em>shit?</em></div><div class="spacer battle-history"><br></div><div class="battle-history">The opposing m.a.a.d. went back to parivard☎☀️!<br></div><div class="battle-history">parivard☎☀️ sent out backseat (<strong>Swampert</strong>)!<br></div><div class="spacer battle-history"><br></div><div class="battle-history"><small>The hail is crashing down.</small><br></div><div class="battle-history"><small>Metagross is buffeted by the hail!</small><br></div><div class="battle-history"><small>The opposing backseat is buffeted by the hail!</small><br></div><div class="spacer battle-history"><br></div><h2 class="battle-history">Turn 15</h2><div class="chat chatmessage-roku2890"><strong style="color:hsl(337,78%,48%)"><small> </small><span class="username" data-name="Roku2890">Roku2890</span>:</strong> <em>Such good battle money on Jeran</em></div><div class="chat"><small>8bithyper joined.</small></div><div class="chat chatmessage-imadeadmeme"><strong style="color:hsl(301,80%,43%)"><small> </small><span class="username" data-name="Im a dead meme">Im a dead meme</span>:</strong> <em>beedril best have twineedle</em></div><div class="spacer battle-history"><br></div><div class="battle-history">Metagross used <strong>Earthquake</strong>!<br></div><div class="battle-history"><small>(The opposing backseat lost <abbr title="−146/401">36.4%</abbr> of its health!)</small><br></div><div class="spacer battle-history"><br></div><div class="battle-history">The opposing backseat used <strong>Stealth Rock</strong>!<br></div><div class="battle-history"><small>Pointed stones float in the air around your team!</small><br></div><div class="spacer battle-history"><br></div><div class="battle-history"><small>The hail is crashing down.</small><br></div><div class="battle-history"><small>Metagross is buffeted by the hail!</small><br></div><div class="battle-history"><small>The opposing backseat is buffeted by the hail!</small><br></div><div class="spacer battle-history"><br></div><h2 class="battle-history">Turn 16</h2><div class="chat chatmessage-chikoritachatot"><strong style="color:hsl(25,75%,47%)"><small> </small><span class="username" data-name="chikoritachatot">chikoritachatot</span>:</strong> <em>OO</em></div><div class="chat"><small>okeim left.</small></div><div class="chat"><small>Fizzo joined.</small></div><div class="chat"><small>Cacadeazul1234 joined.</small></div><div class="chat chatmessage-sinojapan"><strong style="color:hsl(321,50%,47.99842779999999%)"><small> </small><span class="username" data-name="SinoJapan">SinoJapan</span>:</strong> <em>That is a Special Attacker beedrill</em></div><div class="chat chatmessage-gwshark101"><strong style="color:hsl(242,84%,60.74423279544129%)"><small> </small><span class="username" data-name="GWShark101">GWShark101</span>:</strong> <em>decent bulk and offense but shit speed</em></div><div class="spacer battle-history"><br></div><div class="battle-history">Metagross, come back!<br></div><div class="battle-history">Go! <strong>Sylveon</strong>!<br></div><div class="battle-history"><small>Pointed stones dug into Sylveon!</small><br></div><div class="spacer battle-history"><br></div><div class="battle-history">The opposing backseat used <strong>Scald</strong>!<br></div><div class="battle-history"><small>(Sylveon lost <abbr title="−94/392">24.0%</abbr> of its health!)</small><br></div><div class="battle-history"><small>Sylveon was burned!</small><br></div><div class="spacer battle-history"><br></div><div class="battle-history"><small>The hail is crashing down.</small><br></div><div class="battle-history"><small>Sylveon is buffeted by the hail!</small><br></div><div class="battle-history"><small>The opposing backseat is buffeted by the hail!</small><br></div><div class="battle-history"><small>Sylveon restored a little HP using its Leftovers!</small><br></div><div class="battle-history"><small>Sylveon was hurt by its burn!</small><br></div><div class="spacer battle-history"><br></div><h2 class="battle-history">Turn 17</h2><div class="chat"><small>okeim joined.</small></div><div class="chat chatmessage-sinojapan"><strong style="color:hsl(321,50%,47.99842779999999%)"><small> </small><span class="username" data-name="SinoJapan">SinoJapan</span>:</strong> <em>Toxic Spikes on fortress &amp; venoshock Beedrill</em></div><div class="chat chatmessage-sinojapan"><strong style="color:hsl(321,50%,47.99842779999999%)"><small> </small><span class="username" data-name="SinoJapan">SinoJapan</span>:</strong> <em>pro</em></div><div class="spacer battle-history"><br></div><div class="battle-history">Sylveon used <strong>Heal Bell</strong>!<br></div><div class="battle-history"><small>A bell chimed!</small><br></div><div class="battle-history"><small>Sylveon's burn was healed.</small><br></div><div class="spacer battle-history"><br></div><div class="battle-history">The opposing backseat used <strong>Earthquake</strong>!<br></div><div class="battle-history"><small>(Sylveon lost <abbr title="−130/392">33.2%</abbr> of its health!)</small><br></div><div class="spacer battle-history"><br></div><div class="battle-history"><small>The hail stopped.</small><br></div><div class="battle-history"><small>Sylveon restored a little HP using its Leftovers!</small><br></div><div class="spacer battle-history"><br></div><h2 class="battle-history">Turn 18</h2><div class="chat"><small>Gunther123 left.</small></div><div class="spacer battle-history"><br></div><div class="battle-history">Sylveon used <strong>Hyper Voice</strong>!<br></div><div class="battle-history"><small>(The opposing backseat lost <abbr title="−44/401">11.0%</abbr> of its health!)</small><br></div><div class="spacer battle-history"><br></div><div class="battle-history">The opposing backseat fainted!<br></div><div class="spacer battle-history"><br></div><div class="battle-history"><small>Sylveon restored a little HP using its Leftovers!</small><br></div><div class="chat chatmessage-roku2890"><strong style="color:hsl(337,78%,48%)"><small> </small><span class="username" data-name="Roku2890">Roku2890</span>:</strong> <em>Money on Jeran</em></div><div class="spacer battle-history"><br></div><div class="battle-history">parivard☎☀️ sent out m.a.a.d. (<strong>Beedrill-Mega</strong>)!<br></div><div class="spacer battle-history"><br></div><h2 class="battle-history">Turn 19</h2><div class="chat"><small>danielshadow31 joined.</small></div><div class="spacer battle-history"><br></div><div class="battle-history">Sylveon used <strong>Protect</strong>!<br></div><div class="battle-history"><small>Sylveon protected itself!</small><br></div><div class="spacer battle-history"><br></div><div class="battle-history">The opposing m.a.a.d. used <strong>Poison Jab</strong>!<br></div><div class="battle-history"><small>Sylveon protected itself!</small><br></div><div class="spacer battle-history"><br></div><div class="battle-history"><small>Sylveon restored a little HP using its Leftovers!</small><br></div><div class="spacer battle-history"><br></div><h2 class="battle-history">Turn 20</h2><div class="chat"><small>danielshadow31 left.</small></div><div class="spacer battle-history"><br></div><div class="battle-history">The opposing m.a.a.d. used <strong>Poison Jab</strong>!<br></div><div class="battle-history"><small>It's super effective!</small><br></div><div class="battle-history"><small>(Sylveon lost <abbr title="−142/392">36.2%</abbr> of its health!)</small><br></div><div class="spacer battle-history"><br></div><div class="battle-history">Sylveon fainted!<br></div><div class="spacer battle-history"><br></div><div class="battle-history">Go! <strong>Metagross</strong>!<br></div><div class="battle-history"><small>Pointed stones dug into Metagross!</small><br></div><div class="spacer battle-history"><br></div><h2 class="battle-history">Turn 21</h2><div class="spacer battle-history"><br></div><div class="battle-history">Metagross used <strong>Bullet Punch</strong>!<br></div><div class="battle-history"><small>(The opposing m.a.a.d. lost <abbr title="−252/271">93.0%</abbr> of its health!)</small><br></div><div class="spacer battle-history"><br></div><div class="battle-history">The opposing m.a.a.d. used <strong>Drill Run</strong>!<br></div><div class="battle-history"><small>It's super effective!</small><br></div><div class="battle-history"><small>(Metagross lost <abbr title="−105/321">32.7%</abbr> of its health!)</small><br></div><div class="spacer battle-history"><br></div><div class="battle-history">Metagross fainted!<br></div><div class="chat"><small>Cacadeazul1234 left.</small></div><div class="chat chatmessage-sinojapan"><strong style="color:hsl(321,50%,47.99842779999999%)"><small> </small><span class="username" data-name="SinoJapan">SinoJapan</span>:</strong> <em>RIP</em></div><div class="spacer battle-history"><br></div><div class="battle-history">Go! Abomasnow (<strong>Abomasnow-Mega</strong>)!<br></div><div class="battle-history"><small>Pointed stones dug into Abomasnow!</small><br></div><div class="battle-history"><small>[Abomasnow's Snow Warning]</small><br><small>It started to hail!</small><br></div><div class="spacer battle-history"><br></div><h2 class="battle-history">Turn 22</h2><div class="spacer battle-history"><br></div><div class="battle-history">parivard☎☀️ withdrew m.a.a.d.!<br></div><div class="battle-history">parivard☎☀️ sent out alright (<strong>Forretress</strong>)!<br></div><div class="spacer battle-history"><br></div><div class="battle-history">Abomasnow used <strong>Ice Shard</strong>!<br></div><div class="battle-history"><small>It's not very effective...</small><br></div><div class="battle-history"><small>(The opposing alright lost <abbr title="−25/353">7.1%</abbr> of its health!)</small><br></div><div class="spacer battle-history"><br></div><div class="battle-history"><small>The hail is crashing down.</small><br></div><div class="battle-history"><small>The opposing alright restored a little HP using its Leftovers!</small><br></div><div class="spacer battle-history"><br></div><h2 class="battle-history">Turn 23</h2><div class="chat chatmessage-gwshark101"><strong style="color:hsl(242,84%,60.74423279544129%)"><small> </small><span class="username" data-name="GWShark101">GWShark101</span>:</strong> <em>poison the shit outta him</em></div><div class="spacer battle-history"><br></div><div class="battle-history">Abomasnow, come back!<br></div><div class="battle-history">Go! <strong>Krookodile</strong>!<br></div><div class="battle-history"><small>Pointed stones dug into Krookodile!</small><br></div><div class="battle-history"><small>[Krookodile's Intimidate]</small><br></div><div class="battle-history"><small>The opposing alright's Attack fell!</small><br></div><div class="spacer battle-history"><br></div><div class="battle-history">The opposing alright used <strong>Heavy Slam</strong>!<br></div><div class="battle-history"><small>(Krookodile lost <abbr title="−34/331">10.3%</abbr> of its health!)</small><br></div><div class="spacer battle-history"><br></div><div class="battle-history"><small>The hail is crashing down.</small><br></div><div class="battle-history"><small>Krookodile is buffeted by the hail!</small><br></div><div class="battle-history"><small>The opposing alright restored a little HP using its Leftovers!</small><br></div><div class="spacer battle-history"><br></div><h2 class="battle-history">Turn 24</h2><div class="chat chatmessage-gwshark101"><strong style="color:hsl(242,84%,60.74423279544129%)"><small> </small><span class="username" data-name="GWShark101">GWShark101</span>:</strong> <em>oh yeah ice shard i forgot lol</em></div><div class="spacer battle-history"><br></div><div class="battle-history">Krookodile used <strong>Knock Off</strong>!<br></div><div class="battle-history"><small>(The opposing alright lost <abbr title="−133/353">37.7%</abbr> of its health!)</small><br></div><div class="battle-history"><small>Krookodile knocked off the opposing alright's Leftovers!</small><br></div><div class="spacer battle-history"><br></div><div class="battle-history">The opposing alright used <strong>Spikes</strong>!<br></div><div class="battle-history"><small>Spikes were scattered on the ground all around your team!</small><br></div><div class="spacer battle-history"><br></div><div class="battle-history"><small>The hail is crashing down.</small><br></div><div class="battle-history"><small>Krookodile is buffeted by the hail!</small><br></div><div class="spacer battle-history"><br></div><h2 class="battle-history">Turn 25</h2><div class="spacer battle-history"><br></div><div class="battle-history">Krookodile used <strong>Stealth Rock</strong>!<br></div><div class="battle-history"><small>Pointed stones float in the air around the opposing team!</small><br></div><div class="spacer battle-history"><br></div><div class="battle-history">The opposing alright used <strong>Rapid Spin</strong>!<br></div><div class="battle-history"><small>(Krookodile lost <abbr title="−12/331">3.6%</abbr> of its health!)</small><br></div><div class="battle-history"><small>The pointed stones disappeared from around the opposing team!</small><br></div><div class="spacer battle-history"><br></div><div class="battle-history"><small>The hail is crashing down.</small><br></div><div class="battle-history"><small>Krookodile is buffeted by the hail!</small><br></div><div class="spacer battle-history"><br></div><h2 class="battle-history">Turn 26</h2><div class="spacer battle-history"><br></div><div class="battle-history">Krookodile used <strong>Stealth Rock</strong>!<br></div><div class="battle-history"><small>Pointed stones float in the air around the opposing team!</small><br></div><div class="spacer battle-history"><br></div><div class="battle-history">The opposing alright used <strong>Volt Switch</strong>!<br></div><div class="battle-history"><small>It doesn't affect Krookodile...</small><br></div><div class="spacer battle-history"><br></div><div class="battle-history"><small>The hail stopped.</small><br></div><div class="spacer battle-history"><br></div><h2 class="battle-history">Turn 27</h2><div class="spacer battle-history"><br></div><div class="battle-history">Krookodile used <strong>Knock Off</strong>!<br></div><div class="battle-history"><small>(The opposing alright lost <abbr title="−41/353">11.6%</abbr> of its health!)</small><br></div><div class="spacer battle-history"><br></div><div class="battle-history">The opposing alright fainted!<br></div><div class="chat"><small>champion.jg joined.</small></div><div class="spacer battle-history"><br></div><div class="battle-history">parivard☎☀️ sent out vibe (<strong>Conkeldurr</strong>)!<br></div><div class="battle-history"><small>Pointed stones dug into the opposing vibe!</small><br></div><div class="spacer battle-history"><br></div><h2 class="battle-history">Turn 28</h2><div class="chat"><small>DarkAngeallenq.q joined.</small></div><div class="chat"><small>wabuffet joined.</small></div><div class="spacer battle-history"><br></div><div class="battle-history">Krookodile used <strong>Earthquake</strong>!<br></div><div class="battle-history"><small>(The opposing vibe lost <abbr title="−184/401">45.9%</abbr> of its health!)</small><br></div><div class="spacer battle-history"><br></div><div class="battle-history">The opposing vibe used <strong>Bulk Up</strong>!<br></div><div class="battle-history"><small>The opposing vibe's Attack rose!</small><br></div><div class="battle-history"><small>The opposing vibe's Defense rose!</small><br></div><div class="spacer battle-history"><br></div><div class="battle-history"><small>The opposing vibe restored a little HP using its Leftovers!</small><br></div><div class="spacer battle-history"><br></div><h2 class="battle-history">Turn 29</h2><div class="chat"><small>Kill Bill Pandey left.</small></div><div class="chat chatmessage-sinojapan"><strong style="color:hsl(321,50%,47.99842779999999%)"><small> </small><span class="username" data-name="SinoJapan">SinoJapan</span>:</strong> <em>Guys, I cut my fingernail too short, what's the best method to prevent it from irritating me?</em></div><div class="spacer battle-history"><br></div><div class="battle-history">Krookodile, come back!<br></div><div class="battle-history">Go! Abomasnow (<strong>Abomasnow-Mega</strong>)!<br></div><div class="battle-history"><small>Abomasnow is hurt by the spikes!</small><br></div><div class="battle-history"><small>Pointed stones dug into Abomasnow!</small><br></div><div class="battle-history"><small>[Abomasnow's Snow Warning]</small><br><small>It started to hail!</small><br></div><div class="spacer battle-history"><br></div><div class="battle-history">The opposing vibe used <strong>Mach Punch</strong>!<br></div><div class="battle-history"><small>It's super effective!</small><br></div><div class="battle-history"><small>(Abomasnow lost <abbr title="−4/321">1.2%</abbr> of its health!)</small><br></div><div class="spacer battle-history"><br></div><div class="battle-history">Abomasnow fainted!<br></div><div class="spacer battle-history"><br></div><div class="battle-history"><small>The hail is crashing down.</small><br></div><div class="battle-history"><small>The opposing vibe is buffeted by the hail!</small><br></div><div class="battle-history"><small>The opposing vibe restored a little HP using its Leftovers!</small><br></div><div class="chat"><small>Red locust joined.</small></div><div class="chat chatmessage-sexually"><strong style="color:hsl(1,53%,48.98269892035676%)"><small> </small><span class="username" data-name="Sexually">Sexually</span>:</strong> <em>burn the finger off</em></div><div class="chat chatmessage-roku2890"><strong style="color:hsl(337,78%,48%)"><small> </small><span class="username" data-name="Roku2890">Roku2890</span>:</strong> <em>Forget it</em></div><div class="spacer battle-history"><br></div><div class="battle-history">Go! <strong>Slowking</strong>!<br></div><div class="battle-history"><small>Slowking is hurt by the spikes!</small><br></div><div class="battle-history"><small>Pointed stones dug into Slowking!</small><br></div><div class="spacer battle-history"><br></div><h2 class="battle-history">Turn 30</h2><div class="chat"><small>mathprose♥❄☃ left.</small></div><div class="chat"><small>QuesoNepe joined.</small></div><div class="spacer battle-history"><br></div><div class="battle-history">The opposing vibe used <strong>Knock Off</strong>!<br></div><div class="battle-history"><small>It's super effective!</small><br></div><div class="battle-history"><small>(Slowking lost <abbr title="−295/393">75.1%</abbr> of its health!)</small><br></div><div class="battle-history"><small>The opposing vibe knocked off Slowking's Leftovers!</small><br></div><div class="spacer battle-history"><br></div><div class="battle-history">Slowking fainted!<br></div><div class="spacer battle-history"><br></div><div class="battle-history"><small>The hail is crashing down.</small><br></div><div class="battle-history"><small>The opposing vibe is buffeted by the hail!</small><br></div><div class="battle-history"><small>The opposing vibe restored a little HP using its Leftovers!</small><br></div><div class="spacer battle-history"><br></div><div class="battle-history">Go! <strong>Crobat</strong>!<br></div><div class="battle-history"><small>Pointed stones dug into Crobat!</small><br></div><div class="spacer battle-history"><br></div><h2 class="battle-history">Turn 31</h2><div class="chat chatmessage-sinojapan"><strong style="color:hsl(321,50%,47.99842779999999%)"><small> </small><span class="username" data-name="SinoJapan">SinoJapan</span>:</strong> <em>I'll take Sexually's suggestion</em></div><div class="spacer battle-history"><br></div><div class="battle-history">Crobat used <strong>Roost</strong>!<br></div><div class="battle-history"><small>Crobat restored its HP.</small><br></div><div class="spacer battle-history"><br></div><div class="battle-history">The opposing vibe used <strong>Knock Off</strong>!<br></div><div class="battle-history"><small>(Crobat lost <abbr title="−235/373">63.0%</abbr> of its health!)</small><br></div><div class="battle-history"><small>The opposing vibe knocked off Crobat's Black Sludge!</small><br></div><div class="spacer battle-history"><br></div><div class="battle-history"><small>The hail is crashing down.</small><br></div><div class="battle-history"><small>Crobat is buffeted by the hail!</small><br></div><div class="battle-history"><small>The opposing vibe is buffeted by the hail!</small><br></div><div class="battle-history"><small>The opposing vibe restored a little HP using its Leftovers!</small><br></div><div class="spacer battle-history"><br></div><h2 class="battle-history">Turn 32</h2><div class="chat chatmessage-sinojapan"><strong style="color:hsl(321,50%,47.99842779999999%)"><small> </small><span class="username" data-name="SinoJapan">SinoJapan</span>:</strong> <em>Can't be in pain if it's not there</em></div><div class="chat chatmessage-roku2890"><strong style="color:hsl(337,78%,48%)"><small> </small><span class="username" data-name="Roku2890">Roku2890</span>:</strong> <em>foucus on something else</em></div><div class="spacer battle-history"><br></div><div class="battle-history">The opposing vibe used <strong>Mach Punch</strong>!<br></div><div class="battle-history"><small>It's not very effective...</small><br></div><div class="battle-history"><small>(Crobat lost <abbr title="−2/373">0.5%</abbr> of its health!)</small><br></div><div class="spacer battle-history"><br></div><div class="battle-history">Crobat fainted!<br></div><div class="spacer battle-history"><br></div><div class="battle-history"><small>The hail is crashing down.</small><br></div><div class="battle-history"><small>The opposing vibe is buffeted by the hail!</small><br></div><div class="battle-history"><small>The opposing vibe restored a little HP using its Leftovers!</small><br></div><div class="spacer battle-history"><br></div><div class="battle-history">Go! <strong>Krookodile</strong>!<br></div><div class="battle-history"><small>Krookodile is hurt by the spikes!</small><br></div><div class="battle-history"><small>Pointed stones dug into Krookodile!</small><br></div><div class="battle-history"><small>[Krookodile's Intimidate]</small><br></div><div class="battle-history"><small>The opposing vibe's Attack fell!</small><br></div><div class="spacer battle-history"><br></div><h2 class="battle-history">Turn 33</h2><div class="chat"><small>Dhanykarp joined.</small></div><div class="chat chatmessage-sinojapan"><strong style="color:hsl(321,50%,47.99842779999999%)"><small> </small><span class="username" data-name="SinoJapan">SinoJapan</span>:</strong> <em>I'll focus on the stump my finger will have</em></div><div class="spacer battle-history"><br></div><div class="battle-history">The opposing vibe used <strong>Mach Punch</strong>!<br></div><div class="battle-history"><small>It's super effective!</small><br></div><div class="battle-history"><small>(Krookodile lost <abbr title="−144/331">43.5%</abbr> of its health!)</small><br></div><div class="spacer battle-history"><br></div><div class="battle-history">Krookodile fainted!<br></div><div class="spacer battle-history"><br></div><div class="battle-history"><strong>parivard☎☀️</strong> won the battle!<br></div><div class="chat"><small>Jeran left.</small></div><div class="chat"><small>Ninjacalibur left.</small></div><div class="chat"><small>wabuffet left.</small></div><div class="chat"><small>Sexually left.</small></div><div class="chat chatmessage-sinojapan"><strong style="color:hsl(321,50%,47.99842779999999%)"><small> </small><span class="username" data-name="SinoJapan">SinoJapan</span>:</strong> <em>gg</em></div><div class="chat"><small>Victini8989 left.</small></div><div class="chat"><small>QuesoNepe left.</small></div><div class="chat"><small>Dhanykarp left.</small></div><div class="chat"><small>Red locust left.</small></div><div class="chat chatmessage-imadeadmeme"><strong style="color:hsl(301,80%,43%)"><small> </small><span class="username" data-name="Im a dead meme">Im a dead meme</span>:</strong> <em>gg</em></div><div class="chat"><small>fogrot left.</small></div><div class="chat"><small>manofcrawdaunt left.</small></div><div class="chat chatmessage-roku2890"><strong style="color:hsl(337,78%,48%)"><small> </small><span class="username" data-name="Roku2890">Roku2890</span>:</strong> <em>Gg</em></div><div class="chat"><small>Fizzo left.</small></div><div class="chat"><small>okeim left.</small></div><div class="chat"><small>Im a dead meme left.</small></div><div class="chat"><small>murilovlack left.</small></div><div class="chat"><small>Roku2890 left.</small></div><div class="chat"><small>stevensteel left.</small></div><div class="chat"><small>SinoJapan left.</small></div><div class="chat"><small>dogknees left.</small></div><div class="chat"><small>Jahim(▨_▨) left.</small></div><div class="chat"><small>Zazuko left.</small></div></div><div class="inner-preempt"></div></div></div>
</div>
<script>
let daily = Math.floor(Date.now()/1000/60/60/24);document.write('<script src="https://play.pokemonshowdown.com/js/replay-embed.js?version'+daily+'"></'+'script>');
</script>
