<!DOCTYPE html>
<meta charset="utf-8" />
<!-- version 1 -->
<title>UU replay: richiestryder vs. Parnstar</title>
<style>
html,body {font-family:Verdana, sans-serif;font-size:10pt;margin:0;padding:0;}body{padding:12px 0;} .battle-log {font-family:Verdana, sans-serif;font-size:10pt;} .battle-log-inline {border:1px solid #AAAAAA;background:#EEF2F5;color:black;max-width:640px;margin:0 auto 80px;padding-bottom:5px;} .battle-log .inner {padding:4px 8px 0px 8px;} .battle-log .inner-preempt {padding:0 8px 4px 8px;} .battle-log .inner-after {margin-top:0.5em;} .battle-log h2 {margin:0.5em -8px;padding:4px 8px;border:1px solid #AAAAAA;background:#E0E7EA;border-left:0;border-right:0;font-family:Verdana, sans-serif;font-size:13pt;} .battle-log .chat {vertical-align:middle;padding:3px 0 3px 0;font-size:8pt;} .battle-log .chat strong {color:#40576A;} .battle-log .chat em {padding:1px 4px 1px 3px;color:#000000;font-style:normal;} .chat.mine {background:rgba(0,0,0,0.05);margin-left:-8px;margin-right:-8px;padding-left:8px;padding-right:8px;} .spoiler {color:#BBBBBB;background:#BBBBBB;padding:0px 3px;} .spoiler:hover, .spoiler:active, .spoiler-shown {color:#000000;background:#E2E2E2;padding:0px 3px;} .spoiler a {color:#BBBBBB;} .spoiler:hover a, .spoiler:active a, .spoiler-shown a {color:#2288CC;} .chat code, .chat .spoiler:hover code, .chat .spoiler:active code, .chat .spoiler-shown code {border:1px solid #C0C0C0;background:#EEEEEE;color:black;padding:0 2px;} .chat .spoiler code {border:1px solid #CCCCCC;background:#CCCCCC;color:#CCCCCC;} .battle-log .rated {padding:3px 4px;} .battle-log .rated strong {color:white;background:#89A;padding:1px 4px;border-radius:4px;} .spacer {margin-top:0.5em;} .message-announce {background:#6688AA;color:white;padding:1px 4px 2px;} .message-announce a, .broadcast-green a, .broadcast-blue a, .broadcast-red a {color:#DDEEFF;} .broadcast-green {background-color:#559955;color:white;padding:2px 4px;} .broadcast-blue {background-color:#6688AA;color:white;padding:2px 4px;} .infobox {border:1px solid #6688AA;padding:2px 4px;} .infobox-limited {max-height:200px;overflow:auto;overflow-x:hidden;} .broadcast-red {background-color:#AA5544;color:white;padding:2px 4px;} .message-learn-canlearn {font-weight:bold;color:#228822;text-decoration:underline;} .message-learn-cannotlearn {font-weight:bold;color:#CC2222;text-decoration:underline;} .message-effect-weak {font-weight:bold;color:#CC2222;} .message-effect-resist {font-weight:bold;color:#6688AA;} .message-effect-immune {font-weight:bold;color:#666666;} .message-learn-list {margin-top:0;margin-bottom:0;} .message-throttle-notice, .message-error {color:#992222;} .message-overflow, .chat small.message-overflow {font-size:0pt;} .message-overflow::before {font-size:9pt;content:'...';} .subtle {color:#3A4A66;}
</style>
<div class="wrapper replay-wrapper" style="max-width:1180px;margin:0 auto">
<input type="hidden" name="replayid" value="uu-550688229" />
<div class="battle"></div><div class="battle-log"></div><div class="replay-controls"></div><div class="replay-controls-2"></div>
<h1 style="font-weight:normal;text-align:center"><strong>UU</strong><br /><a href="http://pokemonshowdown.com/users/richiestryder" class="subtle" target="_blank">richiestryder</a> vs. <a href="http://pokemonshowdown.com/users/parnstar" class="subtle" target="_blank">Parnstar</a></h1>
<script type="text/plain" class="battle-log-data">|j|richiestryder
|j|Parnstar
|player|p1|richiestryder|80
|player|p2|Parnstar|21
|gametype|singles
|gen|6
|tier|UU
|rated
|seed|63082,44176,27521,20687
|rule|Sleep Clause Mod: Limit one foe put to sleep
|rule|Species Clause: Limit one of each Pokémon
|rule|OHKO Clause: OHKO moves are banned
|rule|Moody Clause: Moody is banned
|rule|Evasion Moves Clause: Evasion moves are banned
|rule|Endless Battle Clause: Forcing endless battles is banned
|rule|HP Percentage Mod: HP is shown in percentages
|clearpoke
|poke|p1|Jolteon, M|item
|poke|p1|Arcanine, F|item
|poke|p1|Gogoat, M|item
|poke|p1|Milotic, F|item
|poke|p1|Haxorus, F, shiny|item
|poke|p1|Crobat, M|item
|poke|p2|Mamoswine, F|item
|poke|p2|Toxicroak, F|item
|poke|p2|Whimsicott, F|item
|poke|p2|Heliolisk, M|item
|poke|p2|Donphan, M|item
|poke|p2|Crawdaunt, M|item
|rule|Swagger Clause: Swagger is banned
|rule|Baton Pass Clause: Limit one Baton Passer, can't pass Spe and other stats simultaneously
|teampreview
|choice|team 6, team 2, team 3, team 4, team 5, team 1|team 4, team 2, team 3, team 1, team 5, team 6
|
|start
|switch|p1a: Crobat|Crobat, M|311\/311
|switch|p2a: Scared|Heliolisk, M|327\/327
|turn|1
|j|lyuupju
|choice|move uturn|move thunderbolt
|
|move|p1a: Crobat|U-turn|p2a: Scared
|-damage|p2a: Scared|175\/327
|choice|switch 6|
|
|switch|p1a: Jolteon|Jolteon, M|271\/271
|move|p2a: Scared|Thunderbolt|p1a: Jolteon
|-immune|p1a: Jolteon|[msg]|[from] ability: Volt Absorb
|
|upkeep
|turn|2
|choice|move voltswitch|move hypervoice
|
|move|p1a: Jolteon|Volt Switch|p2a: Scared
|-resisted|p2a: Scared
|-damage|p2a: Scared|90\/327
|choice|switch 6|
|
|switch|p1a: Crobat|Crobat, M|311\/311
|move|p2a: Scared|Hyper Voice|p1a: Crobat
|-damage|p1a: Crobat|170\/311
|
|upkeep
|turn|3
|choice|move uturn|switch 5
|
|switch|p2a: Mustard pass|Donphan, M|383\/383
|move|p1a: Crobat|U-turn|p2a: Mustard pass
|-damage|p2a: Mustard pass|305\/383
|choice|switch 4|
|
|switch|p1a: Milotic|Milotic, F|394\/394
|
|upkeep
|turn|4
|choice|move icebeam|move stealthrock
|
|move|p1a: Milotic|Ice Beam|p2a: Mustard pass
|-supereffective|p2a: Mustard pass
|-damage|p2a: Mustard pass|93\/383
|move|p2a: Mustard pass|Stealth Rock|p1a: Milotic
|-sidestart|p1: richiestryder|move: Stealth Rock
|
|upkeep
|turn|5
|choice|move scald|switch 2
|
|switch|p2a: Mandingo|Toxicroak, F|308\/308
|move|p1a: Milotic|Scald|p2a: Mandingo
|-immune|p2a: Mandingo|[msg]|[from] ability: Dry Skin
|
|upkeep
|turn|6
|choice|switch 4|move gunkshot
|
|switch|p1a: Crobat|Crobat, M|170\/311
|-damage|p1a: Crobat|93\/311|[from] Stealth Rock
|move|p2a: Mandingo|Gunk Shot|p1a: Crobat
|-resisted|p1a: Crobat
|-damage|p1a: Crobat|0 fnt
|-damage|p2a: Mandingo|278\/308|[from] item: Life Orb
|faint|p1a: Crobat
|
|upkeep
|choice|switch 6|
|
|switch|p1a: Jolteon|Jolteon, M|271\/271
|-damage|p1a: Jolteon|238\/271|[from] Stealth Rock
|turn|7
|choice|switch 2|move gunkshot
|
|switch|p1a: Arcanine|Arcanine, F|383\/383
|-damage|p1a: Arcanine|288\/383|[from] Stealth Rock
|-ability|p1a: Arcanine|Intimidate|boost
|-unboost|p2a: Mandingo|atk|1
|move|p2a: Mandingo|Gunk Shot|p1a: Arcanine
|-damage|p1a: Arcanine|144\/383
|-damage|p2a: Mandingo|248\/308|[from] item: Life Orb
|
|-heal|p1a: Arcanine|167\/383|[from] item: Leftovers
|upkeep
|turn|8
|choice|move willowisp|switch 2
|
|switch|p2a: Mustard pass|Donphan, M|93\/383
|move|p1a: Arcanine|Will-O-Wisp|p2a: Mustard pass
|-status|p2a: Mustard pass|brn
|
|-heal|p1a: Arcanine|190\/383|[from] item: Leftovers
|-damage|p2a: Mustard pass|46\/383 brn|[from] brn
|upkeep
|turn|9
|choice|move morningsun|move roar
|-enditem|p2a: Mustard pass|Custap Berry|[eat]
|-activate|p2a: Mustard pass|item: Custap Berry
|
|move|p1a: Arcanine|Morning Sun|p1a: Arcanine
|-heal|p1a: Arcanine|381\/383
|move|p2a: Mustard pass|Roar|p1a: Arcanine
|drag|p1a: Milotic|Milotic, F|394\/394
|-damage|p1a: Milotic|345\/394|[from] Stealth Rock
|
|-heal|p1a: Milotic|369\/394|[from] item: Leftovers
|-damage|p2a: Mustard pass|0 fnt|[from] brn
|upkeep
|faint|p2a: Mustard pass
|choice||switch 2
|
|switch|p2a: Mandingo|Toxicroak, F|248\/308
|turn|10
|choice|move icebeam|move swordsdance
|
|move|p2a: Mandingo|Swords Dance|p2a: Mandingo
|-boost|p2a: Mandingo|atk|2
|move|p1a: Milotic|Ice Beam|p2a: Mandingo
|-damage|p2a: Mandingo|151\/308
|
|-heal|p1a: Milotic|393\/394|[from] item: Leftovers
|upkeep
|turn|11
|choice|move dragontail|move drainpunch
|
|move|p2a: Mandingo|Drain Punch|p1a: Milotic
|-crit|p1a: Milotic
|-damage|p1a: Milotic|0 fnt
|-heal|p2a: Mandingo|308\/308|[from] drain|[of] p1a: Milotic
|-damage|p2a: Mandingo|278\/308|[from] item: Life Orb
|faint|p1a: Milotic
|
|upkeep
|choice|switch 5|
|
|switch|p1a: Haxorus|Haxorus, F, shiny|293\/293
|-damage|p1a: Haxorus|257\/293|[from] Stealth Rock
|-ability|p1a: Haxorus|Mold Breaker
|turn|12
|choice|move earthquake|move drainpunch
|
|move|p1a: Haxorus|Earthquake|p2a: Mandingo
|-supereffective|p2a: Mandingo
|-damage|p2a: Mandingo|0 fnt
|-damage|p1a: Haxorus|228\/293|[from] item: Life Orb
|faint|p2a: Mandingo
|
|upkeep
|choice||switch 3
|
|switch|p2a: Prick|Whimsicott, F|261\/261
|turn|13
|choice|move poisonjab|move moonblast
|
|move|p2a: Prick|Moonblast|p1a: Haxorus
|-supereffective|p1a: Haxorus
|-damage|p1a: Haxorus|0 fnt
|faint|p1a: Haxorus
|
|upkeep
|choice|switch 3|
|
|switch|p1a: Gogoat|Gogoat, M|449\/449
|-damage|p1a: Gogoat|393\/449|[from] Stealth Rock
|turn|14
|choice|move toxic|move naturepower
|
|move|p2a: Prick|Nature Power|p1a: Gogoat
|move|p2a: Prick|Tri Attack|p1a: Gogoat|[from]Nature Power
|-damage|p1a: Gogoat|321\/449
|-status|p1a: Gogoat|brn
|move|p1a: Gogoat|Toxic|p2a: Prick
|-status|p2a: Prick|tox
|
|-heal|p1a: Gogoat|349\/449 brn|[from] item: Leftovers
|-damage|p2a: Prick|245\/261 tox|[from] psn
|-damage|p1a: Gogoat|293\/449 brn|[from] brn
|upkeep
|turn|15
|choice|move milkdrink|move encore
|
|move|p2a: Prick|Encore|p1a: Gogoat
|-start|p1a: Gogoat|Encore
|move|p1a: Gogoat|Toxic|p2a: Prick
|-fail|p2a: Prick|tox
|
|-heal|p1a: Gogoat|321\/449 brn|[from] item: Leftovers
|-damage|p2a: Prick|213\/261 tox|[from] psn
|-damage|p1a: Gogoat|265\/449 brn|[from] brn
|upkeep
|turn|16
|choice|move toxic|move moonblast
|
|move|p2a: Prick|Moonblast|p1a: Gogoat
|-damage|p1a: Gogoat|106\/449 brn
|-unboost|p1a: Gogoat|spa|1
|move|p1a: Gogoat|Toxic|p2a: Prick
|-fail|p2a: Prick|tox
|
|-heal|p1a: Gogoat|134\/449 brn|[from] item: Leftovers
|-damage|p2a: Prick|165\/261 tox|[from] psn
|-damage|p1a: Gogoat|78\/449 brn|[from] brn
|upkeep
|turn|17
|choice|move toxic|move gigadrain
|
|move|p2a: Prick|Giga Drain|p1a: Gogoat
|-ability|p1a: Gogoat|Sap Sipper|boost
|-boost|p1a: Gogoat|atk|1
|move|p1a: Gogoat|Toxic|p2a: Prick
|-fail|p2a: Prick|tox
|
|-heal|p1a: Gogoat|106\/449 brn|[from] item: Leftovers
|-damage|p2a: Prick|101\/261 tox|[from] psn
|-damage|p1a: Gogoat|50\/449 brn|[from] brn
|-end|p1a: Gogoat|Encore
|upkeep
|turn|18
|choice|move milkdrink|move moonblast
|
|move|p2a: Prick|Moonblast|p1a: Gogoat
|-damage|p1a: Gogoat|0 fnt
|faint|p1a: Gogoat
|
|-damage|p2a: Prick|21\/261 tox|[from] psn
|upkeep
|choice|switch 2|
|
|switch|p1a: Jolteon|Jolteon, M|238\/271
|-damage|p1a: Jolteon|205\/271|[from] Stealth Rock
|turn|19
|choice|move voltswitch|move naturepower
|
|move|p2a: Prick|Nature Power|p1a: Jolteon
|move|p2a: Prick|Tri Attack|p1a: Jolteon|[from]Nature Power
|-damage|p1a: Jolteon|139\/271
|-status|p1a: Jolteon|frz
|cant|p1a: Jolteon|frz
|
|-damage|p2a: Prick|0 fnt|[from] psn
|upkeep
|faint|p2a: Prick
|c|☆richiestryder|how did outspeed?
|choice||switch 5
|
|switch|p2a: Scared|Heliolisk, M|90\/327
|turn|20
|choice|move voltswitch|move surf
|
|cant|p1a: Jolteon|frz
|move|p2a: Scared|Surf|p1a: Jolteon
|-damage|p1a: Jolteon|53\/271 frz
|
|upkeep
|turn|21
|c| lyuupju|prankster
|c|☆richiestryder|thought prankster only worked with status moves
|choice|move voltswitch|move surf
|
|cant|p1a: Jolteon|frz
|move|p2a: Scared|Surf|p1a: Jolteon
|-damage|p1a: Jolteon|0 fnt
|faint|p1a: Jolteon
|
|upkeep
|c| lyuupju|it is
|choice|switch 4|
|
|switch|p1a: Arcanine|Arcanine, F|381\/383
|-damage|p1a: Arcanine|286\/383|[from] Stealth Rock
|-ability|p1a: Arcanine|Intimidate|boost
|-unboost|p2a: Scared|atk|1
|turn|22
|choice|move willowisp|move surf
|
|move|p2a: Scared|Surf|p1a: Arcanine
|-supereffective|p1a: Arcanine
|-damage|p1a: Arcanine|36\/383
|move|p1a: Arcanine|Will-O-Wisp|p2a: Scared
|-status|p2a: Scared|brn
|
|-heal|p1a: Arcanine|59\/383|[from] item: Leftovers
|-damage|p2a: Scared|50\/327 brn|[from] brn
|upkeep
|turn|23
|c|☆Parnstar|It's be like that sometimes
|choice|move morningsun|move thunderbolt
|
|move|p2a: Scared|Thunderbolt|p1a: Arcanine
|-damage|p1a: Arcanine|0 fnt
|faint|p1a: Arcanine
|
|win|Parnstar
|raw|richiestryder's rating: 1304 &rarr; <strong>1282<\/strong><br \/>(-22 for losing)
|raw|Parnstar's rating: 1265 &rarr; <strong>1292<\/strong><br \/>(+27 for winning)
|c|☆richiestryder|gg
|c|☆Parnstar|Gg
|l|lyuupju
|l|richiestryder</script>
</div>
<div class="battle-log battle-log-inline"><div class="inner"><div class="battle-options"></div><div class="inner"><div class="chat"><small>richiestryder joined.</small></div><div class="chat"><small>Parnstar joined.</small></div><div class=""><small>Format:</small> <br><strong>UU</strong></div><div class="rated"><strong>Rated battle</strong></div><div class=""><small><em>Sleep Clause Mod:</em> Limit one foe put to sleep</small></div><div class=""><small><em>Species Clause:</em> Limit one of each Pokémon</small></div><div class=""><small><em>OHKO Clause:</em> OHKO moves are banned</small></div><div class=""><small><em>Moody Clause:</em> Moody is banned</small></div><div class=""><small><em>Evasion Moves Clause:</em> Evasion moves are banned</small></div><div class=""><small><em>Endless Battle Clause:</em> Forcing endless battles is banned</small></div><div class=""><small><em>HP Percentage Mod:</em> HP is shown in percentages</small></div><div class=""><small><em>Swagger Clause:</em> Swagger is banned</small></div><div class=""><small><em>Baton Pass Clause:</em> Limit one Baton Passer, can't pass Spe and other stats simultaneously</small></div><div class="chat battle-history"><strong>richiestryder's team:</strong> <em style="color:#445566;display:block;">Jolteon / Arcanine / Gogoat / Milotic / Haxorus / Crobat</em></div><div class="chat battle-history"><strong>Parnstar's team:</strong> <em style="color:#445566;display:block;">Mamoswine / Toxicroak / Whimsicott / Heliolisk / Donphan / Crawdaunt</em></div><div class="spacer battle-history"><br></div><div class="battle-history">Battle started between richiestryder and Parnstar!<br></div><div class="spacer battle-history"><br></div><div class="battle-history">Go! <strong>Crobat</strong>!<br></div><div class="spacer battle-history"><br></div><div class="battle-history">Parnstar sent out Scared (<strong>Heliolisk</strong>)!<br></div><div class="spacer battle-history"><br></div><h2 class="battle-history">Turn 1</h2><div class="chat"><small>lyuupju joined.</small></div><div class="spacer battle-history"><br></div><div class="battle-history">Crobat used <strong>U-turn</strong>!<br></div><div class="battle-history"><small>(The opposing Scared lost <abbr title="−152/327">46.5%</abbr> of its health!)</small><br></div><div class="spacer battle-history"><br></div><div class="battle-history">Crobat went back to richiestryder!<br></div><div class="battle-history">Go! <strong>Jolteon</strong>!<br></div><div class="spacer battle-history"><br></div><div class="battle-history">The opposing Scared used <strong>Thunderbolt</strong>!<br></div><div class="battle-history"><small>[Jolteon's Volt Absorb]</small><br><small>It doesn't affect Jolteon...</small><br></div><div class="spacer battle-history"><br></div><h2 class="battle-history">Turn 2</h2><div class="spacer battle-history"><br></div><div class="battle-history">Jolteon used <strong>Volt Switch</strong>!<br></div><div class="battle-history"><small>It's not very effective...</small><br></div><div class="battle-history"><small>(The opposing Scared lost <abbr title="−85/327">26.0%</abbr> of its health!)</small><br></div><div class="spacer battle-history"><br></div><div class="battle-history">Jolteon went back to richiestryder!<br></div><div class="battle-history">Go! <strong>Crobat</strong>!<br></div><div class="spacer battle-history"><br></div><div class="battle-history">The opposing Scared used <strong>Hyper Voice</strong>!<br></div><div class="battle-history"><small>(Crobat lost <abbr title="−141/311">45.3%</abbr> of its health!)</small><br></div><div class="spacer battle-history"><br></div><h2 class="battle-history">Turn 3</h2><div class="spacer battle-history"><br></div><div class="battle-history">Parnstar withdrew Scared!<br></div><div class="battle-history">Parnstar sent out Mustard pass (<strong>Donphan</strong>)!<br></div><div class="spacer battle-history"><br></div><div class="battle-history">Crobat used <strong>U-turn</strong>!<br></div><div class="battle-history"><small>(The opposing Mustard pass lost <abbr title="−78/383">20.4%</abbr> of its health!)</small><br></div><div class="spacer battle-history"><br></div><div class="battle-history">Crobat went back to richiestryder!<br></div><div class="battle-history">Go! <strong>Milotic</strong>!<br></div><div class="spacer battle-history"><br></div><h2 class="battle-history">Turn 4</h2><div class="spacer battle-history"><br></div><div class="battle-history">Milotic used <strong>Ice Beam</strong>!<br></div><div class="battle-history"><small>It's super effective!</small><br></div><div class="battle-history"><small>(The opposing Mustard pass lost <abbr title="−212/383">55.4%</abbr> of its health!)</small><br></div><div class="spacer battle-history"><br></div><div class="battle-history">The opposing Mustard pass used <strong>Stealth Rock</strong>!<br></div><div class="battle-history"><small>Pointed stones float in the air around your team!</small><br></div><div class="spacer battle-history"><br></div><h2 class="battle-history">Turn 5</h2><div class="spacer battle-history"><br></div><div class="battle-history">Parnstar withdrew Mustard pass!<br></div><div class="battle-history">Parnstar sent out Mandingo (<strong>Toxicroak</strong>)!<br></div><div class="spacer battle-history"><br></div><div class="battle-history">Milotic used <strong>Scald</strong>!<br></div><div class="battle-history"><small>[The opposing Mandingo's Dry Skin]</small><br><small>It doesn't affect the opposing Mandingo...</small><br></div><div class="spacer battle-history"><br></div><h2 class="battle-history">Turn 6</h2><div class="spacer battle-history"><br></div><div class="battle-history">Milotic, come back!<br></div><div class="battle-history">Go! <strong>Crobat</strong>!<br></div><div class="battle-history"><small>Pointed stones dug into Crobat!</small><br></div><div class="spacer battle-history"><br></div><div class="battle-history">The opposing Mandingo used <strong>Gunk Shot</strong>!<br></div><div class="battle-history"><small>It's not very effective...</small><br></div><div class="battle-history"><small>(Crobat lost <abbr title="−93/311">29.9%</abbr> of its health!)</small><br></div><div class="battle-history"><small>The opposing Mandingo lost some of its HP!</small><br></div><div class="spacer battle-history"><br></div><div class="battle-history">Crobat fainted!<br></div><div class="spacer battle-history"><br></div><div class="battle-history">Go! <strong>Jolteon</strong>!<br></div><div class="battle-history"><small>Pointed stones dug into Jolteon!</small><br></div><div class="spacer battle-history"><br></div><h2 class="battle-history">Turn 7</h2><div class="spacer battle-history"><br></div><div class="battle-history">Jolteon, come back!<br></div><div class="battle-history">Go! <strong>Arcanine</strong>!<br></div><div class="battle-history"><small>Pointed stones dug into Arcanine!</small><br></div><div class="battle-history"><small>[Arcanine's Intimidate]</small><br></div><div class="battle-history"><small>The opposing Mandingo's Attack fell!</small><br></div><div class="spacer battle-history"><br></div><div class="battle-history">The opposing Mandingo used <strong>Gunk Shot</strong>!<br></div><div class="battle-history"><small>(Arcanine lost <abbr title="−144/383">37.6%</abbr> of its health!)</small><br></div><div class="battle-history"><small>The opposing Mandingo lost some of its HP!</small><br></div><div class="spacer battle-history"><br></div><div class="battle-history"><small>Arcanine restored a little HP using its Leftovers!</small><br></div><div class="spacer battle-history"><br></div><h2 class="battle-history">Turn 8</h2><div class="spacer battle-history"><br></div><div class="battle-history">Parnstar withdrew Mandingo!<br></div><div class="battle-history">Parnstar sent out Mustard pass (<strong>Donphan</strong>)!<br></div><div class="spacer battle-history"><br></div><div class="battle-history">Arcanine used <strong>Will-O-Wisp</strong>!<br></div><div class="battle-history"><small>The opposing Mustard pass was burned!</small><br></div><div class="spacer battle-history"><br></div><div class="battle-history"><small>Arcanine restored a little HP using its Leftovers!</small><br></div><div class="battle-history"><small>The opposing Mustard pass was hurt by its burn!</small><br></div><div class="spacer battle-history"><br></div><h2 class="battle-history">Turn 9</h2><div class="spacer battle-history"><br></div><div class="battle-history"><small>The opposing Mustard pass ate its Custap Berry!</small><br></div><div class="battle-history"><small>The opposing Mustard pass's Custap Berry let it move first!</small><br></div><div class="spacer battle-history"><br></div><div class="battle-history">Arcanine used <strong>Morning Sun</strong>!<br></div><div class="battle-history"><small>Arcanine restored its HP.</small><br></div><div class="spacer battle-history"><br></div><div class="battle-history">The opposing Mustard pass used <strong>Roar</strong>!<br></div><div class="spacer battle-history"><br></div><div class="battle-history"><strong>Milotic</strong> was dragged out!<br></div><div class="battle-history"><small>Pointed stones dug into Milotic!</small><br></div><div class="spacer battle-history"><br></div><div class="battle-history"><small>Milotic restored a little HP using its Leftovers!</small><br></div><div class="battle-history"><small>The opposing Mustard pass was hurt by its burn!</small><br></div><div class="spacer battle-history"><br></div><div class="battle-history">The opposing Mustard pass fainted!<br></div><div class="spacer battle-history"><br></div><div class="battle-history">Parnstar sent out Mandingo (<strong>Toxicroak</strong>)!<br></div><div class="spacer battle-history"><br></div><h2 class="battle-history">Turn 10</h2><div class="spacer battle-history"><br></div><div class="battle-history">The opposing Mandingo used <strong>Swords Dance</strong>!<br></div><div class="battle-history"><small>The opposing Mandingo's Attack rose sharply!</small><br></div><div class="spacer battle-history"><br></div><div class="battle-history">Milotic used <strong>Ice Beam</strong>!<br></div><div class="battle-history"><small>(The opposing Mandingo lost <abbr title="−97/308">31.5%</abbr> of its health!)</small><br></div><div class="spacer battle-history"><br></div><div class="battle-history"><small>Milotic restored a little HP using its Leftovers!</small><br></div><div class="spacer battle-history"><br></div><h2 class="battle-history">Turn 11</h2><div class="spacer battle-history"><br></div><div class="battle-history">The opposing Mandingo used <strong>Drain Punch</strong>!<br></div><div class="battle-history"><small>A critical hit!</small><br></div><div class="battle-history"><small>(Milotic lost <abbr title="−393/394">99.7%</abbr> of its health!)</small><br></div><div class="battle-history"><small>Milotic had its energy drained!</small><br></div><div class="battle-history"><small>The opposing Mandingo lost some of its HP!</small><br></div><div class="spacer battle-history"><br></div><div class="battle-history">Milotic fainted!<br></div><div class="spacer battle-history"><br></div><div class="battle-history">Go! <strong>Haxorus</strong>!<br></div><div class="battle-history"><small>Pointed stones dug into Haxorus!</small><br></div><div class="battle-history"><small>[Haxorus's Mold Breaker]</small><br><small>Haxorus breaks the mold!</small><br></div><div class="spacer battle-history"><br></div><h2 class="battle-history">Turn 12</h2><div class="spacer battle-history"><br></div><div class="battle-history">Haxorus used <strong>Earthquake</strong>!<br></div><div class="battle-history"><small>It's super effective!</small><br></div><div class="battle-history"><small>(The opposing Mandingo lost <abbr title="−278/308">90.3%</abbr> of its health!)</small><br></div><div class="battle-history"><small>Haxorus lost some of its HP!</small><br></div><div class="spacer battle-history"><br></div><div class="battle-history">The opposing Mandingo fainted!<br></div><div class="spacer battle-history"><br></div><div class="battle-history">Parnstar sent out Prick (<strong>Whimsicott</strong>)!<br></div><div class="spacer battle-history"><br></div><h2 class="battle-history">Turn 13</h2><div class="spacer battle-history"><br></div><div class="battle-history">The opposing Prick used <strong>Moonblast</strong>!<br></div><div class="battle-history"><small>It's super effective!</small><br></div><div class="battle-history"><small>(Haxorus lost <abbr title="−228/293">77.8%</abbr> of its health!)</small><br></div><div class="spacer battle-history"><br></div><div class="battle-history">Haxorus fainted!<br></div><div class="spacer battle-history"><br></div><div class="battle-history">Go! <strong>Gogoat</strong>!<br></div><div class="battle-history"><small>Pointed stones dug into Gogoat!</small><br></div><div class="spacer battle-history"><br></div><h2 class="battle-history">Turn 14</h2><div class="spacer battle-history"><br></div><div class="battle-history">The opposing Prick used <strong>Nature Power</strong>!<br></div><div class="spacer battle-history"><br></div><div class="battle-history">Nature Power turned into Tri Attack!<br></div><div class="battle-history"><small>(Gogoat lost <abbr title="−72/449">16.0%</abbr> of its health!)</small><br></div><div class="battle-history"><small>Gogoat was burned!</small><br></div><div class="spacer battle-history"><br></div><div class="battle-history">Gogoat used <strong>Toxic</strong>!<br></div><div class="battle-history"><small>The opposing Prick was badly poisoned!</small><br></div><div class="spacer battle-history"><br></div><div class="battle-history"><small>Gogoat restored a little HP using its Leftovers!</small><br></div><div class="battle-history"><small>The opposing Prick was hurt by poison!</small><br></div><div class="battle-history"><small>Gogoat was hurt by its burn!</small><br></div><div class="spacer battle-history"><br></div><h2 class="battle-history">Turn 15</h2><div class="spacer battle-history"><br></div><div class="battle-history">The opposing Prick used <strong>Encore</strong>!<br></div><div class="battle-history"><small>Gogoat received an encore!</small><br></div><div class="spacer battle-history"><br></div><div class="battle-history">Gogoat used <strong>Toxic</strong>!<br></div><div class="battle-history"><small>But it failed!</small><br></div><div class="spacer battle-history"><br></div><div class="battle-history"><small>Gogoat restored a little HP using its Leftovers!</small><br></div><div class="battle-history"><small>The opposing Prick was hurt by poison!</small><br></div><div class="battle-history"><small>Gogoat was hurt by its burn!</small><br></div><div class="spacer battle-history"><br></div><h2 class="battle-history">Turn 16</h2><div class="spacer battle-history"><br></div><div class="battle-history">The opposing Prick used <strong>Moonblast</strong>!<br></div><div class="battle-history"><small>(Gogoat lost <abbr title="−159/449">35.4%</abbr> of its health!)</small><br></div><div class="battle-history"><small>Gogoat's Special Attack fell!</small><br></div><div class="spacer battle-history"><br></div><div class="battle-history">Gogoat used <strong>Toxic</strong>!<br></div><div class="battle-history"><small>But it failed!</small><br></div><div class="spacer battle-history"><br></div><div class="battle-history"><small>Gogoat restored a little HP using its Leftovers!</small><br></div><div class="battle-history"><small>The opposing Prick was hurt by poison!</small><br></div><div class="battle-history"><small>Gogoat was hurt by its burn!</small><br></div><div class="spacer battle-history"><br></div><h2 class="battle-history">Turn 17</h2><div class="spacer battle-history"><br></div><div class="battle-history">The opposing Prick used <strong>Giga Drain</strong>!<br></div><div class="battle-history"><small>[Gogoat's Sap Sipper]</small><br></div><div class="battle-history"><small>Gogoat's Attack rose!</small><br></div><div class="spacer battle-history"><br></div><div class="battle-history">Gogoat used <strong>Toxic</strong>!<br></div><div class="battle-history"><small>But it failed!</small><br></div><div class="spacer battle-history"><br></div><div class="battle-history"><small>Gogoat restored a little HP using its Leftovers!</small><br></div><div class="battle-history"><small>The opposing Prick was hurt by poison!</small><br></div><div class="battle-history"><small>Gogoat was hurt by its burn!</small><br></div><div class="battle-history"><small>Gogoat's encore ended!</small><br></div><div class="spacer battle-history"><br></div><h2 class="battle-history">Turn 18</h2><div class="spacer battle-history"><br></div><div class="battle-history">The opposing Prick used <strong>Moonblast</strong>!<br></div><div class="battle-history"><small>(Gogoat lost <abbr title="−50/449">11.1%</abbr> of its health!)</small><br></div><div class="spacer battle-history"><br></div><div class="battle-history">Gogoat fainted!<br></div><div class="spacer battle-history"><br></div><div class="battle-history"><small>The opposing Prick was hurt by poison!</small><br></div><div class="spacer battle-history"><br></div><div class="battle-history">Go! <strong>Jolteon</strong>!<br></div><div class="battle-history"><small>Pointed stones dug into Jolteon!</small><br></div><div class="spacer battle-history"><br></div><h2 class="battle-history">Turn 19</h2><div class="spacer battle-history"><br></div><div class="battle-history">The opposing Prick used <strong>Nature Power</strong>!<br></div><div class="spacer battle-history"><br></div><div class="battle-history">Nature Power turned into Tri Attack!<br></div><div class="battle-history"><small>(Jolteon lost <abbr title="−66/271">24.4%</abbr> of its health!)</small><br></div><div class="battle-history"><small>Jolteon was frozen solid!</small><br></div><div class="spacer battle-history"><br></div><div class="battle-history">Jolteon is frozen solid!<br></div><div class="spacer battle-history"><br></div><div class="battle-history"><small>The opposing Prick was hurt by poison!</small><br></div><div class="spacer battle-history"><br></div><div class="battle-history">The opposing Prick fainted!<br></div><div class="chat chatmessage-richiestryder"><strong style="color:hsl(281,40%,50.083764697497614%)"><small>☆</small><span class="username" data-name="richiestryder">richiestryder</span>:</strong> <em>how did outspeed?</em></div><div class="spacer battle-history"><br></div><div class="battle-history">Parnstar sent out Scared (<strong>Heliolisk</strong>)!<br></div><div class="spacer battle-history"><br></div><h2 class="battle-history">Turn 20</h2><div class="spacer battle-history"><br></div><div class="battle-history">Jolteon is frozen solid!<br></div><div class="spacer battle-history"><br></div><div class="battle-history">The opposing Scared used <strong>Surf</strong>!<br></div><div class="battle-history"><small>(Jolteon lost <abbr title="−86/271">31.7%</abbr> of its health!)</small><br></div><div class="spacer battle-history"><br></div><h2 class="battle-history">Turn 21</h2><div class="chat chatmessage-lyuupju"><strong style="color:hsl(226,42%,56.35537346880854%)"><small> </small><span class="username" data-name="lyuupju">lyuupju</span>:</strong> <em>prankster</em></div><div class="chat chatmessage-richiestryder"><strong style="color:hsl(281,40%,50.083764697497614%)"><small>☆</small><span class="username" data-name="richiestryder">richiestryder</span>:</strong> <em>thought prankster only worked with status moves</em></div><div class="spacer battle-history"><br></div><div class="battle-history">Jolteon is frozen solid!<br></div><div class="spacer battle-history"><br></div><div class="battle-history">The opposing Scared used <strong>Surf</strong>!<br></div><div class="battle-history"><small>(Jolteon lost <abbr title="−53/271">19.6%</abbr> of its health!)</small><br></div><div class="spacer battle-history"><br></div><div class="battle-history">Jolteon fainted!<br></div><div class="chat chatmessage-lyuupju"><strong style="color:hsl(226,42%,56.35537346880854%)"><small> </small><span class="username" data-name="lyuupju">lyuupju</span>:</strong> <em>it is</em></div><div class="spacer battle-history"><br></div><div class="battle-history">Go! <strong>Arcanine</strong>!<br></div><div class="battle-history"><small>Pointed stones dug into Arcanine!</small><br></div><div class="battle-history"><small>[Arcanine's Intimidate]</small><br></div><div class="battle-history"><small>The opposing Scared's Attack fell!</small><br></div><div class="spacer battle-history"><br></div><h2 class="battle-history">Turn 22</h2><div class="spacer battle-history"><br></div><div class="battle-history">The opposing Scared used <strong>Surf</strong>!<br></div><div class="battle-history"><small>It's super effective!</small><br></div><div class="battle-history"><small>(Arcanine lost <abbr title="−250/383">65.3%</abbr> of its health!)</small><br></div><div class="spacer battle-history"><br></div><div class="battle-history">Arcanine used <strong>Will-O-Wisp</strong>!<br></div><div class="battle-history"><small>The opposing Scared was burned!</small><br></div><div class="spacer battle-history"><br></div><div class="battle-history"><small>Arcanine restored a little HP using its Leftovers!</small><br></div><div class="battle-history"><small>The opposing Scared was hurt by its burn!</small><br></div><div class="spacer battle-history"><br></div><h2 class="battle-history">Turn 23</h2><div class="chat chatmessage-parnstar"><strong style="color:hsl(41,84%,41.163999978976825%)"><small>☆</small><span class="username" data-name="Parnstar">Parnstar</span>:</strong> <em>It's be like that sometimes</em></div><div class="spacer battle-history"><br></div><div class="battle-history">The opposing Scared used <strong>Thunderbolt</strong>!<br></div><div class="battle-history"><small>(Arcanine lost <abbr title="−59/383">15.4%</abbr> of its health!)</small><br></div><div class="spacer battle-history"><br></div><div class="battle-history">Arcanine fainted!<br></div><div class="spacer battle-history"><br></div><div class="battle-history"><strong>Parnstar</strong> won the battle!<br></div><div class="chat">richiestryder's rating: 1304 → <strong>1282</strong><br>(-22 for losing)</div><div class="chat">Parnstar's rating: 1265 → <strong>1292</strong><br>(+27 for winning)</div><div class="chat chatmessage-richiestryder"><strong style="color:hsl(281,40%,50.083764697497614%)"><small>☆</small><span class="username" data-name="richiestryder">richiestryder</span>:</strong> <em>gg</em></div><div class="chat chatmessage-parnstar"><strong style="color:hsl(41,84%,41.163999978976825%)"><small>☆</small><span class="username" data-name="Parnstar">Parnstar</span>:</strong> <em>Gg</em></div><div class="chat"><small>lyuupju left.</small></div><div class="chat"><small>richiestryder left.</small></div></div><div class="inner-preempt"></div></div></div>
</div>
<script>
let daily = Math.floor(Date.now()/1000/60/60/24);document.write('<script src="https://play.pokemonshowdown.com/js/replay-embed.js?version'+daily+'"></'+'script>');
</script>
