<!DOCTYPE html>
<meta charset="utf-8" />
<!-- version 1 -->
<title>UU replay: poft vs. 10blast</title>
<style>
html,body {font-family:Verdana, sans-serif;font-size:10pt;margin:0;padding:0;}body{padding:12px 0;} .battle-log {font-family:Verdana, sans-serif;font-size:10pt;} .battle-log-inline {border:1px solid #AAAAAA;background:#EEF2F5;color:black;max-width:640px;margin:0 auto 80px;padding-bottom:5px;} .battle-log .inner {padding:4px 8px 0px 8px;} .battle-log .inner-preempt {padding:0 8px 4px 8px;} .battle-log .inner-after {margin-top:0.5em;} .battle-log h2 {margin:0.5em -8px;padding:4px 8px;border:1px solid #AAAAAA;background:#E0E7EA;border-left:0;border-right:0;font-family:Verdana, sans-serif;font-size:13pt;} .battle-log .chat {vertical-align:middle;padding:3px 0 3px 0;font-size:8pt;} .battle-log .chat strong {color:#40576A;} .battle-log .chat em {padding:1px 4px 1px 3px;color:#000000;font-style:normal;} .chat.mine {background:rgba(0,0,0,0.05);margin-left:-8px;margin-right:-8px;padding-left:8px;padding-right:8px;} .spoiler {color:#BBBBBB;background:#BBBBBB;padding:0px 3px;} .spoiler:hover, .spoiler:active, .spoiler-shown {color:#000000;background:#E2E2E2;padding:0px 3px;} .spoiler a {color:#BBBBBB;} .spoiler:hover a, .spoiler:active a, .spoiler-shown a {color:#2288CC;} .chat code, .chat .spoiler:hover code, .chat .spoiler:active code, .chat .spoiler-shown code {border:1px solid #C0C0C0;background:#EEEEEE;color:black;padding:0 2px;} .chat .spoiler code {border:1px solid #CCCCCC;background:#CCCCCC;color:#CCCCCC;} .battle-log .rated {padding:3px 4px;} .battle-log .rated strong {color:white;background:#89A;padding:1px 4px;border-radius:4px;} .spacer {margin-top:0.5em;} .message-announce {background:#6688AA;color:white;padding:1px 4px 2px;} .message-announce a, .broadcast-green a, .broadcast-blue a, .broadcast-red a {color:#DDEEFF;} .broadcast-green {background-color:#559955;color:white;padding:2px 4px;} .broadcast-blue {background-color:#6688AA;color:white;padding:2px 4px;} .infobox {border:1px solid #6688AA;padding:2px 4px;} .infobox-limited {max-height:200px;overflow:auto;overflow-x:hidden;} .broadcast-red {background-color:#AA5544;color:white;padding:2px 4px;} .message-learn-canlearn {font-weight:bold;color:#228822;text-decoration:underline;} .message-learn-cannotlearn {font-weight:bold;color:#CC2222;text-decoration:underline;} .message-effect-weak {font-weight:bold;color:#CC2222;} .message-effect-resist {font-weight:bold;color:#6688AA;} .message-effect-immune {font-weight:bold;color:#666666;} .message-learn-list {margin-top:0;margin-bottom:0;} .message-throttle-notice, .message-error {color:#992222;} .message-overflow, .chat small.message-overflow {font-size:0pt;} .message-overflow::before {font-size:9pt;content:'...';} .subtle {color:#3A4A66;}
</style>
<div class="wrapper replay-wrapper" style="max-width:1180px;margin:0 auto">
<input type="hidden" name="replayid" value="uu-539045596" />
<div class="battle"></div><div class="battle-log"></div><div class="replay-controls"></div><div class="replay-controls-2"></div>
<h1 style="font-weight:normal;text-align:center"><strong>UU</strong><br /><a href="http://pokemonshowdown.com/users/poft" class="subtle" target="_blank">poft</a> vs. <a href="http://pokemonshowdown.com/users/10blast" class="subtle" target="_blank">10blast</a></h1>
<script type="text/plain" class="battle-log-data">|j|poft
|j|10blast
|player|p1|poft|266
|player|p2|10blast|68
|gametype|singles
|gen|6
|tier|UU
|rated
|seed|3641,20489,7772,54534
|rule|Sleep Clause Mod: Limit one foe put to sleep
|rule|Species Clause: Limit one of each Pokémon
|rule|OHKO Clause: OHKO moves are banned
|rule|Moody Clause: Moody is banned
|rule|Evasion Moves Clause: Evasion moves are banned
|rule|Endless Battle Clause: Forcing endless battles is banned
|rule|HP Percentage Mod: HP is shown in percentages
|clearpoke
|poke|p1|Blissey, F|item
|poke|p1|Conkeldurr, F|item
|poke|p1|Darmanitan, F|item
|poke|p1|Masquerain, F|item
|poke|p1|Milotic, M|item
|poke|p1|Nidoking, M|item
|poke|p2|Gallade, M|item
|poke|p2|Yanmega, M, shiny|item
|poke|p2|Froslass, F, shiny|item
|poke|p2|Donphan, F, shiny|item
|poke|p2|Florges-White, F, shiny|item
|poke|p2|Ambipom, F, shiny|item
|rule|Swagger Clause: Swagger is banned
|rule|Baton Pass Clause: Limit one Baton Passer, can't pass Spe and other stats simultaneously
|teampreview
|choice|team 3, team 2, team 1, team 4, team 5, team 6|team 6, team 2, team 3, team 4, team 5, team 1
|
|start
|switch|p1a: Darmanitan|Darmanitan, F|367\/367
|switch|p2a: Harambæ|Ambipom, F, shiny|292\/292
|turn|1
|choice|switch 5|move fakeout
|
|switch|p1a: Milotic|Milotic, M|391\/391
|move|p2a: Harambæ|Fake Out|p1a: Milotic
|-damage|p1a: Milotic|303\/391
|-damage|p2a: Harambæ|244\/292|[from] item: Rocky Helmet|[of] p1a: Milotic
|
|upkeep
|turn|2
|choice|move scald|switch 6
|
|switch|p2a: Goku|Gallade, M|278\/278
|move|p1a: Milotic|Scald|p2a: Goku
|-damage|p2a: Goku|232\/278
|
|upkeep
|turn|3
|choice|move scald|move leafblade
|
|move|p1a: Milotic|Scald|p2a: Goku
|-damage|p2a: Goku|183\/278
|move|p2a: Goku|Leaf Blade|p1a: Milotic
|-supereffective|p1a: Milotic
|-damage|p1a: Milotic|97\/391
|-damage|p2a: Goku|137\/278|[from] item: Rocky Helmet|[of] p1a: Milotic
|
|upkeep
|turn|4
|choice|switch 4|move leafblade
|
|switch|p1a: Masquerain|Masquerain, F|334\/334
|-ability|p1a: Masquerain|Intimidate|boost
|-unboost|p2a: Goku|atk|1
|move|p2a: Goku|Leaf Blade|p1a: Masquerain
|-resisted|p1a: Masquerain
|-crit|p1a: Masquerain
|-damage|p1a: Masquerain|289\/334
|
|upkeep
|turn|5
|choice|move stickyweb|switch 4
|
|switch|p2a: Daphnee|Donphan, F, shiny|384\/384
|move|p1a: Masquerain|Sticky Web|p2a: Daphnee
|-sidestart|p2: 10blast|move: Sticky Web
|
|upkeep
|turn|6
|choice|move uturn|move stealthrock
|
|move|p1a: Masquerain|U-turn|p2a: Daphnee
|-damage|p2a: Daphnee|351\/384
|choice|switch 2|
|
|switch|p1a: Conkeldurr|Conkeldurr, F|395\/395
|move|p2a: Daphnee|Stealth Rock|p1a: Conkeldurr
|-sidestart|p1: poft|move: Stealth Rock
|
|-heal|p2a: Daphnee|375\/384|[from] item: Leftovers
|upkeep
|turn|7
|choice|move knockoff|move rapidspin
|
|move|p2a: Daphnee|Rapid Spin|p1a: Conkeldurr
|-damage|p1a: Conkeldurr|376\/395
|-sideend|p2: 10blast|Sticky Web|[from] move: Rapid Spin|[of] p2a: Daphnee
|move|p1a: Conkeldurr|Knock Off|p2a: Daphnee
|-damage|p2a: Daphnee|308\/384
|-enditem|p2a: Daphnee|Leftovers|[from] move: Knock Off|[of] p1a: Conkeldurr
|
|upkeep
|turn|8
|choice|move icepunch|move knockoff
|
|move|p2a: Daphnee|Knock Off|p1a: Conkeldurr
|-resisted|p1a: Conkeldurr
|-damage|p1a: Conkeldurr|337\/395
|-enditem|p1a: Conkeldurr|Assault Vest|[from] move: Knock Off|[of] p2a: Daphnee
|move|p1a: Conkeldurr|Ice Punch|p2a: Daphnee
|-supereffective|p2a: Daphnee
|-damage|p2a: Daphnee|196\/384
|
|upkeep
|turn|9
|choice|move icepunch|switch 5
|
|switch|p2a: Dat Good Good|Florges-White, F, shiny|360\/360
|move|p1a: Conkeldurr|Ice Punch|p2a: Dat Good Good
|-damage|p2a: Dat Good Good|281\/360
|
|-heal|p2a: Dat Good Good|303\/360|[from] item: Leftovers
|upkeep
|turn|10
|choice|switch 3|move moonblast
|
|switch|p1a: Blissey|Blissey, F|709\/709
|-damage|p1a: Blissey|621\/709|[from] Stealth Rock
|move|p2a: Dat Good Good|Moonblast|p1a: Blissey
|-damage|p1a: Blissey|540\/709
|-unboost|p1a: Blissey|spa|1
|
|-heal|p2a: Dat Good Good|325\/360|[from] item: Leftovers
|-heal|p1a: Blissey|584\/709|[from] item: Leftovers
|upkeep
|turn|11
|choice|move stealthrock|move wish
|
|move|p2a: Dat Good Good|Wish|p2a: Dat Good Good
|move|p1a: Blissey|Stealth Rock|p2a: Dat Good Good
|-sidestart|p2: 10blast|move: Stealth Rock
|
|-heal|p2a: Dat Good Good|347\/360|[from] item: Leftovers
|-heal|p1a: Blissey|628\/709|[from] item: Leftovers
|upkeep
|turn|12
|choice|move seismictoss|switch 5
|
|switch|p2a: Daphnee|Donphan, F, shiny|196\/384
|-damage|p2a: Daphnee|172\/384|[from] Stealth Rock
|move|p1a: Blissey|Seismic Toss|p2a: Daphnee
|-damage|p2a: Daphnee|72\/384
|
|-heal|p2a: Daphnee|252\/384|[from] move: Wish|[wisher] Dat Good Good
|-heal|p1a: Blissey|672\/709|[from] item: Leftovers
|upkeep
|turn|13
|choice|switch 2|move rapidspin
|
|switch|p1a: Masquerain|Masquerain, F|289\/334
|-damage|p1a: Masquerain|122\/334|[from] Stealth Rock
|-ability|p1a: Masquerain|Intimidate|boost
|-unboost|p2a: Daphnee|atk|1
|-enditem|p1a: Masquerain|Sitrus Berry|[eat]
|-heal|p1a: Masquerain|205\/334|[from] item: Sitrus Berry
|move|p2a: Daphnee|Rapid Spin|p1a: Masquerain
|-damage|p1a: Masquerain|190\/334
|-sideend|p2: 10blast|Stealth Rock|[from] move: Rapid Spin|[of] p2a: Daphnee
|
|upkeep
|turn|14
|choice|move airslash|move knockoff
|
|move|p1a: Masquerain|Air Slash|p2a: Daphnee
|-damage|p2a: Daphnee|122\/384
|cant|p2a: Daphnee|flinch
|
|upkeep
|turn|15
|choice|move airslash|switch 5
|
|switch|p2a: Dat Good Good|Florges-White, F, shiny|347\/360
|move|p1a: Masquerain|Air Slash|p2a: Dat Good Good
|-damage|p2a: Dat Good Good|281\/360
|
|-heal|p2a: Dat Good Good|303\/360|[from] item: Leftovers
|upkeep
|turn|16
|choice|move stickyweb|move wish
|
|move|p2a: Dat Good Good|Wish|p2a: Dat Good Good
|move|p1a: Masquerain|Sticky Web|p2a: Dat Good Good
|-sidestart|p2: 10blast|move: Sticky Web
|
|-heal|p2a: Dat Good Good|325\/360|[from] item: Leftovers
|upkeep
|turn|17
|choice|move bugbuzz|move moonblast
|
|move|p2a: Dat Good Good|Moonblast|p1a: Masquerain
|-damage|p1a: Masquerain|55\/334
|move|p1a: Masquerain|Bug Buzz|p2a: Dat Good Good
|-resisted|p2a: Dat Good Good
|-damage|p2a: Dat Good Good|286\/360
|
|-heal|p2a: Dat Good Good|360\/360|[from] move: Wish|[wisher] Dat Good Good
|upkeep
|turn|18
|choice|move airslash|move moonblast
|
|move|p2a: Dat Good Good|Moonblast|p1a: Masquerain
|-damage|p1a: Masquerain|0 fnt
|faint|p1a: Masquerain
|
|upkeep
|choice|switch 6|
|
|switch|p1a: Nidoking|Nidoking, M|303\/303
|-damage|p1a: Nidoking|285\/303|[from] Stealth Rock
|turn|19
|choice|move sludgewave|switch 2
|
|switch|p2a: Yamnigga|Yanmega, M, shiny|313\/313
|move|p1a: Nidoking|Sludge Wave|p2a: Yamnigga
|-damage|p2a: Yamnigga|0 fnt
|faint|p2a: Yamnigga
|
|upkeep
|choice||switch 4
|
|switch|p2a: Goku|Gallade, M|137\/278
|-activate|p2a: Goku|move: Sticky Web
|-unboost|p2a: Goku|spe|1
|turn|20
|choice|switch 4|move psychocut
|
|switch|p1a: Milotic|Milotic, M|97\/391
|-damage|p1a: Milotic|49\/391|[from] Stealth Rock
|move|p2a: Goku|Psycho Cut|p1a: Milotic
|-damage|p1a: Milotic|0 fnt
|faint|p1a: Milotic
|
|upkeep
|choice|switch 5|
|
|switch|p1a: Darmanitan|Darmanitan, F|367\/367
|-damage|p1a: Darmanitan|276\/367|[from] Stealth Rock
|turn|21
|choice|move flareblitz|switch 5
|
|switch|p2a: Daphnee|Donphan, F, shiny|122\/384
|-activate|p2a: Daphnee|move: Sticky Web
|-unboost|p2a: Daphnee|spe|1
|move|p1a: Darmanitan|Flare Blitz|p2a: Daphnee
|-damage|p2a: Daphnee|0 fnt
|-damage|p1a: Darmanitan|236\/367|[from] recoil|[of] p2a: Daphnee
|faint|p2a: Daphnee
|
|upkeep
|choice||switch 6
|
|switch|p2a: Harambæ|Ambipom, F, shiny|244\/292
|-activate|p2a: Harambæ|move: Sticky Web
|-unboost|p2a: Harambæ|spe|1
|turn|22
|choice|switch 3|move fakeout
|
|switch|p1a: Conkeldurr|Conkeldurr, F|337\/395
|-damage|p1a: Conkeldurr|313\/395|[from] Stealth Rock
|move|p2a: Harambæ|Fake Out|p1a: Conkeldurr
|-damage|p1a: Conkeldurr|210\/395
|
|upkeep
|turn|23
|choice|move machpunch|move uturn
|
|move|p1a: Conkeldurr|Mach Punch|p2a: Harambæ
|-supereffective|p2a: Harambæ
|-damage|p2a: Harambæ|56\/292
|move|p2a: Harambæ|U-turn|p1a: Conkeldurr
|-resisted|p1a: Conkeldurr
|-damage|p1a: Conkeldurr|179\/395
|choice||switch 3
|
|switch|p2a: Keiko|Froslass, F, shiny|282\/282
|-activate|p2a: Keiko|move: Sticky Web
|-unboost|p2a: Keiko|spe|1
|
|upkeep
|turn|24
|choice|move knockoff|move shadowball
|
|move|p2a: Keiko|Shadow Ball|p1a: Conkeldurr
|-damage|p1a: Conkeldurr|71\/395
|move|p1a: Conkeldurr|Knock Off|p2a: Keiko
|-supereffective|p2a: Keiko
|-enditem|p2a: Keiko|Focus Sash
|-damage|p2a: Keiko|1\/282
|-start|p1a: Conkeldurr|Disable|Knock Off|[from] ability: Cursed Body|[of] p2a: Keiko
|
|upkeep
|turn|25
|choice|move icepunch|move shadowball
|
|move|p2a: Keiko|Shadow Ball|p1a: Conkeldurr
|-damage|p1a: Conkeldurr|0 fnt
|faint|p1a: Conkeldurr
|
|upkeep
|choice|switch 4|
|
|switch|p1a: Nidoking|Nidoking, M|285\/303
|-damage|p1a: Nidoking|267\/303|[from] Stealth Rock
|turn|26
|choice|move sludgewave|move destinybond
|
|move|p1a: Nidoking|Sludge Wave|p2a: Keiko
|-resisted|p2a: Keiko
|-damage|p2a: Keiko|0 fnt
|faint|p2a: Keiko
|
|upkeep
|choice||switch 5
|
|switch|p2a: Goku|Gallade, M|137\/278
|-activate|p2a: Goku|move: Sticky Web
|-unboost|p2a: Goku|spe|1
|turn|27
|choice|move earthpower|move psychocut
|
|move|p1a: Nidoking|Earth Power|p2a: Goku
|-crit|p2a: Goku
|-damage|p2a: Goku|0 fnt
|faint|p2a: Goku
|
|upkeep
|choice||switch 3
|
|switch|p2a: Harambæ|Ambipom, F, shiny|56\/292
|-activate|p2a: Harambæ|move: Sticky Web
|-unboost|p2a: Harambæ|spe|1
|turn|28
|c|☆10blast|gg
|choice|move earthpower|move fakeout
|
|move|p2a: Harambæ|Fake Out|p1a: Nidoking
|-damage|p1a: Nidoking|134\/303
|cant|p1a: Nidoking|flinch
|
|upkeep
|turn|29
|choice|move earthpower|move return
|
|move|p1a: Nidoking|Earth Power|p2a: Harambæ
|-damage|p2a: Harambæ|0 fnt
|faint|p2a: Harambæ
|
|upkeep
|c|☆poft|gg
|choice||switch 2
|
|switch|p2a: Dat Good Good|Florges-White, F, shiny|360\/360
|-activate|p2a: Dat Good Good|move: Sticky Web
|-unboost|p2a: Dat Good Good|spe|1
|turn|30
|choice|move sludgewave|move moonblast
|
|move|p1a: Nidoking|Sludge Wave|p2a: Dat Good Good
|-supereffective|p2a: Dat Good Good
|-damage|p2a: Dat Good Good|53\/360
|move|p2a: Dat Good Good|Moonblast|p1a: Nidoking
|-resisted|p1a: Nidoking
|-damage|p1a: Nidoking|50\/303
|
|-heal|p2a: Dat Good Good|75\/360|[from] item: Leftovers
|upkeep
|turn|31
|choice|move sludgewave|move moonblast
|
|move|p1a: Nidoking|Sludge Wave|p2a: Dat Good Good
|-supereffective|p2a: Dat Good Good
|-damage|p2a: Dat Good Good|0 fnt
|faint|p2a: Dat Good Good
|
|win|poft
|player|p1
|player|p2</script>
</div>
<div class="battle-log battle-log-inline"><div class="inner"><div class="battle-options"></div><div class="inner"><div class="chat"><small>poft joined.</small></div><div class="chat"><small>10blast joined.</small></div><div class=""><small>Format:</small> <br><strong>UU</strong></div><div class="rated"><strong>Rated battle</strong></div><div class=""><small><em>Sleep Clause Mod:</em> Limit one foe put to sleep</small></div><div class=""><small><em>Species Clause:</em> Limit one of each Pokémon</small></div><div class=""><small><em>OHKO Clause:</em> OHKO moves are banned</small></div><div class=""><small><em>Moody Clause:</em> Moody is banned</small></div><div class=""><small><em>Evasion Moves Clause:</em> Evasion moves are banned</small></div><div class=""><small><em>Endless Battle Clause:</em> Forcing endless battles is banned</small></div><div class=""><small><em>HP Percentage Mod:</em> HP is shown in percentages</small></div><div class=""><small><em>Swagger Clause:</em> Swagger is banned</small></div><div class=""><small><em>Baton Pass Clause:</em> Limit one Baton Passer, can't pass Spe and other stats simultaneously</small></div><div class="chat battle-history"><strong>poft's team:</strong> <em style="color:#445566;display:block;">Blissey / Conkeldurr / Darmanitan / Masquerain / Milotic / Nidoking</em></div><div class="chat battle-history"><strong>10blast's team:</strong> <em style="color:#445566;display:block;">Gallade / Yanmega / Froslass / Donphan / Florges-White / Ambipom</em></div><div class="spacer battle-history"><br></div><div class="battle-history">Battle started between poft and 10blast!<br></div><div class="spacer battle-history"><br></div><div class="battle-history">Go! <strong>Darmanitan</strong>!<br></div><div class="spacer battle-history"><br></div><div class="battle-history">10blast sent out Harambæ (<strong>Ambipom</strong>)!<br></div><div class="spacer battle-history"><br></div><h2 class="battle-history">Turn 1</h2><div class="spacer battle-history"><br></div><div class="battle-history">Darmanitan, come back!<br></div><div class="battle-history">Go! <strong>Milotic</strong>!<br></div><div class="spacer battle-history"><br></div><div class="battle-history">The opposing Harambæ used <strong>Fake Out</strong>!<br></div><div class="battle-history"><small>(Milotic lost <abbr title="−88/391">22.5%</abbr> of its health!)</small><br></div><div class="battle-history"><small>The opposing Harambæ was hurt by the Rocky Helmet!</small><br></div><div class="spacer battle-history"><br></div><h2 class="battle-history">Turn 2</h2><div class="spacer battle-history"><br></div><div class="battle-history">10blast withdrew Harambæ!<br></div><div class="battle-history">10blast sent out Goku (<strong>Gallade</strong>)!<br></div><div class="spacer battle-history"><br></div><div class="battle-history">Milotic used <strong>Scald</strong>!<br></div><div class="battle-history"><small>(The opposing Goku lost <abbr title="−46/278">16.5%</abbr> of its health!)</small><br></div><div class="spacer battle-history"><br></div><h2 class="battle-history">Turn 3</h2><div class="spacer battle-history"><br></div><div class="battle-history">Milotic used <strong>Scald</strong>!<br></div><div class="battle-history"><small>(The opposing Goku lost <abbr title="−49/278">17.6%</abbr> of its health!)</small><br></div><div class="spacer battle-history"><br></div><div class="battle-history">The opposing Goku used <strong>Leaf Blade</strong>!<br></div><div class="battle-history"><small>It's super effective!</small><br></div><div class="battle-history"><small>(Milotic lost <abbr title="−206/391">52.7%</abbr> of its health!)</small><br></div><div class="battle-history"><small>The opposing Goku was hurt by the Rocky Helmet!</small><br></div><div class="spacer battle-history"><br></div><h2 class="battle-history">Turn 4</h2><div class="spacer battle-history"><br></div><div class="battle-history">Milotic, come back!<br></div><div class="battle-history">Go! <strong>Masquerain</strong>!<br></div><div class="battle-history"><small>[Masquerain's Intimidate]</small><br></div><div class="battle-history"><small>The opposing Goku's Attack fell!</small><br></div><div class="spacer battle-history"><br></div><div class="battle-history">The opposing Goku used <strong>Leaf Blade</strong>!<br></div><div class="battle-history"><small>It's not very effective...</small><br></div><div class="battle-history"><small>A critical hit!</small><br></div><div class="battle-history"><small>(Masquerain lost <abbr title="−45/334">13.5%</abbr> of its health!)</small><br></div><div class="spacer battle-history"><br></div><h2 class="battle-history">Turn 5</h2><div class="spacer battle-history"><br></div><div class="battle-history">10blast withdrew Goku!<br></div><div class="battle-history">10blast sent out Daphnee (<strong>Donphan</strong>)!<br></div><div class="spacer battle-history"><br></div><div class="battle-history">Masquerain used <strong>Sticky Web</strong>!<br></div><div class="battle-history"><small>A sticky web spreads out on the ground around the opposing team!</small><br></div><div class="spacer battle-history"><br></div><h2 class="battle-history">Turn 6</h2><div class="spacer battle-history"><br></div><div class="battle-history">Masquerain used <strong>U-turn</strong>!<br></div><div class="battle-history"><small>(The opposing Daphnee lost <abbr title="−33/384">8.6%</abbr> of its health!)</small><br></div><div class="spacer battle-history"><br></div><div class="battle-history">Masquerain went back to poft!<br></div><div class="battle-history">Go! <strong>Conkeldurr</strong>!<br></div><div class="spacer battle-history"><br></div><div class="battle-history">The opposing Daphnee used <strong>Stealth Rock</strong>!<br></div><div class="battle-history"><small>Pointed stones float in the air around your team!</small><br></div><div class="spacer battle-history"><br></div><div class="battle-history"><small>The opposing Daphnee restored a little HP using its Leftovers!</small><br></div><div class="spacer battle-history"><br></div><h2 class="battle-history">Turn 7</h2><div class="spacer battle-history"><br></div><div class="battle-history">The opposing Daphnee used <strong>Rapid Spin</strong>!<br></div><div class="battle-history"><small>(Conkeldurr lost <abbr title="−19/395">4.8%</abbr> of its health!)</small><br></div><div class="battle-history"><small>The sticky web has disappeared from the ground around the opposing team!</small><br></div><div class="spacer battle-history"><br></div><div class="battle-history">Conkeldurr used <strong>Knock Off</strong>!<br></div><div class="battle-history"><small>(The opposing Daphnee lost <abbr title="−67/384">17.4%</abbr> of its health!)</small><br></div><div class="battle-history"><small>Conkeldurr knocked off the opposing Daphnee's Leftovers!</small><br></div><div class="spacer battle-history"><br></div><h2 class="battle-history">Turn 8</h2><div class="spacer battle-history"><br></div><div class="battle-history">The opposing Daphnee used <strong>Knock Off</strong>!<br></div><div class="battle-history"><small>It's not very effective...</small><br></div><div class="battle-history"><small>(Conkeldurr lost <abbr title="−39/395">9.9%</abbr> of its health!)</small><br></div><div class="battle-history"><small>The opposing Daphnee knocked off Conkeldurr's Assault Vest!</small><br></div><div class="spacer battle-history"><br></div><div class="battle-history">Conkeldurr used <strong>Ice Punch</strong>!<br></div><div class="battle-history"><small>It's super effective!</small><br></div><div class="battle-history"><small>(The opposing Daphnee lost <abbr title="−112/384">29.2%</abbr> of its health!)</small><br></div><div class="spacer battle-history"><br></div><h2 class="battle-history">Turn 9</h2><div class="spacer battle-history"><br></div><div class="battle-history">10blast withdrew Daphnee!<br></div><div class="battle-history">10blast sent out Dat Good Good (<strong>Florges-White</strong>)!<br></div><div class="spacer battle-history"><br></div><div class="battle-history">Conkeldurr used <strong>Ice Punch</strong>!<br></div><div class="battle-history"><small>(The opposing Dat Good Good lost <abbr title="−79/360">21.9%</abbr> of its health!)</small><br></div><div class="spacer battle-history"><br></div><div class="battle-history"><small>The opposing Dat Good Good restored a little HP using its Leftovers!</small><br></div><div class="spacer battle-history"><br></div><h2 class="battle-history">Turn 10</h2><div class="spacer battle-history"><br></div><div class="battle-history">Conkeldurr, come back!<br></div><div class="battle-history">Go! <strong>Blissey</strong>!<br></div><div class="battle-history"><small>Pointed stones dug into Blissey!</small><br></div><div class="spacer battle-history"><br></div><div class="battle-history">The opposing Dat Good Good used <strong>Moonblast</strong>!<br></div><div class="battle-history"><small>(Blissey lost <abbr title="−81/709">11.4%</abbr> of its health!)</small><br></div><div class="battle-history"><small>Blissey's Special Attack fell!</small><br></div><div class="spacer battle-history"><br></div><div class="battle-history"><small>The opposing Dat Good Good restored a little HP using its Leftovers!</small><br></div><div class="battle-history"><small>Blissey restored a little HP using its Leftovers!</small><br></div><div class="spacer battle-history"><br></div><h2 class="battle-history">Turn 11</h2><div class="spacer battle-history"><br></div><div class="battle-history">The opposing Dat Good Good used <strong>Wish</strong>!<br></div><div class="spacer battle-history"><br></div><div class="battle-history">Blissey used <strong>Stealth Rock</strong>!<br></div><div class="battle-history"><small>Pointed stones float in the air around the opposing team!</small><br></div><div class="spacer battle-history"><br></div><div class="battle-history"><small>The opposing Dat Good Good restored a little HP using its Leftovers!</small><br></div><div class="battle-history"><small>Blissey restored a little HP using its Leftovers!</small><br></div><div class="spacer battle-history"><br></div><h2 class="battle-history">Turn 12</h2><div class="spacer battle-history"><br></div><div class="battle-history">10blast withdrew Dat Good Good!<br></div><div class="battle-history">10blast sent out Daphnee (<strong>Donphan</strong>)!<br></div><div class="battle-history"><small>Pointed stones dug into the opposing Daphnee!</small><br></div><div class="spacer battle-history"><br></div><div class="battle-history">Blissey used <strong>Seismic Toss</strong>!<br></div><div class="battle-history"><small>(The opposing Daphnee lost <abbr title="−100/384">26.0%</abbr> of its health!)</small><br></div><div class="spacer battle-history"><br></div><div class="battle-history"><small>Dat Good Good's wish came true!</small><br></div><div class="battle-history"><small>Blissey restored a little HP using its Leftovers!</small><br></div><div class="spacer battle-history"><br></div><h2 class="battle-history">Turn 13</h2><div class="spacer battle-history"><br></div><div class="battle-history">Blissey, come back!<br></div><div class="battle-history">Go! <strong>Masquerain</strong>!<br></div><div class="battle-history"><small>Pointed stones dug into Masquerain!</small><br></div><div class="battle-history"><small>[Masquerain's Intimidate]</small><br></div><div class="battle-history"><small>The opposing Daphnee's Attack fell!</small><br></div><div class="battle-history"><small>Masquerain ate its Sitrus Berry!</small><br></div><div class="battle-history"><small>Masquerain restored HP using its Sitrus Berry!</small><br></div><div class="spacer battle-history"><br></div><div class="battle-history">The opposing Daphnee used <strong>Rapid Spin</strong>!<br></div><div class="battle-history"><small>(Masquerain lost <abbr title="−15/334">4.5%</abbr> of its health!)</small><br></div><div class="battle-history"><small>The pointed stones disappeared from around the opposing team!</small><br></div><div class="spacer battle-history"><br></div><h2 class="battle-history">Turn 14</h2><div class="spacer battle-history"><br></div><div class="battle-history">Masquerain used <strong>Air Slash</strong>!<br></div><div class="battle-history"><small>(The opposing Daphnee lost <abbr title="−130/384">33.9%</abbr> of its health!)</small><br></div><div class="spacer battle-history"><br></div><div class="battle-history">The opposing Daphnee flinched and couldn't move!<br></div><div class="spacer battle-history"><br></div><h2 class="battle-history">Turn 15</h2><div class="spacer battle-history"><br></div><div class="battle-history">10blast withdrew Daphnee!<br></div><div class="battle-history">10blast sent out Dat Good Good (<strong>Florges-White</strong>)!<br></div><div class="spacer battle-history"><br></div><div class="battle-history">Masquerain used <strong>Air Slash</strong>!<br></div><div class="battle-history"><small>(The opposing Dat Good Good lost <abbr title="−66/360">18.3%</abbr> of its health!)</small><br></div><div class="spacer battle-history"><br></div><div class="battle-history"><small>The opposing Dat Good Good restored a little HP using its Leftovers!</small><br></div><div class="spacer battle-history"><br></div><h2 class="battle-history">Turn 16</h2><div class="spacer battle-history"><br></div><div class="battle-history">The opposing Dat Good Good used <strong>Wish</strong>!<br></div><div class="spacer battle-history"><br></div><div class="battle-history">Masquerain used <strong>Sticky Web</strong>!<br></div><div class="battle-history"><small>A sticky web spreads out on the ground around the opposing team!</small><br></div><div class="spacer battle-history"><br></div><div class="battle-history"><small>The opposing Dat Good Good restored a little HP using its Leftovers!</small><br></div><div class="spacer battle-history"><br></div><h2 class="battle-history">Turn 17</h2><div class="spacer battle-history"><br></div><div class="battle-history">The opposing Dat Good Good used <strong>Moonblast</strong>!<br></div><div class="battle-history"><small>(Masquerain lost <abbr title="−135/334">40.4%</abbr> of its health!)</small><br></div><div class="spacer battle-history"><br></div><div class="battle-history">Masquerain used <strong>Bug Buzz</strong>!<br></div><div class="battle-history"><small>It's not very effective...</small><br></div><div class="battle-history"><small>(The opposing Dat Good Good lost <abbr title="−39/360">10.8%</abbr> of its health!)</small><br></div><div class="spacer battle-history"><br></div><div class="battle-history"><small>Dat Good Good's wish came true!</small><br></div><div class="spacer battle-history"><br></div><h2 class="battle-history">Turn 18</h2><div class="spacer battle-history"><br></div><div class="battle-history">The opposing Dat Good Good used <strong>Moonblast</strong>!<br></div><div class="battle-history"><small>(Masquerain lost <abbr title="−55/334">16.5%</abbr> of its health!)</small><br></div><div class="spacer battle-history"><br></div><div class="battle-history">Masquerain fainted!<br></div><div class="spacer battle-history"><br></div><div class="battle-history">Go! <strong>Nidoking</strong>!<br></div><div class="battle-history"><small>Pointed stones dug into Nidoking!</small><br></div><div class="spacer battle-history"><br></div><h2 class="battle-history">Turn 19</h2><div class="spacer battle-history"><br></div><div class="battle-history">10blast withdrew Dat Good Good!<br></div><div class="battle-history">10blast sent out Yamnigga (<strong>Yanmega</strong>)!<br></div><div class="spacer battle-history"><br></div><div class="battle-history">Nidoking used <strong>Sludge Wave</strong>!<br></div><div class="battle-history"><small>(The opposing Yamnigga lost <abbr title="−313/313">100%</abbr> of its health!)</small><br></div><div class="spacer battle-history"><br></div><div class="battle-history">The opposing Yamnigga fainted!<br></div><div class="spacer battle-history"><br></div><div class="battle-history">10blast sent out Goku (<strong>Gallade</strong>)!<br></div><div class="battle-history"><small>The opposing Goku was caught in a sticky web!</small><br></div><div class="battle-history"><small>The opposing Goku's Speed fell!</small><br></div><div class="spacer battle-history"><br></div><h2 class="battle-history">Turn 20</h2><div class="spacer battle-history"><br></div><div class="battle-history">Nidoking, come back!<br></div><div class="battle-history">Go! <strong>Milotic</strong>!<br></div><div class="battle-history"><small>Pointed stones dug into Milotic!</small><br></div><div class="spacer battle-history"><br></div><div class="battle-history">The opposing Goku used <strong>Psycho Cut</strong>!<br></div><div class="battle-history"><small>(Milotic lost <abbr title="−49/391">12.5%</abbr> of its health!)</small><br></div><div class="spacer battle-history"><br></div><div class="battle-history">Milotic fainted!<br></div><div class="spacer battle-history"><br></div><div class="battle-history">Go! <strong>Darmanitan</strong>!<br></div><div class="battle-history"><small>Pointed stones dug into Darmanitan!</small><br></div><div class="spacer battle-history"><br></div><h2 class="battle-history">Turn 21</h2><div class="spacer battle-history"><br></div><div class="battle-history">10blast withdrew Goku!<br></div><div class="battle-history">10blast sent out Daphnee (<strong>Donphan</strong>)!<br></div><div class="battle-history"><small>The opposing Daphnee was caught in a sticky web!</small><br></div><div class="battle-history"><small>The opposing Daphnee's Speed fell!</small><br></div><div class="spacer battle-history"><br></div><div class="battle-history">Darmanitan used <strong>Flare Blitz</strong>!<br></div><div class="battle-history"><small>(The opposing Daphnee lost <abbr title="−122/384">31.8%</abbr> of its health!)</small><br></div><div class="battle-history"><small>Darmanitan is damaged by the recoil!</small><br></div><div class="spacer battle-history"><br></div><div class="battle-history">The opposing Daphnee fainted!<br></div><div class="spacer battle-history"><br></div><div class="battle-history">10blast sent out Harambæ (<strong>Ambipom</strong>)!<br></div><div class="battle-history"><small>The opposing Harambæ was caught in a sticky web!</small><br></div><div class="battle-history"><small>The opposing Harambæ's Speed fell!</small><br></div><div class="spacer battle-history"><br></div><h2 class="battle-history">Turn 22</h2><div class="spacer battle-history"><br></div><div class="battle-history">Darmanitan, come back!<br></div><div class="battle-history">Go! <strong>Conkeldurr</strong>!<br></div><div class="battle-history"><small>Pointed stones dug into Conkeldurr!</small><br></div><div class="spacer battle-history"><br></div><div class="battle-history">The opposing Harambæ used <strong>Fake Out</strong>!<br></div><div class="battle-history"><small>(Conkeldurr lost <abbr title="−103/395">26.1%</abbr> of its health!)</small><br></div><div class="spacer battle-history"><br></div><h2 class="battle-history">Turn 23</h2><div class="spacer battle-history"><br></div><div class="battle-history">Conkeldurr used <strong>Mach Punch</strong>!<br></div><div class="battle-history"><small>It's super effective!</small><br></div><div class="battle-history"><small>(The opposing Harambæ lost <abbr title="−188/292">64.4%</abbr> of its health!)</small><br></div><div class="spacer battle-history"><br></div><div class="battle-history">The opposing Harambæ used <strong>U-turn</strong>!<br></div><div class="battle-history"><small>It's not very effective...</small><br></div><div class="battle-history"><small>(Conkeldurr lost <abbr title="−31/395">7.8%</abbr> of its health!)</small><br></div><div class="spacer battle-history"><br></div><div class="battle-history">The opposing Harambæ went back to 10blast!<br></div><div class="battle-history">10blast sent out Keiko (<strong>Froslass</strong>)!<br></div><div class="battle-history"><small>The opposing Keiko was caught in a sticky web!</small><br></div><div class="battle-history"><small>The opposing Keiko's Speed fell!</small><br></div><div class="spacer battle-history"><br></div><h2 class="battle-history">Turn 24</h2><div class="spacer battle-history"><br></div><div class="battle-history">The opposing Keiko used <strong>Shadow Ball</strong>!<br></div><div class="battle-history"><small>(Conkeldurr lost <abbr title="−108/395">27.3%</abbr> of its health!)</small><br></div><div class="spacer battle-history"><br></div><div class="battle-history">Conkeldurr used <strong>Knock Off</strong>!<br></div><div class="battle-history"><small>It's super effective!</small><br></div><div class="battle-history"><small>The opposing Keiko hung on using its Focus Sash!</small><br></div><div class="battle-history"><small>(The opposing Keiko lost <abbr title="−281/282">99.6%</abbr> of its health!)</small><br></div><div class="battle-history"><small>[The opposing Keiko's Cursed Body]</small><br><small>Conkeldurr's Knock Off was disabled!</small><br></div><div class="spacer battle-history"><br></div><h2 class="battle-history">Turn 25</h2><div class="spacer battle-history"><br></div><div class="battle-history">The opposing Keiko used <strong>Shadow Ball</strong>!<br></div><div class="battle-history"><small>(Conkeldurr lost <abbr title="−71/395">18.0%</abbr> of its health!)</small><br></div><div class="spacer battle-history"><br></div><div class="battle-history">Conkeldurr fainted!<br></div><div class="spacer battle-history"><br></div><div class="battle-history">Go! <strong>Nidoking</strong>!<br></div><div class="battle-history"><small>Pointed stones dug into Nidoking!</small><br></div><div class="spacer battle-history"><br></div><h2 class="battle-history">Turn 26</h2><div class="spacer battle-history"><br></div><div class="battle-history">Nidoking used <strong>Sludge Wave</strong>!<br></div><div class="battle-history"><small>It's not very effective...</small><br></div><div class="battle-history"><small>(The opposing Keiko lost <abbr title="−1/282">0.4%</abbr> of its health!)</small><br></div><div class="spacer battle-history"><br></div><div class="battle-history">The opposing Keiko fainted!<br></div><div class="spacer battle-history"><br></div><div class="battle-history">10blast sent out Goku (<strong>Gallade</strong>)!<br></div><div class="battle-history"><small>The opposing Goku was caught in a sticky web!</small><br></div><div class="battle-history"><small>The opposing Goku's Speed fell!</small><br></div><div class="spacer battle-history"><br></div><h2 class="battle-history">Turn 27</h2><div class="spacer battle-history"><br></div><div class="battle-history">Nidoking used <strong>Earth Power</strong>!<br></div><div class="battle-history"><small>A critical hit!</small><br></div><div class="battle-history"><small>(The opposing Goku lost <abbr title="−137/278">49.3%</abbr> of its health!)</small><br></div><div class="spacer battle-history"><br></div><div class="battle-history">The opposing Goku fainted!<br></div><div class="spacer battle-history"><br></div><div class="battle-history">10blast sent out Harambæ (<strong>Ambipom</strong>)!<br></div><div class="battle-history"><small>The opposing Harambæ was caught in a sticky web!</small><br></div><div class="battle-history"><small>The opposing Harambæ's Speed fell!</small><br></div><div class="spacer battle-history"><br></div><h2 class="battle-history">Turn 28</h2><div class="chat chatmessage-10blast"><strong style="color:hsl(159,45%,45.164061557754884%)"><small>☆</small><span class="username" data-name="10blast">10blast</span>:</strong> <em>gg</em></div><div class="spacer battle-history"><br></div><div class="battle-history">The opposing Harambæ used <strong>Fake Out</strong>!<br></div><div class="battle-history"><small>(Nidoking lost <abbr title="−133/303">43.9%</abbr> of its health!)</small><br></div><div class="spacer battle-history"><br></div><div class="battle-history">Nidoking flinched and couldn't move!<br></div><div class="spacer battle-history"><br></div><h2 class="battle-history">Turn 29</h2><div class="spacer battle-history"><br></div><div class="battle-history">Nidoking used <strong>Earth Power</strong>!<br></div><div class="battle-history"><small>(The opposing Harambæ lost <abbr title="−56/292">19.2%</abbr> of its health!)</small><br></div><div class="spacer battle-history"><br></div><div class="battle-history">The opposing Harambæ fainted!<br></div><div class="chat chatmessage-poft"><strong style="color:hsl(297,86%,44%)"><small>☆</small><span class="username" data-name="poft">poft</span>:</strong> <em>gg</em></div><div class="spacer battle-history"><br></div><div class="battle-history">10blast sent out Dat Good Good (<strong>Florges-White</strong>)!<br></div><div class="battle-history"><small>The opposing Dat Good Good was caught in a sticky web!</small><br></div><div class="battle-history"><small>The opposing Dat Good Good's Speed fell!</small><br></div><div class="spacer battle-history"><br></div><h2 class="battle-history">Turn 30</h2><div class="spacer battle-history"><br></div><div class="battle-history">Nidoking used <strong>Sludge Wave</strong>!<br></div><div class="battle-history"><small>It's super effective!</small><br></div><div class="battle-history"><small>(The opposing Dat Good Good lost <abbr title="−307/360">85.3%</abbr> of its health!)</small><br></div><div class="spacer battle-history"><br></div><div class="battle-history">The opposing Dat Good Good used <strong>Moonblast</strong>!<br></div><div class="battle-history"><small>It's not very effective...</small><br></div><div class="battle-history"><small>(Nidoking lost <abbr title="−84/303">27.7%</abbr> of its health!)</small><br></div><div class="spacer battle-history"><br></div><div class="battle-history"><small>The opposing Dat Good Good restored a little HP using its Leftovers!</small><br></div><div class="spacer battle-history"><br></div><h2 class="battle-history">Turn 31</h2><div class="spacer battle-history"><br></div><div class="battle-history">Nidoking used <strong>Sludge Wave</strong>!<br></div><div class="battle-history"><small>It's super effective!</small><br></div><div class="battle-history"><small>(The opposing Dat Good Good lost <abbr title="−75/360">20.8%</abbr> of its health!)</small><br></div><div class="spacer battle-history"><br></div><div class="battle-history">The opposing Dat Good Good fainted!<br></div><div class="spacer battle-history"><br></div><div class="battle-history"><strong>poft</strong> won the battle!<br></div></div><div class="inner-preempt"></div></div></div>
</div>
<script>
let daily = Math.floor(Date.now()/1000/60/60/24);document.write('<script src="https://play.pokemonshowdown.com/js/replay-embed.js?version'+daily+'"></'+'script>');
</script>
