<!DOCTYPE html>
<meta charset="utf-8" />
<!-- version 1 -->
<title>UU replay: Ralucavi vs. 10blast</title>
<style>
html,body {font-family:Verdana, sans-serif;font-size:10pt;margin:0;padding:0;}body{padding:12px 0;} .battle-log {font-family:Verdana, sans-serif;font-size:10pt;} .battle-log-inline {border:1px solid #AAAAAA;background:#EEF2F5;color:black;max-width:640px;margin:0 auto 80px;padding-bottom:5px;} .battle-log .inner {padding:4px 8px 0px 8px;} .battle-log .inner-preempt {padding:0 8px 4px 8px;} .battle-log .inner-after {margin-top:0.5em;} .battle-log h2 {margin:0.5em -8px;padding:4px 8px;border:1px solid #AAAAAA;background:#E0E7EA;border-left:0;border-right:0;font-family:Verdana, sans-serif;font-size:13pt;} .battle-log .chat {vertical-align:middle;padding:3px 0 3px 0;font-size:8pt;} .battle-log .chat strong {color:#40576A;} .battle-log .chat em {padding:1px 4px 1px 3px;color:#000000;font-style:normal;} .chat.mine {background:rgba(0,0,0,0.05);margin-left:-8px;margin-right:-8px;padding-left:8px;padding-right:8px;} .spoiler {color:#BBBBBB;background:#BBBBBB;padding:0px 3px;} .spoiler:hover, .spoiler:active, .spoiler-shown {color:#000000;background:#E2E2E2;padding:0px 3px;} .spoiler a {color:#BBBBBB;} .spoiler:hover a, .spoiler:active a, .spoiler-shown a {color:#2288CC;} .chat code, .chat .spoiler:hover code, .chat .spoiler:active code, .chat .spoiler-shown code {border:1px solid #C0C0C0;background:#EEEEEE;color:black;padding:0 2px;} .chat .spoiler code {border:1px solid #CCCCCC;background:#CCCCCC;color:#CCCCCC;} .battle-log .rated {padding:3px 4px;} .battle-log .rated strong {color:white;background:#89A;padding:1px 4px;border-radius:4px;} .spacer {margin-top:0.5em;} .message-announce {background:#6688AA;color:white;padding:1px 4px 2px;} .message-announce a, .broadcast-green a, .broadcast-blue a, .broadcast-red a {color:#DDEEFF;} .broadcast-green {background-color:#559955;color:white;padding:2px 4px;} .broadcast-blue {background-color:#6688AA;color:white;padding:2px 4px;} .infobox {border:1px solid #6688AA;padding:2px 4px;} .infobox-limited {max-height:200px;overflow:auto;overflow-x:hidden;} .broadcast-red {background-color:#AA5544;color:white;padding:2px 4px;} .message-learn-canlearn {font-weight:bold;color:#228822;text-decoration:underline;} .message-learn-cannotlearn {font-weight:bold;color:#CC2222;text-decoration:underline;} .message-effect-weak {font-weight:bold;color:#CC2222;} .message-effect-resist {font-weight:bold;color:#6688AA;} .message-effect-immune {font-weight:bold;color:#666666;} .message-learn-list {margin-top:0;margin-bottom:0;} .message-throttle-notice, .message-error {color:#992222;} .message-overflow, .chat small.message-overflow {font-size:0pt;} .message-overflow::before {font-size:9pt;content:'...';} .subtle {color:#3A4A66;}
</style>
<div class="wrapper replay-wrapper" style="max-width:1180px;margin:0 auto">
<input type="hidden" name="replayid" value="uu-536038878" />
<div class="battle"></div><div class="battle-log"></div><div class="replay-controls"></div><div class="replay-controls-2"></div>
<h1 style="font-weight:normal;text-align:center"><strong>UU</strong><br /><a href="http://pokemonshowdown.com/users/ralucavi" class="subtle" target="_blank">Ralucavi</a> vs. <a href="http://pokemonshowdown.com/users/10blast" class="subtle" target="_blank">10blast</a></h1>
<script type="text/plain" class="battle-log-data">|j|Ralucavi
|j|10blast
|player|p1|Ralucavi|169
|player|p2|10blast|68
|gametype|singles
|gen|6
|tier|UU
|rated
|seed|39369,4637,51288,8227
|rule|Sleep Clause Mod: Limit one foe put to sleep
|rule|Species Clause: Limit one of each Pokémon
|rule|OHKO Clause: OHKO moves are banned
|rule|Moody Clause: Moody is banned
|rule|Evasion Moves Clause: Evasion moves are banned
|rule|Endless Battle Clause: Forcing endless battles is banned
|rule|HP Percentage Mod: HP is shown in percentages
|clearpoke
|poke|p1|Nidoking, M|item
|poke|p1|Houndoom, M|item
|poke|p1|Rotom-Mow|item
|poke|p1|Froslass, F|item
|poke|p1|Aromatisse, M|item
|poke|p1|Cobalion|item
|poke|p2|Gallade, M|item
|poke|p2|Yanmega, M, shiny|item
|poke|p2|Froslass, F, shiny|item
|poke|p2|Ambipom, M|item
|poke|p2|Donphan, F, shiny|item
|poke|p2|Florges-White, F, shiny|item
|rule|Swagger Clause: Swagger is banned
|rule|Baton Pass Clause: Limit one Baton Passer, can't pass Spe and other stats simultaneously
|teampreview
|choice|team 4, team 2, team 3, team 1, team 5, team 6|team 4, team 2, team 3, team 1, team 5, team 6
|
|start
|switch|p1a: Froslass|Froslass, F|344\/344
|switch|p2a: Harambe|Ambipom, M|292\/292
|turn|1
|choice|move spikes|move uturn
|
|move|p2a: Harambe|U-turn|p1a: Froslass
|-resisted|p1a: Froslass
|-damage|p1a: Froslass|295\/344
|choice||switch 4
|
|switch|p2a: Goku|Gallade, M|278\/278
|move|p1a: Froslass|Spikes|p2a: Goku
|-sidestart|p2: 10blast|Spikes
|
|upkeep
|turn|2
|choice|move taunt|move shadowsneak
|
|move|p2a: Goku|Shadow Sneak|p1a: Froslass
|-supereffective|p1a: Froslass
|-damage|p1a: Froslass|151\/344
|-start|p2a: Goku|Disable|Shadow Sneak|[from] ability: Cursed Body|[of] p1a: Froslass
|move|p1a: Froslass|Taunt|p2a: Goku
|-start|p2a: Goku|move: Taunt
|
|upkeep
|turn|3
|choice|move icywind|switch 5
|
|switch|p2a: Daphnee|Donphan, F, shiny|384\/384
|-damage|p2a: Daphnee|336\/384|[from] Spikes
|move|p1a: Froslass|Icy Wind|p2a: Daphnee
|-supereffective|p2a: Daphnee
|-damage|p2a: Daphnee|168\/384
|-unboost|p2a: Daphnee|spe|1
|
|-heal|p2a: Daphnee|192\/384|[from] item: Leftovers
|upkeep
|turn|4
|choice|switch 3|move knockoff
|
|switch|p1a: Rotom|Rotom-Mow|241\/241
|move|p2a: Daphnee|Knock Off|p1a: Rotom
|-damage|p1a: Rotom|152\/241
|-enditem|p1a: Rotom|Choice Specs|[from] move: Knock Off|[of] p2a: Daphnee
|
|-heal|p2a: Daphnee|216\/384|[from] item: Leftovers
|upkeep
|turn|5
|choice|move trick|switch 6
|
|switch|p2a: Dat Good Good|Florges-White, F, shiny|360\/360
|-damage|p2a: Dat Good Good|315\/360|[from] Spikes
|move|p1a: Rotom|Trick|p2a: Dat Good Good
|-activate|p1a: Rotom|move: Trick|[of] p2a: Dat Good Good
|-enditem|p2a: Dat Good Good|Leftovers|[silent]
|-item|p1a: Rotom|Leftovers|[from] move: Trick
|
|-heal|p1a: Rotom|167\/241|[from] item: Leftovers
|upkeep
|turn|6
|choice|move voltswitch|move wish
|
|move|p1a: Rotom|Volt Switch|p2a: Dat Good Good
|-damage|p2a: Dat Good Good|237\/360
|choice|switch 5|
|
|switch|p1a: Aromatisse|Aromatisse, M|351\/351
|move|p2a: Dat Good Good|Wish|p2a: Dat Good Good
|
|upkeep
|turn|7
|choice|move wish|switch 2
|
|switch|p2a: Yamnigga|Yanmega, M, shiny|313\/313
|move|p1a: Aromatisse|Wish|p1a: Aromatisse
|
|upkeep
|turn|8
|choice|move moonblast|move bugbuzz
|
|move|p2a: Yamnigga|Bug Buzz|p1a: Aromatisse
|-resisted|p1a: Aromatisse
|-damage|p1a: Aromatisse|213\/351
|move|p1a: Aromatisse|Moonblast|p2a: Yamnigga
|-damage|p2a: Yamnigga|139\/313
|-unboost|p2a: Yamnigga|spa|1
|
|-heal|p1a: Aromatisse|351\/351|[from] move: Wish|[wisher] Aromatisse
|upkeep
|turn|9
|choice|switch 6|switch 5
|
|switch|p2a: Goku|Gallade, M|278\/278
|-damage|p2a: Goku|244\/278|[from] Spikes
|switch|p1a: Cobalion|Cobalion|324\/324
|
|upkeep
|turn|10
|choice|move voltswitch|move drainpunch
|
|move|p1a: Cobalion|Volt Switch|p2a: Goku
|-crit|p2a: Goku
|-damage|p2a: Goku|208\/278
|choice|switch 6|
|
|switch|p1a: Aromatisse|Aromatisse, M|351\/351
|move|p2a: Goku|Drain Punch|p1a: Aromatisse
|-resisted|p1a: Aromatisse
|-damage|p1a: Aromatisse|283\/351
|-heal|p2a: Goku|242\/278|[from] drain|[of] p1a: Aromatisse
|
|-heal|p1a: Aromatisse|304\/351|[from] item: Leftovers
|upkeep
|turn|11
|choice|move wish|move psychocut
|
|move|p2a: Goku|Psycho Cut|p1a: Aromatisse
|-damage|p1a: Aromatisse|187\/351
|move|p1a: Aromatisse|Wish|p1a: Aromatisse
|
|-heal|p1a: Aromatisse|208\/351|[from] item: Leftovers
|upkeep
|turn|12
|choice|move moonblast|move psychocut
|
|move|p2a: Goku|Psycho Cut|p1a: Aromatisse
|-damage|p1a: Aromatisse|94\/351
|move|p1a: Aromatisse|Moonblast|p2a: Goku
|-supereffective|p2a: Goku
|-damage|p2a: Goku|138\/278
|
|-heal|p1a: Aromatisse|269\/351|[from] move: Wish|[wisher] Aromatisse
|-heal|p1a: Aromatisse|290\/351|[from] item: Leftovers
|upkeep
|turn|13
|choice|move protect|move psychocut
|
|move|p1a: Aromatisse|Protect|p1a: Aromatisse
|-singleturn|p1a: Aromatisse|Protect
|move|p2a: Goku|Psycho Cut|p1a: Aromatisse
|-activate|p1a: Aromatisse|move: Protect
|
|-heal|p1a: Aromatisse|311\/351|[from] item: Leftovers
|upkeep
|turn|14
|choice|move wish|switch 2
|
|switch|p2a: Dat Good Good|Florges-White, F, shiny|237\/360
|-damage|p2a: Dat Good Good|192\/360|[from] Spikes
|move|p1a: Aromatisse|Wish|p1a: Aromatisse
|
|-heal|p1a: Aromatisse|332\/351|[from] item: Leftovers
|upkeep
|turn|15
|choice|switch 4|move wish
|
|switch|p1a: Nidoking|Nidoking, M|303\/303
|move|p2a: Dat Good Good|Wish|p2a: Dat Good Good
|
|upkeep
|turn|16
|choice|move poisonjab|switch 6
|
|switch|p2a: Daphnee|Donphan, F, shiny|216\/384
|-damage|p2a: Daphnee|168\/384|[from] Spikes
|move|p1a: Nidoking|Poison Jab|p2a: Daphnee
|-resisted|p2a: Daphnee
|-damage|p2a: Daphnee|115\/384
|-damage|p1a: Nidoking|273\/303|[from] item: Life Orb
|
|-heal|p2a: Daphnee|295\/384|[from] move: Wish|[wisher] Dat Good Good
|-heal|p2a: Daphnee|319\/384|[from] item: Leftovers
|upkeep
|turn|17
|choice|move icepunch|move rapidspin
|
|move|p1a: Nidoking|Ice Punch|p2a: Daphnee
|-supereffective|p2a: Daphnee
|-damage|p2a: Daphnee|189\/384
|-damage|p1a: Nidoking|243\/303|[from] item: Life Orb
|move|p2a: Daphnee|Rapid Spin|p1a: Nidoking
|-damage|p1a: Nidoking|218\/303
|-sideend|p2: 10blast|Spikes|[from] move: Rapid Spin|[of] p2a: Daphnee
|
|-heal|p2a: Daphnee|213\/384|[from] item: Leftovers
|upkeep
|turn|18
|choice|move superpower|move earthquake
|
|move|p1a: Nidoking|Superpower|p2a: Daphnee
|-damage|p2a: Daphnee|97\/384
|-unboost|p1a: Nidoking|atk|1
|-unboost|p1a: Nidoking|def|1
|-damage|p1a: Nidoking|188\/303|[from] item: Life Orb
|move|p2a: Daphnee|Earthquake|p1a: Nidoking
|-supereffective|p1a: Nidoking
|-crit|p1a: Nidoking
|-damage|p1a: Nidoking|0 fnt
|faint|p1a: Nidoking
|
|-heal|p2a: Daphnee|121\/384|[from] item: Leftovers
|upkeep
|choice|switch 2|
|
|switch|p1a: Houndoom|Houndoom, M|291\/291
|turn|19
|choice|move protect mega|move stealthrock
|
|detailschange|p1a: Houndoom|Houndoom-Mega, M
|-mega|p1a: Houndoom|Houndoom|Houndoominite
|move|p1a: Houndoom|Protect|p1a: Houndoom
|-singleturn|p1a: Houndoom|Protect
|move|p2a: Daphnee|Stealth Rock|p1a: Houndoom
|-sidestart|p1: Ralucavi|move: Stealth Rock
|
|-heal|p2a: Daphnee|145\/384|[from] item: Leftovers
|upkeep
|turn|20
|choice|switch 4|move earthquake
|
|switch|p1a: Aromatisse|Aromatisse, M|332\/351
|-damage|p1a: Aromatisse|289\/351|[from] Stealth Rock
|move|p2a: Daphnee|Earthquake|p1a: Aromatisse
|-damage|p1a: Aromatisse|156\/351
|
|-heal|p2a: Daphnee|169\/384|[from] item: Leftovers
|-heal|p1a: Aromatisse|177\/351|[from] item: Leftovers
|upkeep
|turn|21
|choice|move moonblast|move knockoff
|
|move|p2a: Daphnee|Knock Off|p1a: Aromatisse
|-resisted|p1a: Aromatisse
|-damage|p1a: Aromatisse|138\/351
|-enditem|p1a: Aromatisse|Leftovers|[from] move: Knock Off|[of] p2a: Daphnee
|move|p1a: Aromatisse|Moonblast|p2a: Daphnee
|-damage|p2a: Daphnee|0 fnt
|faint|p2a: Daphnee
|
|upkeep
|choice||switch 4
|
|switch|p2a: Harambe|Ambipom, M|292\/292
|turn|22
|choice|switch 3|move fakeout
|
|switch|p1a: Froslass|Froslass, F|151\/344
|-damage|p1a: Froslass|65\/344|[from] Stealth Rock
|move|p2a: Harambe|Fake Out|p1a: Froslass
|-immune|p1a: Froslass|[msg]
|
|upkeep
|turn|23
|choice|move destinybond|move uturn
|
|move|p2a: Harambe|U-turn|p1a: Froslass
|-resisted|p1a: Froslass
|-damage|p1a: Froslass|21\/344
|-start|p2a: Harambe|Disable|U-turn|[from] ability: Cursed Body|[of] p1a: Froslass
|choice||switch 2
|
|switch|p2a: Goku|Gallade, M|138\/278
|move|p1a: Froslass|Destiny Bond|p1a: Froslass
|-singlemove|p1a: Froslass|Destiny Bond
|
|upkeep
|turn|24
|choice|move destinybond|move psychocut
|
|move|p1a: Froslass|Destiny Bond|p1a: Froslass
|-singlemove|p1a: Froslass|Destiny Bond
|move|p2a: Goku|Psycho Cut|p1a: Froslass
|-damage|p1a: Froslass|0 fnt
|faint|p1a: Froslass
|-activate|p1a: Froslass|move: Destiny Bond
|faint|p2a: Goku
|
|upkeep
|choice|switch 6|switch 2
|
|switch|p2a: Harambe|Ambipom, M|292\/292
|switch|p1a: Cobalion|Cobalion|324\/324
|-damage|p1a: Cobalion|314\/324|[from] Stealth Rock
|turn|25
|choice|move voltswitch|move fakeout
|
|move|p2a: Harambe|Fake Out|p1a: Cobalion
|-resisted|p1a: Cobalion
|-damage|p1a: Cobalion|267\/324
|cant|p1a: Cobalion|flinch
|
|-heal|p1a: Cobalion|287\/324|[from] item: Leftovers
|upkeep
|turn|26
|choice|move voltswitch|move uturn
|
|move|p2a: Harambe|U-turn|p1a: Cobalion
|-resisted|p1a: Cobalion
|-damage|p1a: Cobalion|275\/324
|choice||switch 5
|
|switch|p2a: Yamnigga|Yanmega, M, shiny|139\/313
|move|p1a: Cobalion|Volt Switch|p2a: Yamnigga
|-supereffective|p2a: Yamnigga
|-damage|p2a: Yamnigga|0 fnt
|faint|p2a: Yamnigga
|choice|switch 4|
|
|switch|p1a: Houndoom|Houndoom-Mega, M|291\/291
|-damage|p1a: Houndoom|219\/291|[from] Stealth Rock
|
|upkeep
|choice||switch 6
|
|switch|p2a: Dat Good Good|Florges-White, F, shiny|192\/360
|turn|27
|choice|move protect|move moonblast
|
|move|p1a: Houndoom|Protect|p1a: Houndoom
|-singleturn|p1a: Houndoom|Protect
|move|p2a: Dat Good Good|Moonblast|p1a: Houndoom
|-activate|p1a: Houndoom|move: Protect
|
|upkeep
|turn|28
|choice|switch 3|move moonblast
|
|switch|p1a: Aromatisse|Aromatisse, M|138\/351
|-damage|p1a: Aromatisse|95\/351|[from] Stealth Rock
|move|p2a: Dat Good Good|Moonblast|p1a: Aromatisse
|-damage|p1a: Aromatisse|0 fnt
|faint|p1a: Aromatisse
|
|upkeep
|choice|switch 4|
|
|switch|p1a: Cobalion|Cobalion|275\/324
|-damage|p1a: Cobalion|265\/324|[from] Stealth Rock
|turn|29
|choice|move ironhead|switch 3
|
|switch|p2a: Keiko|Froslass, F, shiny|282\/282
|move|p1a: Cobalion|Iron Head|p2a: Keiko
|-supereffective|p2a: Keiko
|-enditem|p2a: Keiko|Focus Sash
|-damage|p2a: Keiko|1\/282
|
|-heal|p1a: Cobalion|285\/324|[from] item: Leftovers
|upkeep
|turn|30
|choice|switch 5|move destinybond
|
|switch|p1a: Rotom|Rotom-Mow|167\/241
|-damage|p1a: Rotom|137\/241|[from] Stealth Rock
|move|p2a: Keiko|Destiny Bond|p2a: Keiko
|-singlemove|p2a: Keiko|Destiny Bond
|
|-heal|p1a: Rotom|152\/241|[from] item: Leftovers
|upkeep
|turn|31
|choice|move thunderbolt|move icebeam
|
|move|p2a: Keiko|Ice Beam|p1a: Rotom
|-supereffective|p1a: Rotom
|-damage|p1a: Rotom|0 fnt
|faint|p1a: Rotom
|
|upkeep
|choice|switch 3|
|
|switch|p1a: Houndoom|Houndoom-Mega, M|219\/291
|-damage|p1a: Houndoom|147\/291|[from] Stealth Rock
|turn|32
|choice|move darkpulse|switch 3
|
|switch|p2a: Dat Good Good|Florges-White, F, shiny|192\/360
|move|p1a: Houndoom|Dark Pulse|p2a: Dat Good Good
|-resisted|p2a: Dat Good Good
|-damage|p2a: Dat Good Good|144\/360
|
|upkeep
|turn|33
|choice|move protect|move moonblast
|
|move|p1a: Houndoom|Protect|p1a: Houndoom
|-singleturn|p1a: Houndoom|Protect
|move|p2a: Dat Good Good|Moonblast|p1a: Houndoom
|-activate|p1a: Houndoom|move: Protect
|
|upkeep
|turn|34
|choice|move nastyplot|move moonblast
|
|move|p1a: Houndoom|Nasty Plot|p1a: Houndoom
|-boost|p1a: Houndoom|spa|2
|move|p2a: Dat Good Good|Moonblast|p1a: Houndoom
|-damage|p1a: Houndoom|5\/291
|
|upkeep
|turn|35
|choice|move flamethrower|move moonblast
|
|move|p1a: Houndoom|Flamethrower|p2a: Dat Good Good
|-damage|p2a: Dat Good Good|0 fnt
|faint|p2a: Dat Good Good
|
|upkeep
|c|★Ralucavi|gg
|choice||switch 5
|
|switch|p2a: Harambe|Ambipom, M|292\/292
|turn|36
|c|★10blast|gg
|c|★10blast|speed tie
|choice|move protect|move fakeout
|
|move|p1a: Houndoom|Protect|p1a: Houndoom
|-singleturn|p1a: Houndoom|Protect
|move|p2a: Harambe|Fake Out|p1a: Houndoom
|-activate|p1a: Houndoom|move: Protect
|
|upkeep
|turn|37
|choice|move flamethrower|move uturn
|
|move|p1a: Houndoom|Flamethrower|p2a: Harambe
|-damage|p2a: Harambe|0 fnt
|faint|p2a: Harambe
|
|upkeep
|choice||switch 3
|
|switch|p2a: Keiko|Froslass, F, shiny|1\/282
|turn|38
|c|★10blast|gg
|choice|move darkpulse|move shadowball
|
|move|p1a: Houndoom|Dark Pulse|p2a: Keiko
|-supereffective|p2a: Keiko
|-damage|p2a: Keiko|0 fnt
|faint|p2a: Keiko
|
|win|Ralucavi
|player|p1
|player|p2
|raw|Ralucavi's rating: 1233 &rarr; <strong>1254<\/strong><br \/>(+21 for winning)
|raw|10blast's rating: 1183 &rarr; <strong>1162<\/strong><br \/>(-21 for losing)
|c|★Ralucavi|yeah
|l|10blast</script>
</div>
<div class="battle-log battle-log-inline"><div class="inner"><div class="battle-options"></div><div class="inner"><div class="chat"><small>Ralucavi joined.</small></div><div class="chat"><small>10blast joined.</small></div><div class=""><small>Format:</small> <br><strong>UU</strong></div><div class="rated"><strong>Rated battle</strong></div><div class=""><small><em>Sleep Clause Mod:</em> Limit one foe put to sleep</small></div><div class=""><small><em>Species Clause:</em> Limit one of each Pokémon</small></div><div class=""><small><em>OHKO Clause:</em> OHKO moves are banned</small></div><div class=""><small><em>Moody Clause:</em> Moody is banned</small></div><div class=""><small><em>Evasion Moves Clause:</em> Evasion moves are banned</small></div><div class=""><small><em>Endless Battle Clause:</em> Forcing endless battles is banned</small></div><div class=""><small><em>HP Percentage Mod:</em> HP is shown in percentages</small></div><div class=""><small><em>Swagger Clause:</em> Swagger is banned</small></div><div class=""><small><em>Baton Pass Clause:</em> Limit one Baton Passer, can't pass Spe and other stats simultaneously</small></div><div class="chat battle-history"><strong>Ralucavi's team:</strong> <em style="color:#445566;display:block;">Nidoking / Houndoom / Rotom-Mow / Froslass / Aromatisse / Cobalion</em></div><div class="chat battle-history"><strong>10blast's team:</strong> <em style="color:#445566;display:block;">Gallade / Yanmega / Froslass / Ambipom / Donphan / Florges-White</em></div><div class="spacer battle-history"><br></div><div class="battle-history">Battle started between Ralucavi and 10blast!<br></div><div class="spacer battle-history"><br></div><div class="battle-history">Go! <strong>Froslass</strong>!<br></div><div class="spacer battle-history"><br></div><div class="battle-history">10blast sent out Harambe (<strong>Ambipom</strong>)!<br></div><div class="spacer battle-history"><br></div><h2 class="battle-history">Turn 1</h2><div class="spacer battle-history"><br></div><div class="battle-history">The opposing Harambe used <strong>U-turn</strong>!<br></div><div class="battle-history"><small>It's not very effective...</small><br></div><div class="battle-history"><small>(Froslass lost <abbr title="−49/344">14.2%</abbr> of its health!)</small><br></div><div class="spacer battle-history"><br></div><div class="battle-history">The opposing Harambe went back to 10blast!<br></div><div class="battle-history">10blast sent out Goku (<strong>Gallade</strong>)!<br></div><div class="spacer battle-history"><br></div><div class="battle-history">Froslass used <strong>Spikes</strong>!<br></div><div class="battle-history"><small>Spikes were scattered on the ground all around the opposing team!</small><br></div><div class="spacer battle-history"><br></div><h2 class="battle-history">Turn 2</h2><div class="spacer battle-history"><br></div><div class="battle-history">The opposing Goku used <strong>Shadow Sneak</strong>!<br></div><div class="battle-history"><small>It's super effective!</small><br></div><div class="battle-history"><small>(Froslass lost <abbr title="−144/344">41.9%</abbr> of its health!)</small><br></div><div class="battle-history"><small>[Froslass's Cursed Body]</small><br><small>The opposing Goku's Shadow Sneak was disabled!</small><br></div><div class="spacer battle-history"><br></div><div class="battle-history">Froslass used <strong>Taunt</strong>!<br></div><div class="battle-history"><small>The opposing Goku fell for the taunt!</small><br></div><div class="spacer battle-history"><br></div><h2 class="battle-history">Turn 3</h2><div class="spacer battle-history"><br></div><div class="battle-history">10blast withdrew Goku!<br></div><div class="battle-history">10blast sent out Daphnee (<strong>Donphan</strong>)!<br></div><div class="battle-history"><small>The opposing Daphnee is hurt by the spikes!</small><br></div><div class="spacer battle-history"><br></div><div class="battle-history">Froslass used <strong>Icy Wind</strong>!<br></div><div class="battle-history"><small>It's super effective!</small><br></div><div class="battle-history"><small>(The opposing Daphnee lost <abbr title="−168/384">43.8%</abbr> of its health!)</small><br></div><div class="battle-history"><small>The opposing Daphnee's Speed fell!</small><br></div><div class="spacer battle-history"><br></div><div class="battle-history"><small>The opposing Daphnee restored a little HP using its Leftovers!</small><br></div><div class="spacer battle-history"><br></div><h2 class="battle-history">Turn 4</h2><div class="spacer battle-history"><br></div><div class="battle-history">Froslass, come back!<br></div><div class="battle-history">Go! Rotom (<strong>Rotom-Mow</strong>)!<br></div><div class="spacer battle-history"><br></div><div class="battle-history">The opposing Daphnee used <strong>Knock Off</strong>!<br></div><div class="battle-history"><small>(Rotom lost <abbr title="−89/241">36.9%</abbr> of its health!)</small><br></div><div class="battle-history"><small>The opposing Daphnee knocked off Rotom's Choice Specs!</small><br></div><div class="spacer battle-history"><br></div><div class="battle-history"><small>The opposing Daphnee restored a little HP using its Leftovers!</small><br></div><div class="spacer battle-history"><br></div><h2 class="battle-history">Turn 5</h2><div class="spacer battle-history"><br></div><div class="battle-history">10blast withdrew Daphnee!<br></div><div class="battle-history">10blast sent out Dat Good Good (<strong>Florges-White</strong>)!<br></div><div class="battle-history"><small>The opposing Dat Good Good is hurt by the spikes!</small><br></div><div class="spacer battle-history"><br></div><div class="battle-history">Rotom used <strong>Trick</strong>!<br></div><div class="battle-history"><small>Rotom switched items with its target!</small><br></div><div class="battle-history"><small>Rotom obtained one Leftovers.</small><br></div><div class="spacer battle-history"><br></div><div class="battle-history"><small>Rotom restored a little HP using its Leftovers!</small><br></div><div class="spacer battle-history"><br></div><h2 class="battle-history">Turn 6</h2><div class="spacer battle-history"><br></div><div class="battle-history">Rotom used <strong>Volt Switch</strong>!<br></div><div class="battle-history"><small>(The opposing Dat Good Good lost <abbr title="−78/360">21.7%</abbr> of its health!)</small><br></div><div class="spacer battle-history"><br></div><div class="battle-history">Rotom went back to Ralucavi!<br></div><div class="battle-history">Go! <strong>Aromatisse</strong>!<br></div><div class="spacer battle-history"><br></div><div class="battle-history">The opposing Dat Good Good used <strong>Wish</strong>!<br></div><div class="spacer battle-history"><br></div><h2 class="battle-history">Turn 7</h2><div class="spacer battle-history"><br></div><div class="battle-history">10blast withdrew Dat Good Good!<br></div><div class="battle-history">10blast sent out Yamnigga (<strong>Yanmega</strong>)!<br></div><div class="spacer battle-history"><br></div><div class="battle-history">Aromatisse used <strong>Wish</strong>!<br></div><div class="spacer battle-history"><br></div><h2 class="battle-history">Turn 8</h2><div class="spacer battle-history"><br></div><div class="battle-history">The opposing Yamnigga used <strong>Bug Buzz</strong>!<br></div><div class="battle-history"><small>It's not very effective...</small><br></div><div class="battle-history"><small>(Aromatisse lost <abbr title="−138/351">39.3%</abbr> of its health!)</small><br></div><div class="spacer battle-history"><br></div><div class="battle-history">Aromatisse used <strong>Moonblast</strong>!<br></div><div class="battle-history"><small>(The opposing Yamnigga lost <abbr title="−174/313">55.6%</abbr> of its health!)</small><br></div><div class="battle-history"><small>The opposing Yamnigga's Special Attack fell!</small><br></div><div class="spacer battle-history"><br></div><div class="battle-history"><small>Aromatisse's wish came true!</small><br></div><div class="spacer battle-history"><br></div><h2 class="battle-history">Turn 9</h2><div class="spacer battle-history"><br></div><div class="battle-history">10blast withdrew Yamnigga!<br></div><div class="battle-history">10blast sent out Goku (<strong>Gallade</strong>)!<br></div><div class="battle-history"><small>The opposing Goku is hurt by the spikes!</small><br></div><div class="spacer battle-history"><br></div><div class="battle-history">Aromatisse, come back!<br></div><div class="battle-history">Go! <strong>Cobalion</strong>!<br></div><div class="spacer battle-history"><br></div><h2 class="battle-history">Turn 10</h2><div class="spacer battle-history"><br></div><div class="battle-history">Cobalion used <strong>Volt Switch</strong>!<br></div><div class="battle-history"><small>A critical hit!</small><br></div><div class="battle-history"><small>(The opposing Goku lost <abbr title="−36/278">12.9%</abbr> of its health!)</small><br></div><div class="spacer battle-history"><br></div><div class="battle-history">Cobalion went back to Ralucavi!<br></div><div class="battle-history">Go! <strong>Aromatisse</strong>!<br></div><div class="spacer battle-history"><br></div><div class="battle-history">The opposing Goku used <strong>Drain Punch</strong>!<br></div><div class="battle-history"><small>It's not very effective...</small><br></div><div class="battle-history"><small>(Aromatisse lost <abbr title="−68/351">19.4%</abbr> of its health!)</small><br></div><div class="battle-history"><small>Aromatisse had its energy drained!</small><br></div><div class="spacer battle-history"><br></div><div class="battle-history"><small>Aromatisse restored a little HP using its Leftovers!</small><br></div><div class="spacer battle-history"><br></div><h2 class="battle-history">Turn 11</h2><div class="spacer battle-history"><br></div><div class="battle-history">The opposing Goku used <strong>Psycho Cut</strong>!<br></div><div class="battle-history"><small>(Aromatisse lost <abbr title="−117/351">33.3%</abbr> of its health!)</small><br></div><div class="spacer battle-history"><br></div><div class="battle-history">Aromatisse used <strong>Wish</strong>!<br></div><div class="spacer battle-history"><br></div><div class="battle-history"><small>Aromatisse restored a little HP using its Leftovers!</small><br></div><div class="spacer battle-history"><br></div><h2 class="battle-history">Turn 12</h2><div class="spacer battle-history"><br></div><div class="battle-history">The opposing Goku used <strong>Psycho Cut</strong>!<br></div><div class="battle-history"><small>(Aromatisse lost <abbr title="−114/351">32.5%</abbr> of its health!)</small><br></div><div class="spacer battle-history"><br></div><div class="battle-history">Aromatisse used <strong>Moonblast</strong>!<br></div><div class="battle-history"><small>It's super effective!</small><br></div><div class="battle-history"><small>(The opposing Goku lost <abbr title="−104/278">37.4%</abbr> of its health!)</small><br></div><div class="spacer battle-history"><br></div><div class="battle-history"><small>Aromatisse's wish came true!</small><br></div><div class="battle-history"><small>Aromatisse restored a little HP using its Leftovers!</small><br></div><div class="spacer battle-history"><br></div><h2 class="battle-history">Turn 13</h2><div class="spacer battle-history"><br></div><div class="battle-history">Aromatisse used <strong>Protect</strong>!<br></div><div class="battle-history"><small>Aromatisse protected itself!</small><br></div><div class="spacer battle-history"><br></div><div class="battle-history">The opposing Goku used <strong>Psycho Cut</strong>!<br></div><div class="battle-history"><small>Aromatisse protected itself!</small><br></div><div class="spacer battle-history"><br></div><div class="battle-history"><small>Aromatisse restored a little HP using its Leftovers!</small><br></div><div class="spacer battle-history"><br></div><h2 class="battle-history">Turn 14</h2><div class="spacer battle-history"><br></div><div class="battle-history">10blast withdrew Goku!<br></div><div class="battle-history">10blast sent out Dat Good Good (<strong>Florges-White</strong>)!<br></div><div class="battle-history"><small>The opposing Dat Good Good is hurt by the spikes!</small><br></div><div class="spacer battle-history"><br></div><div class="battle-history">Aromatisse used <strong>Wish</strong>!<br></div><div class="spacer battle-history"><br></div><div class="battle-history"><small>Aromatisse restored a little HP using its Leftovers!</small><br></div><div class="spacer battle-history"><br></div><h2 class="battle-history">Turn 15</h2><div class="spacer battle-history"><br></div><div class="battle-history">Aromatisse, come back!<br></div><div class="battle-history">Go! <strong>Nidoking</strong>!<br></div><div class="spacer battle-history"><br></div><div class="battle-history">The opposing Dat Good Good used <strong>Wish</strong>!<br></div><div class="spacer battle-history"><br></div><h2 class="battle-history">Turn 16</h2><div class="spacer battle-history"><br></div><div class="battle-history">10blast withdrew Dat Good Good!<br></div><div class="battle-history">10blast sent out Daphnee (<strong>Donphan</strong>)!<br></div><div class="battle-history"><small>The opposing Daphnee is hurt by the spikes!</small><br></div><div class="spacer battle-history"><br></div><div class="battle-history">Nidoking used <strong>Poison Jab</strong>!<br></div><div class="battle-history"><small>It's not very effective...</small><br></div><div class="battle-history"><small>(The opposing Daphnee lost <abbr title="−53/384">13.8%</abbr> of its health!)</small><br></div><div class="battle-history"><small>Nidoking lost some of its HP!</small><br></div><div class="spacer battle-history"><br></div><div class="battle-history"><small>Dat Good Good's wish came true!</small><br></div><div class="battle-history"><small>The opposing Daphnee restored a little HP using its Leftovers!</small><br></div><div class="spacer battle-history"><br></div><h2 class="battle-history">Turn 17</h2><div class="spacer battle-history"><br></div><div class="battle-history">Nidoking used <strong>Ice Punch</strong>!<br></div><div class="battle-history"><small>It's super effective!</small><br></div><div class="battle-history"><small>(The opposing Daphnee lost <abbr title="−130/384">33.9%</abbr> of its health!)</small><br></div><div class="battle-history"><small>Nidoking lost some of its HP!</small><br></div><div class="spacer battle-history"><br></div><div class="battle-history">The opposing Daphnee used <strong>Rapid Spin</strong>!<br></div><div class="battle-history"><small>(Nidoking lost <abbr title="−25/303">8.3%</abbr> of its health!)</small><br></div><div class="battle-history"><small>The spikes disappeared from the ground around the opposing team!</small><br></div><div class="spacer battle-history"><br></div><div class="battle-history"><small>The opposing Daphnee restored a little HP using its Leftovers!</small><br></div><div class="spacer battle-history"><br></div><h2 class="battle-history">Turn 18</h2><div class="spacer battle-history"><br></div><div class="battle-history">Nidoking used <strong>Superpower</strong>!<br></div><div class="battle-history"><small>(The opposing Daphnee lost <abbr title="−116/384">30.2%</abbr> of its health!)</small><br></div><div class="battle-history"><small>Nidoking's Attack fell!</small><br></div><div class="battle-history"><small>Nidoking's Defense fell!</small><br></div><div class="battle-history"><small>Nidoking lost some of its HP!</small><br></div><div class="spacer battle-history"><br></div><div class="battle-history">The opposing Daphnee used <strong>Earthquake</strong>!<br></div><div class="battle-history"><small>It's super effective!</small><br></div><div class="battle-history"><small>A critical hit!</small><br></div><div class="battle-history"><small>(Nidoking lost <abbr title="−188/303">62.0%</abbr> of its health!)</small><br></div><div class="spacer battle-history"><br></div><div class="battle-history">Nidoking fainted!<br></div><div class="spacer battle-history"><br></div><div class="battle-history"><small>The opposing Daphnee restored a little HP using its Leftovers!</small><br></div><div class="spacer battle-history"><br></div><div class="battle-history">Go! <strong>Houndoom</strong>!<br></div><div class="spacer battle-history"><br></div><h2 class="battle-history">Turn 19</h2><div class="spacer battle-history"><br></div><div class="battle-history"><small>Houndoom's Houndoominite is reacting to Ralucavi's Mega Bracelet!</small><br>Houndoom has Mega Evolved into Mega Houndoom!<br></div><div class="spacer battle-history"><br></div><div class="battle-history">Houndoom used <strong>Protect</strong>!<br></div><div class="battle-history"><small>Houndoom protected itself!</small><br></div><div class="spacer battle-history"><br></div><div class="battle-history">The opposing Daphnee used <strong>Stealth Rock</strong>!<br></div><div class="battle-history"><small>Pointed stones float in the air around your team!</small><br></div><div class="spacer battle-history"><br></div><div class="battle-history"><small>The opposing Daphnee restored a little HP using its Leftovers!</small><br></div><div class="spacer battle-history"><br></div><h2 class="battle-history">Turn 20</h2><div class="spacer battle-history"><br></div><div class="battle-history">Houndoom, come back!<br></div><div class="battle-history">Go! <strong>Aromatisse</strong>!<br></div><div class="battle-history"><small>Pointed stones dug into Aromatisse!</small><br></div><div class="spacer battle-history"><br></div><div class="battle-history">The opposing Daphnee used <strong>Earthquake</strong>!<br></div><div class="battle-history"><small>(Aromatisse lost <abbr title="−133/351">37.9%</abbr> of its health!)</small><br></div><div class="spacer battle-history"><br></div><div class="battle-history"><small>The opposing Daphnee restored a little HP using its Leftovers!</small><br></div><div class="battle-history"><small>Aromatisse restored a little HP using its Leftovers!</small><br></div><div class="spacer battle-history"><br></div><h2 class="battle-history">Turn 21</h2><div class="spacer battle-history"><br></div><div class="battle-history">The opposing Daphnee used <strong>Knock Off</strong>!<br></div><div class="battle-history"><small>It's not very effective...</small><br></div><div class="battle-history"><small>(Aromatisse lost <abbr title="−39/351">11.1%</abbr> of its health!)</small><br></div><div class="battle-history"><small>The opposing Daphnee knocked off Aromatisse's Leftovers!</small><br></div><div class="spacer battle-history"><br></div><div class="battle-history">Aromatisse used <strong>Moonblast</strong>!<br></div><div class="battle-history"><small>(The opposing Daphnee lost <abbr title="−169/384">44.0%</abbr> of its health!)</small><br></div><div class="spacer battle-history"><br></div><div class="battle-history">The opposing Daphnee fainted!<br></div><div class="spacer battle-history"><br></div><div class="battle-history">10blast sent out Harambe (<strong>Ambipom</strong>)!<br></div><div class="spacer battle-history"><br></div><h2 class="battle-history">Turn 22</h2><div class="spacer battle-history"><br></div><div class="battle-history">Aromatisse, come back!<br></div><div class="battle-history">Go! <strong>Froslass</strong>!<br></div><div class="battle-history"><small>Pointed stones dug into Froslass!</small><br></div><div class="spacer battle-history"><br></div><div class="battle-history">The opposing Harambe used <strong>Fake Out</strong>!<br></div><div class="battle-history"><small>It doesn't affect Froslass...</small><br></div><div class="spacer battle-history"><br></div><h2 class="battle-history">Turn 23</h2><div class="spacer battle-history"><br></div><div class="battle-history">The opposing Harambe used <strong>U-turn</strong>!<br></div><div class="battle-history"><small>It's not very effective...</small><br></div><div class="battle-history"><small>(Froslass lost <abbr title="−44/344">12.8%</abbr> of its health!)</small><br></div><div class="battle-history"><small>[Froslass's Cursed Body]</small><br><small>The opposing Harambe's U-turn was disabled!</small><br></div><div class="spacer battle-history"><br></div><div class="battle-history">The opposing Harambe went back to 10blast!<br></div><div class="battle-history">10blast sent out Goku (<strong>Gallade</strong>)!<br></div><div class="spacer battle-history"><br></div><div class="battle-history">Froslass used <strong>Destiny Bond</strong>!<br></div><div class="battle-history">Froslass is hoping to take its attacker down with it!<br></div><div class="spacer battle-history"><br></div><h2 class="battle-history">Turn 24</h2><div class="spacer battle-history"><br></div><div class="battle-history">Froslass used <strong>Destiny Bond</strong>!<br></div><div class="battle-history">Froslass is hoping to take its attacker down with it!<br></div><div class="spacer battle-history"><br></div><div class="battle-history">The opposing Goku used <strong>Psycho Cut</strong>!<br></div><div class="battle-history"><small>(Froslass lost <abbr title="−21/344">6.1%</abbr> of its health!)</small><br></div><div class="spacer battle-history"><br></div><div class="battle-history">Froslass fainted!<br></div><div class="battle-history"><small>Froslass took its attacker down with it!</small><br></div><div class="spacer battle-history"><br></div><div class="battle-history">The opposing Goku fainted!<br></div><div class="spacer battle-history"><br></div><div class="battle-history">10blast sent out Harambe (<strong>Ambipom</strong>)!<br></div><div class="spacer battle-history"><br></div><div class="battle-history">Go! <strong>Cobalion</strong>!<br></div><div class="battle-history"><small>Pointed stones dug into Cobalion!</small><br></div><div class="spacer battle-history"><br></div><h2 class="battle-history">Turn 25</h2><div class="spacer battle-history"><br></div><div class="battle-history">The opposing Harambe used <strong>Fake Out</strong>!<br></div><div class="battle-history"><small>It's not very effective...</small><br></div><div class="battle-history"><small>(Cobalion lost <abbr title="−47/324">14.5%</abbr> of its health!)</small><br></div><div class="spacer battle-history"><br></div><div class="battle-history">Cobalion flinched and couldn't move!<br></div><div class="spacer battle-history"><br></div><div class="battle-history"><small>Cobalion restored a little HP using its Leftovers!</small><br></div><div class="spacer battle-history"><br></div><h2 class="battle-history">Turn 26</h2><div class="spacer battle-history"><br></div><div class="battle-history">The opposing Harambe used <strong>U-turn</strong>!<br></div><div class="battle-history"><small>It's not very effective...</small><br></div><div class="battle-history"><small>(Cobalion lost <abbr title="−12/324">3.7%</abbr> of its health!)</small><br></div><div class="spacer battle-history"><br></div><div class="battle-history">The opposing Harambe went back to 10blast!<br></div><div class="battle-history">10blast sent out Yamnigga (<strong>Yanmega</strong>)!<br></div><div class="spacer battle-history"><br></div><div class="battle-history">Cobalion used <strong>Volt Switch</strong>!<br></div><div class="battle-history"><small>It's super effective!</small><br></div><div class="battle-history"><small>(The opposing Yamnigga lost <abbr title="−139/313">44.4%</abbr> of its health!)</small><br></div><div class="spacer battle-history"><br></div><div class="battle-history">The opposing Yamnigga fainted!<br></div><div class="spacer battle-history"><br></div><div class="battle-history">Cobalion went back to Ralucavi!<br></div><div class="battle-history">Go! Houndoom (<strong>Houndoom-Mega</strong>)!<br></div><div class="battle-history"><small>Pointed stones dug into Houndoom!</small><br></div><div class="spacer battle-history"><br></div><div class="battle-history">10blast sent out Dat Good Good (<strong>Florges-White</strong>)!<br></div><div class="spacer battle-history"><br></div><h2 class="battle-history">Turn 27</h2><div class="spacer battle-history"><br></div><div class="battle-history">Houndoom used <strong>Protect</strong>!<br></div><div class="battle-history"><small>Houndoom protected itself!</small><br></div><div class="spacer battle-history"><br></div><div class="battle-history">The opposing Dat Good Good used <strong>Moonblast</strong>!<br></div><div class="battle-history"><small>Houndoom protected itself!</small><br></div><div class="spacer battle-history"><br></div><h2 class="battle-history">Turn 28</h2><div class="spacer battle-history"><br></div><div class="battle-history">Houndoom, come back!<br></div><div class="battle-history">Go! <strong>Aromatisse</strong>!<br></div><div class="battle-history"><small>Pointed stones dug into Aromatisse!</small><br></div><div class="spacer battle-history"><br></div><div class="battle-history">The opposing Dat Good Good used <strong>Moonblast</strong>!<br></div><div class="battle-history"><small>(Aromatisse lost <abbr title="−95/351">27.1%</abbr> of its health!)</small><br></div><div class="spacer battle-history"><br></div><div class="battle-history">Aromatisse fainted!<br></div><div class="spacer battle-history"><br></div><div class="battle-history">Go! <strong>Cobalion</strong>!<br></div><div class="battle-history"><small>Pointed stones dug into Cobalion!</small><br></div><div class="spacer battle-history"><br></div><h2 class="battle-history">Turn 29</h2><div class="spacer battle-history"><br></div><div class="battle-history">10blast withdrew Dat Good Good!<br></div><div class="battle-history">10blast sent out Keiko (<strong>Froslass</strong>)!<br></div><div class="spacer battle-history"><br></div><div class="battle-history">Cobalion used <strong>Iron Head</strong>!<br></div><div class="battle-history"><small>It's super effective!</small><br></div><div class="battle-history"><small>The opposing Keiko hung on using its Focus Sash!</small><br></div><div class="battle-history"><small>(The opposing Keiko lost <abbr title="−281/282">99.6%</abbr> of its health!)</small><br></div><div class="spacer battle-history"><br></div><div class="battle-history"><small>Cobalion restored a little HP using its Leftovers!</small><br></div><div class="spacer battle-history"><br></div><h2 class="battle-history">Turn 30</h2><div class="spacer battle-history"><br></div><div class="battle-history">Cobalion, come back!<br></div><div class="battle-history">Go! Rotom (<strong>Rotom-Mow</strong>)!<br></div><div class="battle-history"><small>Pointed stones dug into Rotom!</small><br></div><div class="spacer battle-history"><br></div><div class="battle-history">The opposing Keiko used <strong>Destiny Bond</strong>!<br></div><div class="battle-history">The opposing Keiko is hoping to take its attacker down with it!<br></div><div class="spacer battle-history"><br></div><div class="battle-history"><small>Rotom restored a little HP using its Leftovers!</small><br></div><div class="spacer battle-history"><br></div><h2 class="battle-history">Turn 31</h2><div class="spacer battle-history"><br></div><div class="battle-history">The opposing Keiko used <strong>Ice Beam</strong>!<br></div><div class="battle-history"><small>It's super effective!</small><br></div><div class="battle-history"><small>(Rotom lost <abbr title="−152/241">63.1%</abbr> of its health!)</small><br></div><div class="spacer battle-history"><br></div><div class="battle-history">Rotom fainted!<br></div><div class="spacer battle-history"><br></div><div class="battle-history">Go! Houndoom (<strong>Houndoom-Mega</strong>)!<br></div><div class="battle-history"><small>Pointed stones dug into Houndoom!</small><br></div><div class="spacer battle-history"><br></div><h2 class="battle-history">Turn 32</h2><div class="spacer battle-history"><br></div><div class="battle-history">10blast withdrew Keiko!<br></div><div class="battle-history">10blast sent out Dat Good Good (<strong>Florges-White</strong>)!<br></div><div class="spacer battle-history"><br></div><div class="battle-history">Houndoom used <strong>Dark Pulse</strong>!<br></div><div class="battle-history"><small>It's not very effective...</small><br></div><div class="battle-history"><small>(The opposing Dat Good Good lost <abbr title="−48/360">13.3%</abbr> of its health!)</small><br></div><div class="spacer battle-history"><br></div><h2 class="battle-history">Turn 33</h2><div class="spacer battle-history"><br></div><div class="battle-history">Houndoom used <strong>Protect</strong>!<br></div><div class="battle-history"><small>Houndoom protected itself!</small><br></div><div class="spacer battle-history"><br></div><div class="battle-history">The opposing Dat Good Good used <strong>Moonblast</strong>!<br></div><div class="battle-history"><small>Houndoom protected itself!</small><br></div><div class="spacer battle-history"><br></div><h2 class="battle-history">Turn 34</h2><div class="spacer battle-history"><br></div><div class="battle-history">Houndoom used <strong>Nasty Plot</strong>!<br></div><div class="battle-history"><small>Houndoom's Special Attack rose sharply!</small><br></div><div class="spacer battle-history"><br></div><div class="battle-history">The opposing Dat Good Good used <strong>Moonblast</strong>!<br></div><div class="battle-history"><small>(Houndoom lost <abbr title="−142/291">48.8%</abbr> of its health!)</small><br></div><div class="spacer battle-history"><br></div><h2 class="battle-history">Turn 35</h2><div class="spacer battle-history"><br></div><div class="battle-history">Houndoom used <strong>Flamethrower</strong>!<br></div><div class="battle-history"><small>(The opposing Dat Good Good lost <abbr title="−144/360">40%</abbr> of its health!)</small><br></div><div class="spacer battle-history"><br></div><div class="battle-history">The opposing Dat Good Good fainted!<br></div><div class="chat chatmessage-ralucavi"><strong style="color:hsl(289,64%,49.52042146183251%)"><small>★</small><span class="username" data-name="Ralucavi">Ralucavi</span>:</strong> <em>gg</em></div><div class="spacer battle-history"><br></div><div class="battle-history">10blast sent out Harambe (<strong>Ambipom</strong>)!<br></div><div class="spacer battle-history"><br></div><h2 class="battle-history">Turn 36</h2><div class="chat chatmessage-10blast"><strong style="color:hsl(159,45%,45.164061557754884%)"><small>★</small><span class="username" data-name="10blast">10blast</span>:</strong> <em>gg</em></div><div class="chat chatmessage-10blast"><strong style="color:hsl(159,45%,45.164061557754884%)"><small>★</small><span class="username" data-name="10blast">10blast</span>:</strong> <em>speed tie</em></div><div class="spacer battle-history"><br></div><div class="battle-history">Houndoom used <strong>Protect</strong>!<br></div><div class="battle-history"><small>Houndoom protected itself!</small><br></div><div class="spacer battle-history"><br></div><div class="battle-history">The opposing Harambe used <strong>Fake Out</strong>!<br></div><div class="battle-history"><small>Houndoom protected itself!</small><br></div><div class="spacer battle-history"><br></div><h2 class="battle-history">Turn 37</h2><div class="spacer battle-history"><br></div><div class="battle-history">Houndoom used <strong>Flamethrower</strong>!<br></div><div class="battle-history"><small>(The opposing Harambe lost <abbr title="−292/292">100%</abbr> of its health!)</small><br></div><div class="spacer battle-history"><br></div><div class="battle-history">The opposing Harambe fainted!<br></div><div class="spacer battle-history"><br></div><div class="battle-history">10blast sent out Keiko (<strong>Froslass</strong>)!<br></div><div class="spacer battle-history"><br></div><h2 class="battle-history">Turn 38</h2><div class="chat chatmessage-10blast"><strong style="color:hsl(159,45%,45.164061557754884%)"><small>★</small><span class="username" data-name="10blast">10blast</span>:</strong> <em>gg</em></div><div class="spacer battle-history"><br></div><div class="battle-history">Houndoom used <strong>Dark Pulse</strong>!<br></div><div class="battle-history"><small>It's super effective!</small><br></div><div class="battle-history"><small>(The opposing Keiko lost <abbr title="−1/282">0.4%</abbr> of its health!)</small><br></div><div class="spacer battle-history"><br></div><div class="battle-history">The opposing Keiko fainted!<br></div><div class="spacer battle-history"><br></div><div class="battle-history"><strong>Ralucavi</strong> won the battle!<br></div><div class="chat">Ralucavi's rating: 1233 → <strong>1254</strong><br>(+21 for winning)</div><div class="chat">10blast's rating: 1183 → <strong>1162</strong><br>(-21 for losing)</div><div class="chat chatmessage-ralucavi"><strong style="color:hsl(289,64%,49.52042146183251%)"><small>★</small><span class="username" data-name="Ralucavi">Ralucavi</span>:</strong> <em>yeah</em></div><div class="chat"><small>10blast left.</small></div></div><div class="inner-preempt"></div></div></div>
</div>
<script>
let daily = Math.floor(Date.now()/1000/60/60/24);document.write('<script src="https://play.pokemonshowdown.com/js/replay-embed.js?version'+daily+'"></'+'script>');
</script>
