<!DOCTYPE html>
<meta charset="utf-8" />
<!-- version 1 -->
<title>UU replay: B agn etMo mb vs. Moltracer</title>
<style>
html,body {font-family:Verdana, sans-serif;font-size:10pt;margin:0;padding:0;}body{padding:12px 0;} .battle-log {font-family:Verdana, sans-serif;font-size:10pt;} .battle-log-inline {border:1px solid #AAAAAA;background:#EEF2F5;color:black;max-width:640px;margin:0 auto 80px;padding-bottom:5px;} .battle-log .inner {padding:4px 8px 0px 8px;} .battle-log .inner-preempt {padding:0 8px 4px 8px;} .battle-log .inner-after {margin-top:0.5em;} .battle-log h2 {margin:0.5em -8px;padding:4px 8px;border:1px solid #AAAAAA;background:#E0E7EA;border-left:0;border-right:0;font-family:Verdana, sans-serif;font-size:13pt;} .battle-log .chat {vertical-align:middle;padding:3px 0 3px 0;font-size:8pt;} .battle-log .chat strong {color:#40576A;} .battle-log .chat em {padding:1px 4px 1px 3px;color:#000000;font-style:normal;} .chat.mine {background:rgba(0,0,0,0.05);margin-left:-8px;margin-right:-8px;padding-left:8px;padding-right:8px;} .spoiler {color:#BBBBBB;background:#BBBBBB;padding:0px 3px;} .spoiler:hover, .spoiler:active, .spoiler-shown {color:#000000;background:#E2E2E2;padding:0px 3px;} .spoiler a {color:#BBBBBB;} .spoiler:hover a, .spoiler:active a, .spoiler-shown a {color:#2288CC;} .chat code, .chat .spoiler:hover code, .chat .spoiler:active code, .chat .spoiler-shown code {border:1px solid #C0C0C0;background:#EEEEEE;color:black;padding:0 2px;} .chat .spoiler code {border:1px solid #CCCCCC;background:#CCCCCC;color:#CCCCCC;} .battle-log .rated {padding:3px 4px;} .battle-log .rated strong {color:white;background:#89A;padding:1px 4px;border-radius:4px;} .spacer {margin-top:0.5em;} .message-announce {background:#6688AA;color:white;padding:1px 4px 2px;} .message-announce a, .broadcast-green a, .broadcast-blue a, .broadcast-red a {color:#DDEEFF;} .broadcast-green {background-color:#559955;color:white;padding:2px 4px;} .broadcast-blue {background-color:#6688AA;color:white;padding:2px 4px;} .infobox {border:1px solid #6688AA;padding:2px 4px;} .infobox-limited {max-height:200px;overflow:auto;overflow-x:hidden;} .broadcast-red {background-color:#AA5544;color:white;padding:2px 4px;} .message-learn-canlearn {font-weight:bold;color:#228822;text-decoration:underline;} .message-learn-cannotlearn {font-weight:bold;color:#CC2222;text-decoration:underline;} .message-effect-weak {font-weight:bold;color:#CC2222;} .message-effect-resist {font-weight:bold;color:#6688AA;} .message-effect-immune {font-weight:bold;color:#666666;} .message-learn-list {margin-top:0;margin-bottom:0;} .message-throttle-notice, .message-error {color:#992222;} .message-overflow, .chat small.message-overflow {font-size:0pt;} .message-overflow::before {font-size:9pt;content:'...';} .subtle {color:#3A4A66;}
</style>
<div class="wrapper replay-wrapper" style="max-width:1180px;margin:0 auto">
<input type="hidden" name="replayid" value="uu-586784745" />
<div class="battle"></div><div class="battle-log"></div><div class="replay-controls"></div><div class="replay-controls-2"></div>
<h1 style="font-weight:normal;text-align:center"><strong>UU</strong><br /><a href="http://pokemonshowdown.com/users/bagnetmomb" class="subtle" target="_blank">B agn etMo mb</a> vs. <a href="http://pokemonshowdown.com/users/moltracer" class="subtle" target="_blank">Moltracer</a></h1>
<script type="text/plain" class="battle-log-data">|j|B agn etMo mb
|j|Moltracer
|player|p1|B agn etMo mb|207
|teamsize|p1|6
|player|p2|Moltracer|285
|teamsize|p2|6
|gametype|singles
|gen|6
|tier|UU
|seed|11019,22437,21807,65142
|rule|Sleep Clause Mod: Limit one foe put to sleep
|rule|Species Clause: Limit one of each Pokémon
|rule|OHKO Clause: OHKO moves are banned
|rule|Moody Clause: Moody is banned
|rule|Evasion Moves Clause: Evasion moves are banned
|rule|Endless Battle Clause: Forcing endless battles is banned
|rule|HP Percentage Mod: HP is shown in percentages
|clearpoke
|poke|p1|Rotom-Mow|item
|poke|p1|Toxicroak, M|item
|poke|p1|Mandibuzz, F|item
|poke|p1|Escavalier, M|item
|poke|p1|Swampert, F|item
|poke|p1|Florges-Yellow, F|item
|poke|p2|Sceptile, M|item
|poke|p2|Registeel|item
|poke|p2|Arcanine, F|item
|poke|p2|Gyarados, M|item
|poke|p2|Sylveon, F|item
|poke|p2|Krookodile, M|item
|rule|Swagger Clause: Swagger is banned
|rule|Baton Pass Clause: Limit one Baton Passer, can't pass Spe and other stats simultaneously
|teampreview
|inactive|Battle timer is ON: inactive players will automatically lose when time's up. (requested by Moltracer)
|j|LearningHow2play
|choice|team 1, team 2, team 3, team 4, team 5, team 6|team 1, team 2, team 3, team 4, team 5, team 6
|
|start
|switch|p1a: Rotom|Rotom-Mow|241\/241
|switch|p2a: Sceptile|Sceptile, M|281\/281
|turn|1
|choice|move hiddenpower|move substitute mega
|
|detailschange|p2a: Sceptile|Sceptile-Mega, M
|-mega|p2a: Sceptile|Sceptile|Sceptilite
|move|p2a: Sceptile|Substitute|p2a: Sceptile
|-start|p2a: Sceptile|Substitute
|-damage|p2a: Sceptile|211\/281
|move|p1a: Rotom|Hidden Power|p2a: Sceptile
|-supereffective|p2a: Sceptile
|-end|p2a: Sceptile|Substitute
|
|upkeep
|turn|2
|choice|switch 5|move substitute
|
|switch|p1a: Swampert|Swampert, F|341\/341
|move|p2a: Sceptile|Substitute|p2a: Sceptile
|-start|p2a: Sceptile|Substitute
|-damage|p2a: Sceptile|141\/281
|
|upkeep
|turn|3
|choice|switch 5|move gigadrain
|
|switch|p1a: Rotom|Rotom-Mow|241\/241
|move|p2a: Sceptile|Giga Drain|p1a: Rotom
|-resisted|p1a: Rotom
|-crit|p1a: Rotom
|-damage|p1a: Rotom|137\/241
|-heal|p2a: Sceptile|193\/281|[from] drain|[of] p1a: Rotom
|
|upkeep
|turn|4
|choice|move hiddenpower|move dragonpulse
|
|move|p2a: Sceptile|Dragon Pulse|p1a: Rotom
|-damage|p1a: Rotom|0 fnt
|faint|p1a: Rotom
|
|upkeep
|choice|switch 6|
|
|switch|p1a: Florges|Florges-Yellow, F|360\/360
|turn|5
|choice|move moonblast|move gigadrain
|
|move|p2a: Sceptile|Giga Drain|p1a: Florges
|-damage|p1a: Florges|252\/360
|-heal|p2a: Sceptile|247\/281|[from] drain|[of] p1a: Florges
|move|p1a: Florges|Moonblast|p2a: Sceptile
|-supereffective|p2a: Sceptile
|-end|p2a: Sceptile|Substitute
|
|-heal|p1a: Florges|274\/360|[from] item: Leftovers
|upkeep
|turn|6
|choice|move moonblast|switch 2
|
|switch|p2a: Registeel|Registeel|364\/364
|move|p1a: Florges|Moonblast|p2a: Registeel
|-resisted|p2a: Registeel
|-damage|p2a: Registeel|333\/364
|
|-heal|p1a: Florges|296\/360|[from] item: Leftovers
|-heal|p2a: Registeel|355\/364|[from] item: Leftovers
|upkeep
|turn|7
|choice|switch 5|move thunderwave
|
|switch|p1a: Swampert|Swampert, F|341\/341
|move|p2a: Registeel|Thunder Wave|p1a: Swampert
|-immune|p1a: Swampert|[msg]
|
|-heal|p2a: Registeel|364\/364|[from] item: Leftovers
|upkeep
|turn|8
|choice|move raindance|switch 2
|
|switch|p2a: Sceptile|Sceptile-Mega, M|247\/281
|move|p1a: Swampert|Rain Dance|p1a: Swampert
|-weather|RainDance
|
|-weather|RainDance|[upkeep]
|upkeep
|turn|9
|choice|move icepunch mega|switch 4
|
|switch|p2a: Gyarados|Gyarados, M|331\/331
|-ability|p2a: Gyarados|Intimidate|boost
|-unboost|p1a: Swampert|atk|1
|detailschange|p1a: Swampert|Swampert-Mega, F
|-mega|p1a: Swampert|Swampert|Swampertite
|move|p1a: Swampert|Ice Punch|p2a: Gyarados
|-damage|p2a: Gyarados|245\/331
|-status|p2a: Gyarados|frz
|
|-weather|RainDance|[upkeep]
|-heal|p2a: Gyarados|265\/331 frz|[from] item: Leftovers
|upkeep
|turn|10
|choice|switch 2|move dragondance
|
|switch|p1a: Toxicrunk|Toxicroak, M|308\/308
|cant|p2a: Gyarados|frz
|
|-weather|RainDance|[upkeep]
|-heal|p2a: Gyarados|285\/331 frz|[from] item: Leftovers
|upkeep
|turn|11
|choice|move nastyplot|move bounce
|
|move|p1a: Toxicrunk|Nasty Plot|p1a: Toxicrunk
|-boost|p1a: Toxicrunk|spa|2
|cant|p2a: Gyarados|frz
|
|-weather|RainDance|[upkeep]
|-heal|p2a: Gyarados|305\/331 frz|[from] item: Leftovers
|upkeep
|turn|12
|choice|move nastyplot|move bounce
|
|move|p1a: Toxicrunk|Nasty Plot|p1a: Toxicrunk
|-boost|p1a: Toxicrunk|spa|2
|cant|p2a: Gyarados|frz
|
|-weather|none
|-heal|p2a: Gyarados|325\/331 frz|[from] item: Leftovers
|upkeep
|turn|13
|choice|move nastyplot|move bounce
|
|move|p1a: Toxicrunk|Nasty Plot|p1a: Toxicrunk
|-boost|p1a: Toxicrunk|spa|2
|cant|p2a: Gyarados|frz
|
|-heal|p2a: Gyarados|331\/331 frz|[from] item: Leftovers
|upkeep
|turn|14
|c|☆Moltracer|sigh
|choice|move focusblast|move bounce
|
|move|p1a: Toxicrunk|Focus Blast|p2a: Gyarados
|-resisted|p2a: Gyarados
|-damage|p2a: Gyarados|9\/331 frz
|-unboost|p2a: Gyarados|spd|1
|cant|p2a: Gyarados|frz
|
|-heal|p2a: Gyarados|29\/331 frz|[from] item: Leftovers
|upkeep
|turn|15
|c|☆Moltracer|5 turns
|choice|move focusblast|move bounce
|
|move|p1a: Toxicrunk|Focus Blast|p2a: Gyarados|[miss]
|-miss|p1a: Toxicrunk|p2a: Gyarados
|cant|p2a: Gyarados|frz
|
|-heal|p2a: Gyarados|49\/331 frz|[from] item: Leftovers
|upkeep
|turn|16
|c|☆Moltracer|6 turn
|choice|move focusblast|move bounce
|
|move|p1a: Toxicrunk|Focus Blast|p2a: Gyarados
|-resisted|p2a: Gyarados
|-damage|p2a: Gyarados|0 fnt
|faint|p2a: Gyarados
|
|upkeep
|c|☆B agn etMo mb|ouch
|choice||switch 3
|
|switch|p2a: Arcanine|Arcanine, F|384\/384
|-ability|p2a: Arcanine|Intimidate|boost
|-unboost|p1a: Toxicrunk|atk|1
|turn|17
|choice|move endure|move extremespeed
|
|move|p1a: Toxicrunk|Endure|p1a: Toxicrunk
|-singleturn|p1a: Toxicrunk|move: Endure
|move|p2a: Arcanine|Extreme Speed|p1a: Toxicrunk
|-damage|p1a: Toxicrunk|206\/308
|
|upkeep
|turn|18
|choice|move endure|move extremespeed
|
|move|p1a: Toxicrunk|Endure|p1a: Toxicrunk
|-fail|p1a: Toxicrunk
|move|p2a: Arcanine|Extreme Speed|p1a: Toxicrunk
|-damage|p1a: Toxicrunk|101\/308
|
|upkeep
|turn|19
|choice|move endure|move extremespeed
|
|move|p1a: Toxicrunk|Endure|p1a: Toxicrunk
|-singleturn|p1a: Toxicrunk|move: Endure
|move|p2a: Arcanine|Extreme Speed|p1a: Toxicrunk
|-activate|p1a: Toxicrunk|move: Endure
|-damage|p1a: Toxicrunk|1\/308
|-enditem|p1a: Toxicrunk|Salac Berry|[eat]
|-boost|p1a: Toxicrunk|spe|1
|
|upkeep
|turn|20
|c|☆B agn etMo mb|eh
|choice|move belch|move extremespeed
|
|move|p2a: Arcanine|Extreme Speed|p1a: Toxicrunk
|-damage|p1a: Toxicrunk|0 fnt
|faint|p1a: Toxicrunk
|
|upkeep
|choice|switch 4|
|
|switch|p1a: Escavalier|Escavalier, M|343\/343
|turn|21
|choice|switch 2|move flareblitz
|
|switch|p1a: Swampert|Swampert-Mega, F|341\/341
|move|p2a: Arcanine|Flare Blitz|p1a: Swampert
|-resisted|p1a: Swampert
|-damage|p1a: Swampert|269\/341
|-damage|p2a: Arcanine|360\/384|[from] Recoil|[of] p1a: Swampert
|
|-heal|p2a: Arcanine|384\/384|[from] item: Leftovers
|upkeep
|turn|22
|c|☆B agn etMo mb|dunno what I'm doing
|c|☆B agn etMo mb|you deserve the win at this point
|choice|move raindance|move willowisp
|
|move|p1a: Swampert|Rain Dance|p1a: Swampert
|-weather|RainDance
|move|p2a: Arcanine|Will-O-Wisp|p1a: Swampert|[miss]
|-miss|p2a: Arcanine|p1a: Swampert
|
|-weather|RainDance|[upkeep]
|upkeep
|turn|23
|c|☆Moltracer|sigh
|choice|move earthquake|move willowisp
|
|move|p1a: Swampert|Earthquake|p2a: Arcanine
|-supereffective|p2a: Arcanine
|-damage|p2a: Arcanine|10\/384
|move|p2a: Arcanine|Will-O-Wisp|p1a: Swampert|[miss]
|-miss|p2a: Arcanine|p1a: Swampert
|
|-weather|RainDance|[upkeep]
|-heal|p2a: Arcanine|34\/384|[from] item: Leftovers
|upkeep
|turn|24
|c|☆Moltracer|...
|c|☆B agn etMo mb|w o w
|choice|move icepunch|move extremespeed
|
|move|p2a: Arcanine|Extreme Speed|p1a: Swampert
|-damage|p1a: Swampert|209\/341
|move|p1a: Swampert|Ice Punch|p2a: Arcanine
|-resisted|p2a: Arcanine
|-damage|p2a: Arcanine|0 fnt
|faint|p2a: Arcanine
|
|-weather|RainDance|[upkeep]
|upkeep
|choice||switch 5
|
|switch|p2a: Sylveon|Sylveon, F|331\/331
|turn|25
|choice|move waterfall|move hypervoice
|
|move|p1a: Swampert|Waterfall|p2a: Sylveon
|-damage|p2a: Sylveon|0 fnt
|faint|p2a: Sylveon
|
|-weather|RainDance|[upkeep]
|upkeep
|choice||switch 2
|
|switch|p2a: Registeel|Registeel|364\/364
|turn|26
|choice|move earthquake|move ironhead
|
|move|p1a: Swampert|Earthquake|p2a: Registeel
|-supereffective|p2a: Registeel
|-damage|p2a: Registeel|50\/364
|move|p2a: Registeel|Iron Head|p1a: Swampert
|-resisted|p1a: Swampert
|-damage|p1a: Swampert|176\/341
|
|-weather|none
|-heal|p2a: Registeel|72\/364|[from] item: Leftovers
|upkeep
|turn|27
|choice|move waterfall|switch 4
|
|switch|p2a: Sceptile|Sceptile-Mega, M|247\/281
|move|p1a: Swampert|Waterfall|p2a: Sceptile
|-resisted|p2a: Sceptile
|-crit|p2a: Sceptile
|-damage|p2a: Sceptile|168\/281
|
|upkeep
|turn|28
|choice|switch 2|move gigadrain
|
|switch|p1a: Escavalier|Escavalier, M|343\/343
|move|p2a: Sceptile|Giga Drain|p1a: Escavalier
|-resisted|p1a: Escavalier
|-damage|p1a: Escavalier|321\/343
|-heal|p2a: Sceptile|179\/281|[from] drain|[of] p1a: Escavalier
|
|upkeep
|turn|29
|choice|move megahorn|switch 4
|
|switch|p2a: Registeel|Registeel|72\/364
|move|p1a: Escavalier|Megahorn|p2a: Registeel
|-resisted|p2a: Registeel
|-damage|p2a: Registeel|0 fnt
|faint|p2a: Registeel
|
|upkeep
|choice||switch 6
|
|switch|p2a: Krookodile|Krookodile, M|331\/331
|-ability|p2a: Krookodile|Intimidate|boost
|-unboost|p1a: Escavalier|atk|1
|turn|30
|choice|switch 3|move knockoff
|
|switch|p1a: Mandibuzz|Mandibuzz, F|421\/421
|move|p2a: Krookodile|Knock Off|p1a: Mandibuzz
|-resisted|p1a: Mandibuzz
|-damage|p1a: Mandibuzz|334\/421
|-enditem|p1a: Mandibuzz|Leftovers|[from] move: Knock Off|[of] p2a: Krookodile
|
|upkeep
|turn|31
|choice|move taunt|switch 4
|
|switch|p2a: Sceptile|Sceptile-Mega, M|179\/281
|move|p1a: Mandibuzz|Taunt|p2a: Sceptile
|-start|p2a: Sceptile|move: Taunt
|
|upkeep
|turn|32
|c|☆Moltracer|this game was such bullshit
|choice|switch 3|move dragonpulse
|
|switch|p1a: Escavalier|Escavalier, M|321\/343
|move|p2a: Sceptile|Dragon Pulse|p1a: Escavalier
|-resisted|p1a: Escavalier
|-damage|p1a: Escavalier|267\/343
|
|upkeep
|turn|33
|choice|move megahorn|move focusblast
|
|move|p2a: Sceptile|Focus Blast|p1a: Escavalier|[miss]
|-miss|p2a: Sceptile|p1a: Escavalier
|move|p1a: Escavalier|Megahorn|p2a: Sceptile
|-supereffective|p2a: Sceptile
|-damage|p2a: Sceptile|0 fnt
|faint|p2a: Sceptile
|
|upkeep
|choice||switch 4
|
|switch|p2a: Krookodile|Krookodile, M|331\/331
|-ability|p2a: Krookodile|Intimidate|boost
|-unboost|p1a: Escavalier|atk|1
|turn|34
|c|☆B agn etMo mb|dwag
|c|☆B agn etMo mb|dawg
|choice|switch 3|move stoneedge
|
|switch|p1a: Mandibuzz|Mandibuzz, F|334\/421
|move|p2a: Krookodile|Stone Edge|p1a: Mandibuzz
|-supereffective|p1a: Mandibuzz
|-crit|p1a: Mandibuzz
|-damage|p1a: Mandibuzz|0 fnt
|faint|p1a: Mandibuzz
|
|upkeep
|choice|switch 3|
|
|switch|p1a: Escavalier|Escavalier, M|267\/343
|turn|35
|choice|move megahorn|move stoneedge
|
|move|p2a: Krookodile|Stone Edge|p1a: Escavalier
|-damage|p1a: Escavalier|107\/343
|move|p1a: Escavalier|Megahorn|p2a: Krookodile
|-supereffective|p2a: Krookodile
|-damage|p2a: Krookodile|0 fnt
|faint|p2a: Krookodile
|
|win|B agn etMo mb
|c|☆Moltracer|sigh
|c|☆B agn etMo mb|so that happened</script>
</div>
<div class="battle-log battle-log-inline"><div class="inner"><div class="battle-options"></div><div class="inner"><div class="chat"><small>B agn etMo mb joined.</small></div><div class="chat"><small>Moltracer joined.</small></div><div class=""><small>Format:</small> <br><strong>UU</strong></div><div class=""><small><em>Sleep Clause Mod:</em> Limit one foe put to sleep</small></div><div class=""><small><em>Species Clause:</em> Limit one of each Pokémon</small></div><div class=""><small><em>OHKO Clause:</em> OHKO moves are banned</small></div><div class=""><small><em>Moody Clause:</em> Moody is banned</small></div><div class=""><small><em>Evasion Moves Clause:</em> Evasion moves are banned</small></div><div class=""><small><em>Endless Battle Clause:</em> Forcing endless battles is banned</small></div><div class=""><small><em>HP Percentage Mod:</em> HP is shown in percentages</small></div><div class=""><small><em>Swagger Clause:</em> Swagger is banned</small></div><div class=""><small><em>Baton Pass Clause:</em> Limit one Baton Passer, can't pass Spe and other stats simultaneously</small></div><div class="chat battle-history"><strong>B agn etMo mb's team:</strong> <em style="color:#445566;display:block;">Rotom-Mow / Toxicroak / Mandibuzz / Escavalier / Swampert / Florges-Yellow</em></div><div class="chat battle-history"><strong>Moltracer's team:</strong> <em style="color:#445566;display:block;">Sceptile / Registeel / Arcanine / Gyarados / Sylveon / Krookodile</em></div><div class="chat message-error">Battle timer is ON: inactive players will automatically lose when time's up. (requested by Moltracer)</div><div class="chat"><small>LearningHow2play joined.</small></div><div class="spacer battle-history"><br></div><div class="battle-history">Battle started between B agn etMo mb and Moltracer!<br></div><div class="spacer battle-history"><br></div><div class="battle-history">Go! Rotom (<strong>Rotom-Mow</strong>)!<br></div><div class="spacer battle-history"><br></div><div class="battle-history">Moltracer sent out <strong>Sceptile</strong>!<br></div><div class="spacer battle-history"><br></div><h2 class="battle-history">Turn 1</h2><div class="spacer battle-history"><br></div><div class="battle-history"><small>The opposing Sceptile's Sceptilite is reacting to Moltracer's Mega Bracelet!</small><br>The opposing Sceptile has Mega Evolved into Mega Sceptile!<br></div><div class="spacer battle-history"><br></div><div class="battle-history">The opposing Sceptile used <strong>Substitute</strong>!<br></div><div class="battle-history"><small>The opposing Sceptile put in a substitute!</small><br></div><div class="battle-history"><small>(The opposing Sceptile lost <abbr title="−70/281">24.9%</abbr> of its health!)</small><br></div><div class="spacer battle-history"><br></div><div class="battle-history">Rotom used <strong>Hidden Power</strong>!<br></div><div class="battle-history"><small>It's super effective!</small><br></div><div class="battle-history"><small>The opposing Sceptile's substitute faded!</small><br></div><div class="spacer battle-history"><br></div><h2 class="battle-history">Turn 2</h2><div class="spacer battle-history"><br></div><div class="battle-history">Rotom, come back!<br></div><div class="battle-history">Go! <strong>Swampert</strong>!<br></div><div class="spacer battle-history"><br></div><div class="battle-history">The opposing Sceptile used <strong>Substitute</strong>!<br></div><div class="battle-history"><small>The opposing Sceptile put in a substitute!</small><br></div><div class="battle-history"><small>(The opposing Sceptile lost <abbr title="−70/281">24.9%</abbr> of its health!)</small><br></div><div class="spacer battle-history"><br></div><h2 class="battle-history">Turn 3</h2><div class="spacer battle-history"><br></div><div class="battle-history">Swampert, come back!<br></div><div class="battle-history">Go! Rotom (<strong>Rotom-Mow</strong>)!<br></div><div class="spacer battle-history"><br></div><div class="battle-history">The opposing Sceptile used <strong>Giga Drain</strong>!<br></div><div class="battle-history"><small>It's not very effective...</small><br></div><div class="battle-history"><small>A critical hit!</small><br></div><div class="battle-history"><small>(Rotom lost <abbr title="−104/241">43.2%</abbr> of its health!)</small><br></div><div class="battle-history"><small>Rotom had its energy drained!</small><br></div><div class="spacer battle-history"><br></div><h2 class="battle-history">Turn 4</h2><div class="spacer battle-history"><br></div><div class="battle-history">The opposing Sceptile used <strong>Dragon Pulse</strong>!<br></div><div class="battle-history"><small>(Rotom lost <abbr title="−137/241">56.8%</abbr> of its health!)</small><br></div><div class="spacer battle-history"><br></div><div class="battle-history">Rotom fainted!<br></div><div class="spacer battle-history"><br></div><div class="battle-history">Go! Florges (<strong>Florges-Yellow</strong>)!<br></div><div class="spacer battle-history"><br></div><h2 class="battle-history">Turn 5</h2><div class="spacer battle-history"><br></div><div class="battle-history">The opposing Sceptile used <strong>Giga Drain</strong>!<br></div><div class="battle-history"><small>(Florges lost <abbr title="−108/360">30%</abbr> of its health!)</small><br></div><div class="battle-history"><small>Florges had its energy drained!</small><br></div><div class="spacer battle-history"><br></div><div class="battle-history">Florges used <strong>Moonblast</strong>!<br></div><div class="battle-history"><small>It's super effective!</small><br></div><div class="battle-history"><small>The opposing Sceptile's substitute faded!</small><br></div><div class="spacer battle-history"><br></div><div class="battle-history"><small>Florges restored a little HP using its Leftovers!</small><br></div><div class="spacer battle-history"><br></div><h2 class="battle-history">Turn 6</h2><div class="spacer battle-history"><br></div><div class="battle-history">Moltracer withdrew Sceptile!<br></div><div class="battle-history">Moltracer sent out <strong>Registeel</strong>!<br></div><div class="spacer battle-history"><br></div><div class="battle-history">Florges used <strong>Moonblast</strong>!<br></div><div class="battle-history"><small>It's not very effective...</small><br></div><div class="battle-history"><small>(The opposing Registeel lost <abbr title="−31/364">8.5%</abbr> of its health!)</small><br></div><div class="spacer battle-history"><br></div><div class="battle-history"><small>Florges restored a little HP using its Leftovers!</small><br></div><div class="battle-history"><small>The opposing Registeel restored a little HP using its Leftovers!</small><br></div><div class="spacer battle-history"><br></div><h2 class="battle-history">Turn 7</h2><div class="spacer battle-history"><br></div><div class="battle-history">Florges, come back!<br></div><div class="battle-history">Go! <strong>Swampert</strong>!<br></div><div class="spacer battle-history"><br></div><div class="battle-history">The opposing Registeel used <strong>Thunder Wave</strong>!<br></div><div class="battle-history"><small>It doesn't affect Swampert...</small><br></div><div class="spacer battle-history"><br></div><div class="battle-history"><small>The opposing Registeel restored a little HP using its Leftovers!</small><br></div><div class="spacer battle-history"><br></div><h2 class="battle-history">Turn 8</h2><div class="spacer battle-history"><br></div><div class="battle-history">Moltracer withdrew Registeel!<br></div><div class="battle-history">Moltracer sent out Sceptile (<strong>Sceptile-Mega</strong>)!<br></div><div class="spacer battle-history"><br></div><div class="battle-history">Swampert used <strong>Rain Dance</strong>!<br></div><div class="battle-history"><small>It started to rain!</small><br></div><div class="spacer battle-history"><br></div><div class="battle-history"><small>(Rain continues to fall!)</small><br></div><div class="spacer battle-history"><br></div><h2 class="battle-history">Turn 9</h2><div class="spacer battle-history"><br></div><div class="battle-history">Moltracer withdrew Sceptile!<br></div><div class="battle-history">Moltracer sent out <strong>Gyarados</strong>!<br></div><div class="battle-history"><small>[The opposing Gyarados's Intimidate]</small><br></div><div class="battle-history"><small>Swampert's Attack fell!</small><br></div><div class="spacer battle-history"><br></div><div class="battle-history"><small>Swampert's Swampertite is reacting to B agn etMo mb's Mega Bracelet!</small><br>Swampert has Mega Evolved into Mega Swampert!<br></div><div class="spacer battle-history"><br></div><div class="battle-history">Swampert used <strong>Ice Punch</strong>!<br></div><div class="battle-history"><small>(The opposing Gyarados lost <abbr title="−86/331">26.0%</abbr> of its health!)</small><br></div><div class="battle-history"><small>The opposing Gyarados was frozen solid!</small><br></div><div class="spacer battle-history"><br></div><div class="battle-history"><small>(Rain continues to fall!)</small><br></div><div class="battle-history"><small>The opposing Gyarados restored a little HP using its Leftovers!</small><br></div><div class="spacer battle-history"><br></div><h2 class="battle-history">Turn 10</h2><div class="spacer battle-history"><br></div><div class="battle-history">Swampert, come back!<br></div><div class="battle-history">Go! Toxicrunk (<strong>Toxicroak</strong>)!<br></div><div class="spacer battle-history"><br></div><div class="battle-history">The opposing Gyarados is frozen solid!<br></div><div class="spacer battle-history"><br></div><div class="battle-history"><small>(Rain continues to fall!)</small><br></div><div class="battle-history"><small>The opposing Gyarados restored a little HP using its Leftovers!</small><br></div><div class="spacer battle-history"><br></div><h2 class="battle-history">Turn 11</h2><div class="spacer battle-history"><br></div><div class="battle-history">Toxicrunk used <strong>Nasty Plot</strong>!<br></div><div class="battle-history"><small>Toxicrunk's Special Attack rose sharply!</small><br></div><div class="spacer battle-history"><br></div><div class="battle-history">The opposing Gyarados is frozen solid!<br></div><div class="spacer battle-history"><br></div><div class="battle-history"><small>(Rain continues to fall!)</small><br></div><div class="battle-history"><small>The opposing Gyarados restored a little HP using its Leftovers!</small><br></div><div class="spacer battle-history"><br></div><h2 class="battle-history">Turn 12</h2><div class="spacer battle-history"><br></div><div class="battle-history">Toxicrunk used <strong>Nasty Plot</strong>!<br></div><div class="battle-history"><small>Toxicrunk's Special Attack rose sharply!</small><br></div><div class="spacer battle-history"><br></div><div class="battle-history">The opposing Gyarados is frozen solid!<br></div><div class="spacer battle-history"><br></div><div class="battle-history"><small>The rain stopped.</small><br></div><div class="battle-history"><small>The opposing Gyarados restored a little HP using its Leftovers!</small><br></div><div class="spacer battle-history"><br></div><h2 class="battle-history">Turn 13</h2><div class="spacer battle-history"><br></div><div class="battle-history">Toxicrunk used <strong>Nasty Plot</strong>!<br></div><div class="battle-history"><small>Toxicrunk's Special Attack rose sharply!</small><br></div><div class="spacer battle-history"><br></div><div class="battle-history">The opposing Gyarados is frozen solid!<br></div><div class="spacer battle-history"><br></div><div class="battle-history"><small>The opposing Gyarados restored a little HP using its Leftovers!</small><br></div><div class="spacer battle-history"><br></div><h2 class="battle-history">Turn 14</h2><div class="chat chatmessage-moltracer"><strong style="color:hsl(318,85%,40.525267416715636%)"><small>☆</small><span class="username" data-name="Moltracer">Moltracer</span>:</strong> <em>sigh</em></div><div class="spacer battle-history"><br></div><div class="battle-history">Toxicrunk used <strong>Focus Blast</strong>!<br></div><div class="battle-history"><small>It's not very effective...</small><br></div><div class="battle-history"><small>(The opposing Gyarados lost <abbr title="−322/331">97.3%</abbr> of its health!)</small><br></div><div class="battle-history"><small>The opposing Gyarados's Special Defense fell!</small><br></div><div class="spacer battle-history"><br></div><div class="battle-history">The opposing Gyarados is frozen solid!<br></div><div class="spacer battle-history"><br></div><div class="battle-history"><small>The opposing Gyarados restored a little HP using its Leftovers!</small><br></div><div class="spacer battle-history"><br></div><h2 class="battle-history">Turn 15</h2><div class="chat chatmessage-moltracer"><strong style="color:hsl(318,85%,40.525267416715636%)"><small>☆</small><span class="username" data-name="Moltracer">Moltracer</span>:</strong> <em>5 turns</em></div><div class="spacer battle-history"><br></div><div class="battle-history">Toxicrunk used <strong>Focus Blast</strong>!<br></div><div class="battle-history"><small>The opposing Gyarados avoided the attack!</small><br></div><div class="spacer battle-history"><br></div><div class="battle-history">The opposing Gyarados is frozen solid!<br></div><div class="spacer battle-history"><br></div><div class="battle-history"><small>The opposing Gyarados restored a little HP using its Leftovers!</small><br></div><div class="spacer battle-history"><br></div><h2 class="battle-history">Turn 16</h2><div class="chat chatmessage-moltracer"><strong style="color:hsl(318,85%,40.525267416715636%)"><small>☆</small><span class="username" data-name="Moltracer">Moltracer</span>:</strong> <em>6 turn</em></div><div class="spacer battle-history"><br></div><div class="battle-history">Toxicrunk used <strong>Focus Blast</strong>!<br></div><div class="battle-history"><small>It's not very effective...</small><br></div><div class="battle-history"><small>(The opposing Gyarados lost <abbr title="−49/331">14.8%</abbr> of its health!)</small><br></div><div class="spacer battle-history"><br></div><div class="battle-history">The opposing Gyarados fainted!<br></div><div class="chat chatmessage-bagnetmomb"><strong style="color:hsl(78,43%,42%)"><small>☆</small><span class="username" data-name="B agn etMo mb">B agn etMo mb</span>:</strong> <em>ouch</em></div><div class="spacer battle-history"><br></div><div class="battle-history">Moltracer sent out <strong>Arcanine</strong>!<br></div><div class="battle-history"><small>[The opposing Arcanine's Intimidate]</small><br></div><div class="battle-history"><small>Toxicrunk's Attack fell!</small><br></div><div class="spacer battle-history"><br></div><h2 class="battle-history">Turn 17</h2><div class="spacer battle-history"><br></div><div class="battle-history">Toxicrunk used <strong>Endure</strong>!<br></div><div class="battle-history"><small>Toxicrunk braced itself!</small><br></div><div class="spacer battle-history"><br></div><div class="battle-history">The opposing Arcanine used <strong>Extreme Speed</strong>!<br></div><div class="battle-history"><small>(Toxicrunk lost <abbr title="−102/308">33.1%</abbr> of its health!)</small><br></div><div class="spacer battle-history"><br></div><h2 class="battle-history">Turn 18</h2><div class="spacer battle-history"><br></div><div class="battle-history">Toxicrunk used <strong>Endure</strong>!<br></div><div class="battle-history"><small>But it failed!</small><br></div><div class="spacer battle-history"><br></div><div class="battle-history">The opposing Arcanine used <strong>Extreme Speed</strong>!<br></div><div class="battle-history"><small>(Toxicrunk lost <abbr title="−105/308">34.1%</abbr> of its health!)</small><br></div><div class="spacer battle-history"><br></div><h2 class="battle-history">Turn 19</h2><div class="spacer battle-history"><br></div><div class="battle-history">Toxicrunk used <strong>Endure</strong>!<br></div><div class="battle-history"><small>Toxicrunk braced itself!</small><br></div><div class="spacer battle-history"><br></div><div class="battle-history">The opposing Arcanine used <strong>Extreme Speed</strong>!<br></div><div class="battle-history"><small>Toxicrunk endured the hit!</small><br></div><div class="battle-history"><small>(Toxicrunk lost <abbr title="−100/308">32.5%</abbr> of its health!)</small><br></div><div class="battle-history"><small>Toxicrunk ate its Salac Berry!</small><br></div><div class="battle-history"><small>Toxicrunk's Speed rose!</small><br></div><div class="spacer battle-history"><br></div><h2 class="battle-history">Turn 20</h2><div class="chat chatmessage-bagnetmomb"><strong style="color:hsl(78,43%,42%)"><small>☆</small><span class="username" data-name="B agn etMo mb">B agn etMo mb</span>:</strong> <em>eh</em></div><div class="spacer battle-history"><br></div><div class="battle-history">The opposing Arcanine used <strong>Extreme Speed</strong>!<br></div><div class="battle-history"><small>(Toxicrunk lost <abbr title="−1/308">0.3%</abbr> of its health!)</small><br></div><div class="spacer battle-history"><br></div><div class="battle-history">Toxicrunk fainted!<br></div><div class="spacer battle-history"><br></div><div class="battle-history">Go! <strong>Escavalier</strong>!<br></div><div class="spacer battle-history"><br></div><h2 class="battle-history">Turn 21</h2><div class="spacer battle-history"><br></div><div class="battle-history">Escavalier, come back!<br></div><div class="battle-history">Go! Swampert (<strong>Swampert-Mega</strong>)!<br></div><div class="spacer battle-history"><br></div><div class="battle-history">The opposing Arcanine used <strong>Flare Blitz</strong>!<br></div><div class="battle-history"><small>It's not very effective...</small><br></div><div class="battle-history"><small>(Swampert lost <abbr title="−72/341">21.1%</abbr> of its health!)</small><br></div><div class="battle-history"><small>The opposing Arcanine is damaged by the recoil!</small><br></div><div class="spacer battle-history"><br></div><div class="battle-history"><small>The opposing Arcanine restored a little HP using its Leftovers!</small><br></div><div class="spacer battle-history"><br></div><h2 class="battle-history">Turn 22</h2><div class="chat chatmessage-bagnetmomb"><strong style="color:hsl(78,43%,42%)"><small>☆</small><span class="username" data-name="B agn etMo mb">B agn etMo mb</span>:</strong> <em>dunno what I'm doing</em></div><div class="chat chatmessage-bagnetmomb"><strong style="color:hsl(78,43%,42%)"><small>☆</small><span class="username" data-name="B agn etMo mb">B agn etMo mb</span>:</strong> <em>you deserve the win at this point</em></div><div class="spacer battle-history"><br></div><div class="battle-history">Swampert used <strong>Rain Dance</strong>!<br></div><div class="battle-history"><small>It started to rain!</small><br></div><div class="spacer battle-history"><br></div><div class="battle-history">The opposing Arcanine used <strong>Will-O-Wisp</strong>!<br></div><div class="battle-history"><small>Swampert avoided the attack!</small><br></div><div class="spacer battle-history"><br></div><div class="battle-history"><small>(Rain continues to fall!)</small><br></div><div class="spacer battle-history"><br></div><h2 class="battle-history">Turn 23</h2><div class="chat chatmessage-moltracer"><strong style="color:hsl(318,85%,40.525267416715636%)"><small>☆</small><span class="username" data-name="Moltracer">Moltracer</span>:</strong> <em>sigh</em></div><div class="spacer battle-history"><br></div><div class="battle-history">Swampert used <strong>Earthquake</strong>!<br></div><div class="battle-history"><small>It's super effective!</small><br></div><div class="battle-history"><small>(The opposing Arcanine lost <abbr title="−374/384">97.4%</abbr> of its health!)</small><br></div><div class="spacer battle-history"><br></div><div class="battle-history">The opposing Arcanine used <strong>Will-O-Wisp</strong>!<br></div><div class="battle-history"><small>Swampert avoided the attack!</small><br></div><div class="spacer battle-history"><br></div><div class="battle-history"><small>(Rain continues to fall!)</small><br></div><div class="battle-history"><small>The opposing Arcanine restored a little HP using its Leftovers!</small><br></div><div class="spacer battle-history"><br></div><h2 class="battle-history">Turn 24</h2><div class="chat chatmessage-moltracer"><strong style="color:hsl(318,85%,40.525267416715636%)"><small>☆</small><span class="username" data-name="Moltracer">Moltracer</span>:</strong> <em>...</em></div><div class="chat chatmessage-bagnetmomb"><strong style="color:hsl(78,43%,42%)"><small>☆</small><span class="username" data-name="B agn etMo mb">B agn etMo mb</span>:</strong> <em>w o w</em></div><div class="spacer battle-history"><br></div><div class="battle-history">The opposing Arcanine used <strong>Extreme Speed</strong>!<br></div><div class="battle-history"><small>(Swampert lost <abbr title="−60/341">17.6%</abbr> of its health!)</small><br></div><div class="spacer battle-history"><br></div><div class="battle-history">Swampert used <strong>Ice Punch</strong>!<br></div><div class="battle-history"><small>It's not very effective...</small><br></div><div class="battle-history"><small>(The opposing Arcanine lost <abbr title="−34/384">8.9%</abbr> of its health!)</small><br></div><div class="spacer battle-history"><br></div><div class="battle-history">The opposing Arcanine fainted!<br></div><div class="spacer battle-history"><br></div><div class="battle-history"><small>(Rain continues to fall!)</small><br></div><div class="spacer battle-history"><br></div><div class="battle-history">Moltracer sent out <strong>Sylveon</strong>!<br></div><div class="spacer battle-history"><br></div><h2 class="battle-history">Turn 25</h2><div class="spacer battle-history"><br></div><div class="battle-history">Swampert used <strong>Waterfall</strong>!<br></div><div class="battle-history"><small>(The opposing Sylveon lost <abbr title="−331/331">100%</abbr> of its health!)</small><br></div><div class="spacer battle-history"><br></div><div class="battle-history">The opposing Sylveon fainted!<br></div><div class="spacer battle-history"><br></div><div class="battle-history"><small>(Rain continues to fall!)</small><br></div><div class="spacer battle-history"><br></div><div class="battle-history">Moltracer sent out <strong>Registeel</strong>!<br></div><div class="spacer battle-history"><br></div><h2 class="battle-history">Turn 26</h2><div class="spacer battle-history"><br></div><div class="battle-history">Swampert used <strong>Earthquake</strong>!<br></div><div class="battle-history"><small>It's super effective!</small><br></div><div class="battle-history"><small>(The opposing Registeel lost <abbr title="−314/364">86.3%</abbr> of its health!)</small><br></div><div class="spacer battle-history"><br></div><div class="battle-history">The opposing Registeel used <strong>Iron Head</strong>!<br></div><div class="battle-history"><small>It's not very effective...</small><br></div><div class="battle-history"><small>(Swampert lost <abbr title="−33/341">9.7%</abbr> of its health!)</small><br></div><div class="spacer battle-history"><br></div><div class="battle-history"><small>The rain stopped.</small><br></div><div class="battle-history"><small>The opposing Registeel restored a little HP using its Leftovers!</small><br></div><div class="spacer battle-history"><br></div><h2 class="battle-history">Turn 27</h2><div class="spacer battle-history"><br></div><div class="battle-history">Moltracer withdrew Registeel!<br></div><div class="battle-history">Moltracer sent out Sceptile (<strong>Sceptile-Mega</strong>)!<br></div><div class="spacer battle-history"><br></div><div class="battle-history">Swampert used <strong>Waterfall</strong>!<br></div><div class="battle-history"><small>It's not very effective...</small><br></div><div class="battle-history"><small>A critical hit!</small><br></div><div class="battle-history"><small>(The opposing Sceptile lost <abbr title="−79/281">28.1%</abbr> of its health!)</small><br></div><div class="spacer battle-history"><br></div><h2 class="battle-history">Turn 28</h2><div class="spacer battle-history"><br></div><div class="battle-history">Swampert, come back!<br></div><div class="battle-history">Go! <strong>Escavalier</strong>!<br></div><div class="spacer battle-history"><br></div><div class="battle-history">The opposing Sceptile used <strong>Giga Drain</strong>!<br></div><div class="battle-history"><small>It's not very effective...</small><br></div><div class="battle-history"><small>(Escavalier lost <abbr title="−22/343">6.4%</abbr> of its health!)</small><br></div><div class="battle-history"><small>Escavalier had its energy drained!</small><br></div><div class="spacer battle-history"><br></div><h2 class="battle-history">Turn 29</h2><div class="spacer battle-history"><br></div><div class="battle-history">Moltracer withdrew Sceptile!<br></div><div class="battle-history">Moltracer sent out <strong>Registeel</strong>!<br></div><div class="spacer battle-history"><br></div><div class="battle-history">Escavalier used <strong>Megahorn</strong>!<br></div><div class="battle-history"><small>It's not very effective...</small><br></div><div class="battle-history"><small>(The opposing Registeel lost <abbr title="−72/364">19.8%</abbr> of its health!)</small><br></div><div class="spacer battle-history"><br></div><div class="battle-history">The opposing Registeel fainted!<br></div><div class="spacer battle-history"><br></div><div class="battle-history">Moltracer sent out <strong>Krookodile</strong>!<br></div><div class="battle-history"><small>[The opposing Krookodile's Intimidate]</small><br></div><div class="battle-history"><small>Escavalier's Attack fell!</small><br></div><div class="spacer battle-history"><br></div><h2 class="battle-history">Turn 30</h2><div class="spacer battle-history"><br></div><div class="battle-history">Escavalier, come back!<br></div><div class="battle-history">Go! <strong>Mandibuzz</strong>!<br></div><div class="spacer battle-history"><br></div><div class="battle-history">The opposing Krookodile used <strong>Knock Off</strong>!<br></div><div class="battle-history"><small>It's not very effective...</small><br></div><div class="battle-history"><small>(Mandibuzz lost <abbr title="−87/421">20.7%</abbr> of its health!)</small><br></div><div class="battle-history"><small>The opposing Krookodile knocked off Mandibuzz's Leftovers!</small><br></div><div class="spacer battle-history"><br></div><h2 class="battle-history">Turn 31</h2><div class="spacer battle-history"><br></div><div class="battle-history">Moltracer withdrew Krookodile!<br></div><div class="battle-history">Moltracer sent out Sceptile (<strong>Sceptile-Mega</strong>)!<br></div><div class="spacer battle-history"><br></div><div class="battle-history">Mandibuzz used <strong>Taunt</strong>!<br></div><div class="battle-history"><small>The opposing Sceptile fell for the taunt!</small><br></div><div class="spacer battle-history"><br></div><h2 class="battle-history">Turn 32</h2><div class="chat chatmessage-moltracer"><strong style="color:hsl(318,85%,40.525267416715636%)"><small>☆</small><span class="username" data-name="Moltracer">Moltracer</span>:</strong> <em>this game was such bullshit</em></div><div class="spacer battle-history"><br></div><div class="battle-history">Mandibuzz, come back!<br></div><div class="battle-history">Go! <strong>Escavalier</strong>!<br></div><div class="spacer battle-history"><br></div><div class="battle-history">The opposing Sceptile used <strong>Dragon Pulse</strong>!<br></div><div class="battle-history"><small>It's not very effective...</small><br></div><div class="battle-history"><small>(Escavalier lost <abbr title="−54/343">15.7%</abbr> of its health!)</small><br></div><div class="spacer battle-history"><br></div><h2 class="battle-history">Turn 33</h2><div class="spacer battle-history"><br></div><div class="battle-history">The opposing Sceptile used <strong>Focus Blast</strong>!<br></div><div class="battle-history"><small>Escavalier avoided the attack!</small><br></div><div class="spacer battle-history"><br></div><div class="battle-history">Escavalier used <strong>Megahorn</strong>!<br></div><div class="battle-history"><small>It's super effective!</small><br></div><div class="battle-history"><small>(The opposing Sceptile lost <abbr title="−179/281">63.7%</abbr> of its health!)</small><br></div><div class="spacer battle-history"><br></div><div class="battle-history">The opposing Sceptile fainted!<br></div><div class="spacer battle-history"><br></div><div class="battle-history">Moltracer sent out <strong>Krookodile</strong>!<br></div><div class="battle-history"><small>[The opposing Krookodile's Intimidate]</small><br></div><div class="battle-history"><small>Escavalier's Attack fell!</small><br></div><div class="spacer battle-history"><br></div><h2 class="battle-history">Turn 34</h2><div class="chat chatmessage-bagnetmomb"><strong style="color:hsl(78,43%,42%)"><small>☆</small><span class="username" data-name="B agn etMo mb">B agn etMo mb</span>:</strong> <em>dwag</em></div><div class="chat chatmessage-bagnetmomb"><strong style="color:hsl(78,43%,42%)"><small>☆</small><span class="username" data-name="B agn etMo mb">B agn etMo mb</span>:</strong> <em>dawg</em></div><div class="spacer battle-history"><br></div><div class="battle-history">Escavalier, come back!<br></div><div class="battle-history">Go! <strong>Mandibuzz</strong>!<br></div><div class="spacer battle-history"><br></div><div class="battle-history">The opposing Krookodile used <strong>Stone Edge</strong>!<br></div><div class="battle-history"><small>It's super effective!</small><br></div><div class="battle-history"><small>A critical hit!</small><br></div><div class="battle-history"><small>(Mandibuzz lost <abbr title="−334/421">79.3%</abbr> of its health!)</small><br></div><div class="spacer battle-history"><br></div><div class="battle-history">Mandibuzz fainted!<br></div><div class="spacer battle-history"><br></div><div class="battle-history">Go! <strong>Escavalier</strong>!<br></div><div class="spacer battle-history"><br></div><h2 class="battle-history">Turn 35</h2><div class="spacer battle-history"><br></div><div class="battle-history">The opposing Krookodile used <strong>Stone Edge</strong>!<br></div><div class="battle-history"><small>(Escavalier lost <abbr title="−160/343">46.6%</abbr> of its health!)</small><br></div><div class="spacer battle-history"><br></div><div class="battle-history">Escavalier used <strong>Megahorn</strong>!<br></div><div class="battle-history"><small>It's super effective!</small><br></div><div class="battle-history"><small>(The opposing Krookodile lost <abbr title="−331/331">100%</abbr> of its health!)</small><br></div><div class="spacer battle-history"><br></div><div class="battle-history">The opposing Krookodile fainted!<br></div><div class="spacer battle-history"><br></div><div class="battle-history"><strong>B agn etMo mb</strong> won the battle!<br></div><div class="chat chatmessage-moltracer"><strong style="color:hsl(318,85%,40.525267416715636%)"><small>☆</small><span class="username" data-name="Moltracer">Moltracer</span>:</strong> <em>sigh</em></div><div class="chat chatmessage-bagnetmomb"><strong style="color:hsl(78,43%,42%)"><small>☆</small><span class="username" data-name="B agn etMo mb">B agn etMo mb</span>:</strong> <em>so that happened</em></div></div><div class="inner-preempt"></div></div></div>
</div>
<script>
let daily = Math.floor(Date.now()/1000/60/60/24);document.write('<script src="https://play.pokemonshowdown.com/js/replay-embed.js?version'+daily+'"></'+'script>');
</script>
