<!DOCTYPE html>
<meta charset="utf-8" />
<!-- version 1 -->
<title>UU replay: Homicide Infernape vs. Parnstar</title>
<style>
html,body {font-family:Verdana, sans-serif;font-size:10pt;margin:0;padding:0;}body{padding:12px 0;} .battle-log {font-family:Verdana, sans-serif;font-size:10pt;} .battle-log-inline {border:1px solid #AAAAAA;background:#EEF2F5;color:black;max-width:640px;margin:0 auto 80px;padding-bottom:5px;} .battle-log .inner {padding:4px 8px 0px 8px;} .battle-log .inner-preempt {padding:0 8px 4px 8px;} .battle-log .inner-after {margin-top:0.5em;} .battle-log h2 {margin:0.5em -8px;padding:4px 8px;border:1px solid #AAAAAA;background:#E0E7EA;border-left:0;border-right:0;font-family:Verdana, sans-serif;font-size:13pt;} .battle-log .chat {vertical-align:middle;padding:3px 0 3px 0;font-size:8pt;} .battle-log .chat strong {color:#40576A;} .battle-log .chat em {padding:1px 4px 1px 3px;color:#000000;font-style:normal;} .chat.mine {background:rgba(0,0,0,0.05);margin-left:-8px;margin-right:-8px;padding-left:8px;padding-right:8px;} .spoiler {color:#BBBBBB;background:#BBBBBB;padding:0px 3px;} .spoiler:hover, .spoiler:active, .spoiler-shown {color:#000000;background:#E2E2E2;padding:0px 3px;} .spoiler a {color:#BBBBBB;} .spoiler:hover a, .spoiler:active a, .spoiler-shown a {color:#2288CC;} .chat code, .chat .spoiler:hover code, .chat .spoiler:active code, .chat .spoiler-shown code {border:1px solid #C0C0C0;background:#EEEEEE;color:black;padding:0 2px;} .chat .spoiler code {border:1px solid #CCCCCC;background:#CCCCCC;color:#CCCCCC;} .battle-log .rated {padding:3px 4px;} .battle-log .rated strong {color:white;background:#89A;padding:1px 4px;border-radius:4px;} .spacer {margin-top:0.5em;} .message-announce {background:#6688AA;color:white;padding:1px 4px 2px;} .message-announce a, .broadcast-green a, .broadcast-blue a, .broadcast-red a {color:#DDEEFF;} .broadcast-green {background-color:#559955;color:white;padding:2px 4px;} .broadcast-blue {background-color:#6688AA;color:white;padding:2px 4px;} .infobox {border:1px solid #6688AA;padding:2px 4px;} .infobox-limited {max-height:200px;overflow:auto;overflow-x:hidden;} .broadcast-red {background-color:#AA5544;color:white;padding:2px 4px;} .message-learn-canlearn {font-weight:bold;color:#228822;text-decoration:underline;} .message-learn-cannotlearn {font-weight:bold;color:#CC2222;text-decoration:underline;} .message-effect-weak {font-weight:bold;color:#CC2222;} .message-effect-resist {font-weight:bold;color:#6688AA;} .message-effect-immune {font-weight:bold;color:#666666;} .message-learn-list {margin-top:0;margin-bottom:0;} .message-throttle-notice, .message-error {color:#992222;} .message-overflow, .chat small.message-overflow {font-size:0pt;} .message-overflow::before {font-size:9pt;content:'...';} .subtle {color:#3A4A66;}
</style>
<div class="wrapper replay-wrapper" style="max-width:1180px;margin:0 auto">
<input type="hidden" name="replayid" value="uu-542143624" />
<div class="battle"></div><div class="battle-log"></div><div class="replay-controls"></div><div class="replay-controls-2"></div>
<h1 style="font-weight:normal;text-align:center"><strong>UU</strong><br /><a href="http://pokemonshowdown.com/users/homicideinfernape" class="subtle" target="_blank">Homicide Infernape</a> vs. <a href="http://pokemonshowdown.com/users/parnstar" class="subtle" target="_blank">Parnstar</a></h1>
<script type="text/plain" class="battle-log-data">|j|Homicide Infernape
|j|Parnstar
|player|p1|Homicide Infernape|101
|player|p2|Parnstar|21
|gametype|singles
|gen|6
|tier|UU
|rated
|seed|31298,30635,17513,42092
|rule|Sleep Clause Mod: Limit one foe put to sleep
|rule|Species Clause: Limit one of each Pokémon
|rule|OHKO Clause: OHKO moves are banned
|rule|Moody Clause: Moody is banned
|rule|Evasion Moves Clause: Evasion moves are banned
|rule|Endless Battle Clause: Forcing endless battles is banned
|rule|HP Percentage Mod: HP is shown in percentages
|clearpoke
|poke|p1|Jolteon, F|item
|poke|p1|Flareon, F|item
|poke|p1|Sylveon, F|item
|poke|p1|Umbreon, F, shiny|item
|poke|p1|Vaporeon, M|item
|poke|p1|Espeon, M|item
|poke|p2|Bronzong|item
|poke|p2|Sylveon, F|item
|poke|p2|Crawdaunt, M|item
|poke|p2|Cofagrigus, F|item
|poke|p2|Reuniclus, M|item
|poke|p2|Snorlax, F|item
|rule|Swagger Clause: Swagger is banned
|rule|Baton Pass Clause: Limit one Baton Passer, can't pass Spe and other stats simultaneously
|teampreview
|choice|team 1, team 2, team 3, team 4, team 5, team 6|team 1, team 2, team 3, team 4, team 5, team 6
|
|start
|switch|p1a: Yellow Blur|Jolteon, F|272\/272
|switch|p2a: Bronzong|Bronzong|338\/338
|turn|1
|c|☆Parnstar|Hf
|choice|move shadowball|move stealthrock
|
|move|p1a: Yellow Blur|Shadow Ball|p2a: Bronzong
|-supereffective|p2a: Bronzong
|-damage|p2a: Bronzong|186\/338
|-unboost|p2a: Bronzong|spd|1
|move|p2a: Bronzong|Stealth Rock|p1a: Yellow Blur
|-sidestart|p1: Homicide Infernape|move: Stealth Rock
|
|upkeep
|turn|2
|choice|move shadowball|switch 6
|
|switch|p2a: Snorlax|Snorlax, F|524\/524
|move|p1a: Yellow Blur|Shadow Ball|p2a: Snorlax
|-immune|p2a: Snorlax|[msg]
|
|upkeep
|turn|3
|choice|switch 2|move return
|
|switch|p1a: Flareon|Flareon, F|272\/272
|-damage|p1a: Flareon|204\/272|[from] Stealth Rock
|move|p2a: Snorlax|Return|p1a: Flareon
|-damage|p1a: Flareon|0 fnt
|faint|p1a: Flareon
|
|upkeep
|choice|switch 4|
|
|switch|p1a: Luna|Umbreon, F, shiny|394\/394
|-damage|p1a: Luna|345\/394|[from] Stealth Rock
|turn|4
|choice|move curse|switch 6
|
|switch|p2a: Bronzong|Bronzong|186\/338
|move|p1a: Luna|Curse|p1a: Luna
|-unboost|p1a: Luna|spe|1
|-boost|p1a: Luna|atk|1
|-boost|p1a: Luna|def|1
|
|-heal|p1a: Luna|369\/394|[from] item: Leftovers
|upkeep
|turn|5
|choice|move curse|move toxic
|
|move|p1a: Luna|Curse|p1a: Luna
|-unboost|p1a: Luna|spe|1
|-boost|p1a: Luna|atk|1
|-boost|p1a: Luna|def|1
|move|p2a: Bronzong|Toxic|p1a: Luna
|-status|p1a: Luna|tox
|-activate|p1a: Luna|ability: Synchronize
|-immune|p2a: Bronzong|[msg]
|
|-heal|p1a: Luna|393\/394 tox|[from] item: Leftovers
|-damage|p1a: Luna|369\/394 tox|[from] psn
|upkeep
|turn|6
|choice|move curse|move trickroom
|
|move|p1a: Luna|Curse|p1a: Luna
|-unboost|p1a: Luna|spe|1
|-boost|p1a: Luna|atk|1
|-boost|p1a: Luna|def|1
|move|p2a: Bronzong|Trick Room|p2a: Bronzong
|-fieldstart|move: Trick Room|[of] p2a: Bronzong
|
|-heal|p1a: Luna|393\/394 tox|[from] item: Leftovers
|-damage|p1a: Luna|345\/394 tox|[from] psn
|upkeep
|turn|7
|choice|move curse|move explosion
|
|move|p1a: Luna|Curse|p1a: Luna
|-unboost|p1a: Luna|spe|1
|-boost|p1a: Luna|atk|1
|-boost|p1a: Luna|def|1
|move|p2a: Bronzong|Explosion|p1a: Luna
|-damage|p1a: Luna|267\/394 tox
|faint|p2a: Bronzong
|
|-heal|p1a: Luna|291\/394 tox|[from] item: Leftovers
|-damage|p1a: Luna|219\/394 tox|[from] psn
|upkeep
|choice||switch 2
|
|switch|p2a: Sylveon|Sylveon, F|394\/394
|turn|8
|choice|move curse|move hypervoice
|
|move|p1a: Luna|Curse|p1a: Luna
|-unboost|p1a: Luna|spe|1
|-boost|p1a: Luna|atk|1
|-boost|p1a: Luna|def|1
|move|p2a: Sylveon|Hyper Voice|p1a: Luna
|-supereffective|p1a: Luna
|-damage|p1a: Luna|0 fnt
|faint|p1a: Luna
|
|upkeep
|choice|switch 3|
|
|switch|p1a: Sylveon|Sylveon, F|355\/355
|-damage|p1a: Sylveon|311\/355|[from] Stealth Rock
|turn|9
|choice|move hypervoice|move hypervoice
|
|move|p2a: Sylveon|Hyper Voice|p1a: Sylveon
|-damage|p1a: Sylveon|124\/355
|move|p1a: Sylveon|Hyper Voice|p2a: Sylveon
|-crit|p2a: Sylveon
|-damage|p2a: Sylveon|180\/394
|
|upkeep
|turn|10
|choice|move quickattack|move hypervoice
|
|move|p1a: Sylveon|Quick Attack|p2a: Sylveon
|-damage|p2a: Sylveon|117\/394
|move|p2a: Sylveon|Hyper Voice|p1a: Sylveon
|-crit|p1a: Sylveon
|-damage|p1a: Sylveon|0 fnt
|faint|p1a: Sylveon
|
|-fieldend|move: Trick Room
|upkeep
|choice|switch 2|
|
|switch|p1a: Yellow Blur|Jolteon, F|272\/272
|-damage|p1a: Yellow Blur|238\/272|[from] Stealth Rock
|turn|11
|choice|move thunderbolt|move hypervoice
|
|move|p1a: Yellow Blur|Thunderbolt|p2a: Sylveon
|-damage|p2a: Sylveon|9\/394
|-status|p2a: Sylveon|par
|-heal|p1a: Yellow Blur|251\/272|[from] item: Shell Bell|[of] p2a: Sylveon
|move|p2a: Sylveon|Hyper Voice|p1a: Yellow Blur
|-damage|p1a: Yellow Blur|0 fnt
|faint|p1a: Yellow Blur
|
|upkeep
|choice|switch 6|
|
|switch|p1a: Espeon|Espeon, M|272\/272
|-damage|p1a: Espeon|238\/272|[from] Stealth Rock
|turn|12
|choice|move psychic|move hypervoice
|
|move|p1a: Espeon|Psychic|p2a: Sylveon
|-damage|p2a: Sylveon|0 fnt
|-damage|p1a: Espeon|211\/272|[from] item: Life Orb
|faint|p2a: Sylveon
|
|upkeep
|choice||switch 6
|
|switch|p2a: Snorlax|Snorlax, F|524\/524
|turn|13
|choice|move calmmind|move pursuit
|
|move|p1a: Espeon|Calm Mind|p1a: Espeon
|-boost|p1a: Espeon|spa|1
|-boost|p1a: Espeon|spd|1
|move|p2a: Snorlax|Pursuit|p1a: Espeon
|-supereffective|p1a: Espeon
|-damage|p1a: Espeon|7\/272
|
|upkeep
|turn|14
|choice|move psychic|move pursuit
|
|move|p1a: Espeon|Psychic|p2a: Snorlax
|-damage|p2a: Snorlax|224\/524
|-damage|p1a: Espeon|0 fnt|[from] item: Life Orb
|faint|p1a: Espeon
|move|p2a: Snorlax|Pursuit|p1: Espeon|[notarget]
|-notarget
|
|upkeep
|choice|switch 5|
|
|switch|p1a: Vaporeon|Vaporeon, M|401\/401
|-damage|p1a: Vaporeon|351\/401|[from] Stealth Rock
|turn|15
|choice|move scald|switch 5
|
|switch|p2a: Reuniclus|Reuniclus, M|424\/424
|move|p1a: Vaporeon|Scald|p2a: Reuniclus
|-damage|p2a: Reuniclus|307\/424
|
|upkeep
|turn|16
|choice|move toxic|move calmmind
|
|move|p1a: Vaporeon|Toxic|p2a: Reuniclus
|-status|p2a: Reuniclus|tox
|move|p2a: Reuniclus|Calm Mind|p2a: Reuniclus
|-boost|p2a: Reuniclus|spa|1
|-boost|p2a: Reuniclus|spd|1
|
|upkeep
|turn|17
|choice|move icebeam|move calmmind
|
|move|p1a: Vaporeon|Ice Beam|p2a: Reuniclus
|-damage|p2a: Reuniclus|245\/424 tox
|move|p2a: Reuniclus|Calm Mind|p2a: Reuniclus
|-boost|p2a: Reuniclus|spa|1
|-boost|p2a: Reuniclus|spd|1
|
|upkeep
|turn|18
|choice|move signalbeam|move calmmind
|
|move|p1a: Vaporeon|Signal Beam|p2a: Reuniclus
|-supereffective|p2a: Reuniclus
|-damage|p2a: Reuniclus|177\/424 tox
|move|p2a: Reuniclus|Calm Mind|p2a: Reuniclus
|-boost|p2a: Reuniclus|spa|1
|-boost|p2a: Reuniclus|spd|1
|
|upkeep
|turn|19
|choice|move signalbeam|move trickroom
|
|move|p1a: Vaporeon|Signal Beam|p2a: Reuniclus
|-supereffective|p2a: Reuniclus
|-damage|p2a: Reuniclus|121\/424 tox
|-start|p2a: Reuniclus|confusion
|-activate|p2a: Reuniclus|confusion
|move|p2a: Reuniclus|Trick Room|p2a: Reuniclus
|-fieldstart|move: Trick Room|[of] p2a: Reuniclus
|
|upkeep
|turn|20
|choice|move scald|move psyshock
|
|-activate|p2a: Reuniclus|confusion
|move|p2a: Reuniclus|Psyshock|p1a: Vaporeon
|-damage|p1a: Vaporeon|0 fnt
|faint|p1a: Vaporeon
|
|win|Parnstar
|player|p1
|player|p2
|raw|Homicide Infernape's rating: 1140 &rarr; <strong>1123<\/strong><br \/>(-17 for losing)
|raw|Parnstar's rating: 1262 &rarr; <strong>1278<\/strong><br \/>(+16 for winning)
|c|☆Parnstar|Gg
|c|☆Homicide Infernape|gg not many take out umbreon
|c|☆Homicide Infernape|in ohko
|c|☆Parnstar|I do my best
|c|☆Homicide Infernape|that you do, i shake your hand
|c|☆Parnstar|🤗
|c|☆Parnstar|Tanks</script>
</div>
<div class="battle-log battle-log-inline"><div class="inner"><div class="battle-options"></div><div class="inner"><div class="chat"><small>Homicide Infernape joined.</small></div><div class="chat"><small>Parnstar joined.</small></div><div class=""><small>Format:</small> <br><strong>UU</strong></div><div class="rated"><strong>Rated battle</strong></div><div class=""><small><em>Sleep Clause Mod:</em> Limit one foe put to sleep</small></div><div class=""><small><em>Species Clause:</em> Limit one of each Pokémon</small></div><div class=""><small><em>OHKO Clause:</em> OHKO moves are banned</small></div><div class=""><small><em>Moody Clause:</em> Moody is banned</small></div><div class=""><small><em>Evasion Moves Clause:</em> Evasion moves are banned</small></div><div class=""><small><em>Endless Battle Clause:</em> Forcing endless battles is banned</small></div><div class=""><small><em>HP Percentage Mod:</em> HP is shown in percentages</small></div><div class=""><small><em>Swagger Clause:</em> Swagger is banned</small></div><div class=""><small><em>Baton Pass Clause:</em> Limit one Baton Passer, can't pass Spe and other stats simultaneously</small></div><div class="chat battle-history"><strong>Homicide Infernape's team:</strong> <em style="color:#445566;display:block;">Jolteon / Flareon / Sylveon / Umbreon / Vaporeon / Espeon</em></div><div class="chat battle-history"><strong>Parnstar's team:</strong> <em style="color:#445566;display:block;">Bronzong / Sylveon / Crawdaunt / Cofagrigus / Reuniclus / Snorlax</em></div><div class="spacer battle-history"><br></div><div class="battle-history">Battle started between Homicide Infernape and Parnstar!<br></div><div class="spacer battle-history"><br></div><div class="battle-history">Go! Yellow Blur (<strong>Jolteon</strong>)!<br></div><div class="spacer battle-history"><br></div><div class="battle-history">Parnstar sent out <strong>Bronzong</strong>!<br></div><div class="spacer battle-history"><br></div><h2 class="battle-history">Turn 1</h2><div class="chat chatmessage-parnstar"><strong style="color:hsl(41,84%,41.163999978976825%)"><small>☆</small><span class="username" data-name="Parnstar">Parnstar</span>:</strong> <em>Hf</em></div><div class="spacer battle-history"><br></div><div class="battle-history">Yellow Blur used <strong>Shadow Ball</strong>!<br></div><div class="battle-history"><small>It's super effective!</small><br></div><div class="battle-history"><small>(The opposing Bronzong lost <abbr title="−152/338">45.0%</abbr> of its health!)</small><br></div><div class="battle-history"><small>The opposing Bronzong's Special Defense fell!</small><br></div><div class="spacer battle-history"><br></div><div class="battle-history">The opposing Bronzong used <strong>Stealth Rock</strong>!<br></div><div class="battle-history"><small>Pointed stones float in the air around your team!</small><br></div><div class="spacer battle-history"><br></div><h2 class="battle-history">Turn 2</h2><div class="spacer battle-history"><br></div><div class="battle-history">Parnstar withdrew Bronzong!<br></div><div class="battle-history">Parnstar sent out <strong>Snorlax</strong>!<br></div><div class="spacer battle-history"><br></div><div class="battle-history">Yellow Blur used <strong>Shadow Ball</strong>!<br></div><div class="battle-history"><small>It doesn't affect the opposing Snorlax...</small><br></div><div class="spacer battle-history"><br></div><h2 class="battle-history">Turn 3</h2><div class="spacer battle-history"><br></div><div class="battle-history">Yellow Blur, come back!<br></div><div class="battle-history">Go! <strong>Flareon</strong>!<br></div><div class="battle-history"><small>Pointed stones dug into Flareon!</small><br></div><div class="spacer battle-history"><br></div><div class="battle-history">The opposing Snorlax used <strong>Return</strong>!<br></div><div class="battle-history"><small>(Flareon lost <abbr title="−204/272">75%</abbr> of its health!)</small><br></div><div class="spacer battle-history"><br></div><div class="battle-history">Flareon fainted!<br></div><div class="spacer battle-history"><br></div><div class="battle-history">Go! Luna (<strong>Umbreon</strong>)!<br></div><div class="battle-history"><small>Pointed stones dug into Luna!</small><br></div><div class="spacer battle-history"><br></div><h2 class="battle-history">Turn 4</h2><div class="spacer battle-history"><br></div><div class="battle-history">Parnstar withdrew Snorlax!<br></div><div class="battle-history">Parnstar sent out <strong>Bronzong</strong>!<br></div><div class="spacer battle-history"><br></div><div class="battle-history">Luna used <strong>Curse</strong>!<br></div><div class="battle-history"><small>Luna's Speed fell!</small><br></div><div class="battle-history"><small>Luna's Attack rose!</small><br></div><div class="battle-history"><small>Luna's Defense rose!</small><br></div><div class="spacer battle-history"><br></div><div class="battle-history"><small>Luna restored a little HP using its Leftovers!</small><br></div><div class="spacer battle-history"><br></div><h2 class="battle-history">Turn 5</h2><div class="spacer battle-history"><br></div><div class="battle-history">Luna used <strong>Curse</strong>!<br></div><div class="battle-history"><small>Luna's Speed fell!</small><br></div><div class="battle-history"><small>Luna's Attack rose!</small><br></div><div class="battle-history"><small>Luna's Defense rose!</small><br></div><div class="spacer battle-history"><br></div><div class="battle-history">The opposing Bronzong used <strong>Toxic</strong>!<br></div><div class="battle-history"><small>Luna was badly poisoned!</small><br></div><div class="battle-history"><small>[Luna's Synchronize]</small><br></div><div class="battle-history"><small>It doesn't affect the opposing Bronzong...</small><br></div><div class="spacer battle-history"><br></div><div class="battle-history"><small>Luna restored a little HP using its Leftovers!</small><br></div><div class="battle-history"><small>Luna was hurt by poison!</small><br></div><div class="spacer battle-history"><br></div><h2 class="battle-history">Turn 6</h2><div class="spacer battle-history"><br></div><div class="battle-history">Luna used <strong>Curse</strong>!<br></div><div class="battle-history"><small>Luna's Speed fell!</small><br></div><div class="battle-history"><small>Luna's Attack rose!</small><br></div><div class="battle-history"><small>Luna's Defense rose!</small><br></div><div class="spacer battle-history"><br></div><div class="battle-history">The opposing Bronzong used <strong>Trick Room</strong>!<br></div><div class="battle-history"><small>The opposing Bronzong twisted the dimensions!</small><br></div><div class="spacer battle-history"><br></div><div class="battle-history"><small>Luna restored a little HP using its Leftovers!</small><br></div><div class="battle-history"><small>Luna was hurt by poison!</small><br></div><div class="spacer battle-history"><br></div><h2 class="battle-history">Turn 7</h2><div class="spacer battle-history"><br></div><div class="battle-history">Luna used <strong>Curse</strong>!<br></div><div class="battle-history"><small>Luna's Speed fell!</small><br></div><div class="battle-history"><small>Luna's Attack rose!</small><br></div><div class="battle-history"><small>Luna's Defense rose!</small><br></div><div class="spacer battle-history"><br></div><div class="battle-history">The opposing Bronzong used <strong>Explosion</strong>!<br></div><div class="battle-history"><small>(Luna lost <abbr title="−78/394">19.8%</abbr> of its health!)</small><br></div><div class="spacer battle-history"><br></div><div class="battle-history">The opposing Bronzong fainted!<br></div><div class="spacer battle-history"><br></div><div class="battle-history"><small>Luna restored a little HP using its Leftovers!</small><br></div><div class="battle-history"><small>Luna was hurt by poison!</small><br></div><div class="spacer battle-history"><br></div><div class="battle-history">Parnstar sent out <strong>Sylveon</strong>!<br></div><div class="spacer battle-history"><br></div><h2 class="battle-history">Turn 8</h2><div class="spacer battle-history"><br></div><div class="battle-history">Luna used <strong>Curse</strong>!<br></div><div class="battle-history"><small>Luna's Speed fell!</small><br></div><div class="battle-history"><small>Luna's Attack rose!</small><br></div><div class="battle-history"><small>Luna's Defense rose!</small><br></div><div class="spacer battle-history"><br></div><div class="battle-history">The opposing Sylveon used <strong>Hyper Voice</strong>!<br></div><div class="battle-history"><small>It's super effective!</small><br></div><div class="battle-history"><small>(Luna lost <abbr title="−219/394">55.6%</abbr> of its health!)</small><br></div><div class="spacer battle-history"><br></div><div class="battle-history">Luna fainted!<br></div><div class="spacer battle-history"><br></div><div class="battle-history">Go! <strong>Sylveon</strong>!<br></div><div class="battle-history"><small>Pointed stones dug into Sylveon!</small><br></div><div class="spacer battle-history"><br></div><h2 class="battle-history">Turn 9</h2><div class="spacer battle-history"><br></div><div class="battle-history">The opposing Sylveon used <strong>Hyper Voice</strong>!<br></div><div class="battle-history"><small>(Sylveon lost <abbr title="−187/355">52.7%</abbr> of its health!)</small><br></div><div class="spacer battle-history"><br></div><div class="battle-history">Sylveon used <strong>Hyper Voice</strong>!<br></div><div class="battle-history"><small>A critical hit!</small><br></div><div class="battle-history"><small>(The opposing Sylveon lost <abbr title="−214/394">54.3%</abbr> of its health!)</small><br></div><div class="spacer battle-history"><br></div><h2 class="battle-history">Turn 10</h2><div class="spacer battle-history"><br></div><div class="battle-history">Sylveon used <strong>Quick Attack</strong>!<br></div><div class="battle-history"><small>(The opposing Sylveon lost <abbr title="−63/394">16.0%</abbr> of its health!)</small><br></div><div class="spacer battle-history"><br></div><div class="battle-history">The opposing Sylveon used <strong>Hyper Voice</strong>!<br></div><div class="battle-history"><small>A critical hit!</small><br></div><div class="battle-history"><small>(Sylveon lost <abbr title="−124/355">34.9%</abbr> of its health!)</small><br></div><div class="spacer battle-history"><br></div><div class="battle-history">Sylveon fainted!<br></div><div class="spacer battle-history"><br></div><div class="battle-history"><small>The twisted dimensions returned to normal!</small><br></div><div class="spacer battle-history"><br></div><div class="battle-history">Go! Yellow Blur (<strong>Jolteon</strong>)!<br></div><div class="battle-history"><small>Pointed stones dug into Yellow Blur!</small><br></div><div class="spacer battle-history"><br></div><h2 class="battle-history">Turn 11</h2><div class="spacer battle-history"><br></div><div class="battle-history">Yellow Blur used <strong>Thunderbolt</strong>!<br></div><div class="battle-history"><small>(The opposing Sylveon lost <abbr title="−108/394">27.4%</abbr> of its health!)</small><br></div><div class="battle-history"><small>The opposing Sylveon is paralyzed! It may be unable to move!</small><br></div><div class="battle-history"><small>Yellow Blur restored a little HP using its Shell Bell!</small><br></div><div class="spacer battle-history"><br></div><div class="battle-history">The opposing Sylveon used <strong>Hyper Voice</strong>!<br></div><div class="battle-history"><small>(Yellow Blur lost <abbr title="−251/272">92.3%</abbr> of its health!)</small><br></div><div class="spacer battle-history"><br></div><div class="battle-history">Yellow Blur fainted!<br></div><div class="spacer battle-history"><br></div><div class="battle-history">Go! <strong>Espeon</strong>!<br></div><div class="battle-history"><small>Pointed stones dug into Espeon!</small><br></div><div class="spacer battle-history"><br></div><h2 class="battle-history">Turn 12</h2><div class="spacer battle-history"><br></div><div class="battle-history">Espeon used <strong>Psychic</strong>!<br></div><div class="battle-history"><small>(The opposing Sylveon lost <abbr title="−9/394">2.3%</abbr> of its health!)</small><br></div><div class="battle-history"><small>Espeon lost some of its HP!</small><br></div><div class="spacer battle-history"><br></div><div class="battle-history">The opposing Sylveon fainted!<br></div><div class="spacer battle-history"><br></div><div class="battle-history">Parnstar sent out <strong>Snorlax</strong>!<br></div><div class="spacer battle-history"><br></div><h2 class="battle-history">Turn 13</h2><div class="spacer battle-history"><br></div><div class="battle-history">Espeon used <strong>Calm Mind</strong>!<br></div><div class="battle-history"><small>Espeon's Special Attack rose!</small><br></div><div class="battle-history"><small>Espeon's Special Defense rose!</small><br></div><div class="spacer battle-history"><br></div><div class="battle-history">The opposing Snorlax used <strong>Pursuit</strong>!<br></div><div class="battle-history"><small>It's super effective!</small><br></div><div class="battle-history"><small>(Espeon lost <abbr title="−204/272">75%</abbr> of its health!)</small><br></div><div class="spacer battle-history"><br></div><h2 class="battle-history">Turn 14</h2><div class="spacer battle-history"><br></div><div class="battle-history">Espeon used <strong>Psychic</strong>!<br></div><div class="battle-history"><small>(The opposing Snorlax lost <abbr title="−300/524">57.3%</abbr> of its health!)</small><br></div><div class="battle-history"><small>Espeon lost some of its HP!</small><br></div><div class="spacer battle-history"><br></div><div class="battle-history">Espeon fainted!<br></div><div class="battle-history">The opposing Snorlax used <strong>Pursuit</strong>!<br></div><div class="battle-history"><small>But there was no target...</small><br></div><div class="spacer battle-history"><br></div><div class="battle-history">Go! <strong>Vaporeon</strong>!<br></div><div class="battle-history"><small>Pointed stones dug into Vaporeon!</small><br></div><div class="spacer battle-history"><br></div><h2 class="battle-history">Turn 15</h2><div class="spacer battle-history"><br></div><div class="battle-history">Parnstar withdrew Snorlax!<br></div><div class="battle-history">Parnstar sent out <strong>Reuniclus</strong>!<br></div><div class="spacer battle-history"><br></div><div class="battle-history">Vaporeon used <strong>Scald</strong>!<br></div><div class="battle-history"><small>(The opposing Reuniclus lost <abbr title="−117/424">27.6%</abbr> of its health!)</small><br></div><div class="spacer battle-history"><br></div><h2 class="battle-history">Turn 16</h2><div class="spacer battle-history"><br></div><div class="battle-history">Vaporeon used <strong>Toxic</strong>!<br></div><div class="battle-history"><small>The opposing Reuniclus was badly poisoned!</small><br></div><div class="spacer battle-history"><br></div><div class="battle-history">The opposing Reuniclus used <strong>Calm Mind</strong>!<br></div><div class="battle-history"><small>The opposing Reuniclus's Special Attack rose!</small><br></div><div class="battle-history"><small>The opposing Reuniclus's Special Defense rose!</small><br></div><div class="spacer battle-history"><br></div><h2 class="battle-history">Turn 17</h2><div class="spacer battle-history"><br></div><div class="battle-history">Vaporeon used <strong>Ice Beam</strong>!<br></div><div class="battle-history"><small>(The opposing Reuniclus lost <abbr title="−62/424">14.6%</abbr> of its health!)</small><br></div><div class="spacer battle-history"><br></div><div class="battle-history">The opposing Reuniclus used <strong>Calm Mind</strong>!<br></div><div class="battle-history"><small>The opposing Reuniclus's Special Attack rose!</small><br></div><div class="battle-history"><small>The opposing Reuniclus's Special Defense rose!</small><br></div><div class="spacer battle-history"><br></div><h2 class="battle-history">Turn 18</h2><div class="spacer battle-history"><br></div><div class="battle-history">Vaporeon used <strong>Signal Beam</strong>!<br></div><div class="battle-history"><small>It's super effective!</small><br></div><div class="battle-history"><small>(The opposing Reuniclus lost <abbr title="−68/424">16.0%</abbr> of its health!)</small><br></div><div class="spacer battle-history"><br></div><div class="battle-history">The opposing Reuniclus used <strong>Calm Mind</strong>!<br></div><div class="battle-history"><small>The opposing Reuniclus's Special Attack rose!</small><br></div><div class="battle-history"><small>The opposing Reuniclus's Special Defense rose!</small><br></div><div class="spacer battle-history"><br></div><h2 class="battle-history">Turn 19</h2><div class="spacer battle-history"><br></div><div class="battle-history">Vaporeon used <strong>Signal Beam</strong>!<br></div><div class="battle-history"><small>It's super effective!</small><br></div><div class="battle-history"><small>(The opposing Reuniclus lost <abbr title="−56/424">13.2%</abbr> of its health!)</small><br></div><div class="battle-history"><small>The opposing Reuniclus became confused!</small><br></div><div class="spacer battle-history"><br></div><div class="battle-history"><small>The opposing Reuniclus is confused!</small><br></div><div class="battle-history">The opposing Reuniclus used <strong>Trick Room</strong>!<br></div><div class="battle-history"><small>The opposing Reuniclus twisted the dimensions!</small><br></div><div class="spacer battle-history"><br></div><h2 class="battle-history">Turn 20</h2><div class="spacer battle-history"><br></div><div class="battle-history"><small>The opposing Reuniclus is confused!</small><br></div><div class="battle-history">The opposing Reuniclus used <strong>Psyshock</strong>!<br></div><div class="battle-history"><small>(Vaporeon lost <abbr title="−351/401">87.5%</abbr> of its health!)</small><br></div><div class="spacer battle-history"><br></div><div class="battle-history">Vaporeon fainted!<br></div><div class="spacer battle-history"><br></div><div class="battle-history"><strong>Parnstar</strong> won the battle!<br></div><div class="chat">Homicide Infernape's rating: 1140 → <strong>1123</strong><br>(-17 for losing)</div><div class="chat">Parnstar's rating: 1262 → <strong>1278</strong><br>(+16 for winning)</div><div class="chat chatmessage-parnstar"><strong style="color:hsl(41,84%,41.163999978976825%)"><small>☆</small><span class="username" data-name="Parnstar">Parnstar</span>:</strong> <em>Gg</em></div><div class="chat chatmessage-homicideinfernape"><strong style="color:hsl(311,66%,44%)"><small>☆</small><span class="username" data-name="Homicide Infernape">Homicide Infernape</span>:</strong> <em>gg not many take out umbreon</em></div><div class="chat chatmessage-homicideinfernape"><strong style="color:hsl(311,66%,44%)"><small>☆</small><span class="username" data-name="Homicide Infernape">Homicide Infernape</span>:</strong> <em>in ohko</em></div><div class="chat chatmessage-parnstar"><strong style="color:hsl(41,84%,41.163999978976825%)"><small>☆</small><span class="username" data-name="Parnstar">Parnstar</span>:</strong> <em>I do my best</em></div><div class="chat chatmessage-homicideinfernape"><strong style="color:hsl(311,66%,44%)"><small>☆</small><span class="username" data-name="Homicide Infernape">Homicide Infernape</span>:</strong> <em>that you do, i shake your hand</em></div><div class="chat chatmessage-parnstar"><strong style="color:hsl(41,84%,41.163999978976825%)"><small>☆</small><span class="username" data-name="Parnstar">Parnstar</span>:</strong> <em>🤗</em></div><div class="chat chatmessage-parnstar"><strong style="color:hsl(41,84%,41.163999978976825%)"><small>☆</small><span class="username" data-name="Parnstar">Parnstar</span>:</strong> <em>Tanks</em></div></div><div class="inner-preempt"></div></div></div>
</div>
<script>
let daily = Math.floor(Date.now()/1000/60/60/24);document.write('<script src="https://play.pokemonshowdown.com/js/replay-embed.js?version'+daily+'"></'+'script>');
</script>
