<!DOCTYPE html>
<meta charset="utf-8" />
<!-- version 1 -->
<title>UU replay: WoodyFTW vs. Weak as Muk</title>
<style>
html,body {font-family:Verdana, sans-serif;font-size:10pt;margin:0;padding:0;}body{padding:12px 0;} .battle-log {font-family:Verdana, sans-serif;font-size:10pt;} .battle-log-inline {border:1px solid #AAAAAA;background:#EEF2F5;color:black;max-width:640px;margin:0 auto 80px;padding-bottom:5px;} .battle-log .inner {padding:4px 8px 0px 8px;} .battle-log .inner-preempt {padding:0 8px 4px 8px;} .battle-log .inner-after {margin-top:0.5em;} .battle-log h2 {margin:0.5em -8px;padding:4px 8px;border:1px solid #AAAAAA;background:#E0E7EA;border-left:0;border-right:0;font-family:Verdana, sans-serif;font-size:13pt;} .battle-log .chat {vertical-align:middle;padding:3px 0 3px 0;font-size:8pt;} .battle-log .chat strong {color:#40576A;} .battle-log .chat em {padding:1px 4px 1px 3px;color:#000000;font-style:normal;} .chat.mine {background:rgba(0,0,0,0.05);margin-left:-8px;margin-right:-8px;padding-left:8px;padding-right:8px;} .spoiler {color:#BBBBBB;background:#BBBBBB;padding:0px 3px;} .spoiler:hover, .spoiler:active, .spoiler-shown {color:#000000;background:#E2E2E2;padding:0px 3px;} .spoiler a {color:#BBBBBB;} .spoiler:hover a, .spoiler:active a, .spoiler-shown a {color:#2288CC;} .chat code, .chat .spoiler:hover code, .chat .spoiler:active code, .chat .spoiler-shown code {border:1px solid #C0C0C0;background:#EEEEEE;color:black;padding:0 2px;} .chat .spoiler code {border:1px solid #CCCCCC;background:#CCCCCC;color:#CCCCCC;} .battle-log .rated {padding:3px 4px;} .battle-log .rated strong {color:white;background:#89A;padding:1px 4px;border-radius:4px;} .spacer {margin-top:0.5em;} .message-announce {background:#6688AA;color:white;padding:1px 4px 2px;} .message-announce a, .broadcast-green a, .broadcast-blue a, .broadcast-red a {color:#DDEEFF;} .broadcast-green {background-color:#559955;color:white;padding:2px 4px;} .broadcast-blue {background-color:#6688AA;color:white;padding:2px 4px;} .infobox {border:1px solid #6688AA;padding:2px 4px;} .infobox-limited {max-height:200px;overflow:auto;overflow-x:hidden;} .broadcast-red {background-color:#AA5544;color:white;padding:2px 4px;} .message-learn-canlearn {font-weight:bold;color:#228822;text-decoration:underline;} .message-learn-cannotlearn {font-weight:bold;color:#CC2222;text-decoration:underline;} .message-effect-weak {font-weight:bold;color:#CC2222;} .message-effect-resist {font-weight:bold;color:#6688AA;} .message-effect-immune {font-weight:bold;color:#666666;} .message-learn-list {margin-top:0;margin-bottom:0;} .message-throttle-notice, .message-error {color:#992222;} .message-overflow, .chat small.message-overflow {font-size:0pt;} .message-overflow::before {font-size:9pt;content:'...';} .subtle {color:#3A4A66;}
</style>
<div class="wrapper replay-wrapper" style="max-width:1180px;margin:0 auto">
<input type="hidden" name="replayid" value="uu-535886206" />
<div class="battle"></div><div class="battle-log"></div><div class="replay-controls"></div><div class="replay-controls-2"></div>
<h1 style="font-weight:normal;text-align:center"><strong>UU</strong><br /><a href="http://pokemonshowdown.com/users/woodyftw" class="subtle" target="_blank">WoodyFTW</a> vs. <a href="http://pokemonshowdown.com/users/weakasmuk" class="subtle" target="_blank">Weak as Muk</a></h1>
<script type="text/plain" class="battle-log-data">|j|WoodyFTW
|j|Weak as Muk
|player|p1|WoodyFTW|80
|player|p2|Weak as Muk|1
|gametype|singles
|gen|6
|tier|UU
|rated
|seed|40079,13791,25038,52752
|rule|Sleep Clause Mod: Limit one foe put to sleep
|rule|Species Clause: Limit one of each Pokémon
|rule|OHKO Clause: OHKO moves are banned
|rule|Moody Clause: Moody is banned
|rule|Evasion Moves Clause: Evasion moves are banned
|rule|Endless Battle Clause: Forcing endless battles is banned
|rule|HP Percentage Mod: HP is shown in percentages
|clearpoke
|poke|p1|Scrafty, M|item
|poke|p1|Nidoking, M, shiny|item
|poke|p1|Flygon, F|item
|poke|p1|Electivire, M|item
|poke|p1|Blastoise, F, shiny|item
|poke|p1|Crobat, M|item
|poke|p2|Beedrill, F|item
|poke|p2|Quagsire, M|item
|poke|p2|Mandibuzz, F|item
|poke|p2|Blissey, F|item
|poke|p2|Xatu, M|item
|poke|p2|Forretress, F|item
|rule|Swagger Clause: Swagger is banned
|rule|Baton Pass Clause: Limit one Baton Passer, can't pass Spe and other stats simultaneously
|teampreview
|c|★WoodyFTW|glhf
|c|★Weak as Muk|gl
|choice|team 6, team 2, team 3, team 4, team 5, team 1|team 1, team 2, team 3, team 4, team 5, team 6
|
|start
|switch|p1a: Batman|Crobat, M|311\/311
|switch|p2a: Beedrill|Beedrill, F|271\/271
|turn|1
|choice|move meanlook|move protect mega
|
|detailschange|p2a: Beedrill|Beedrill-Mega, F
|-mega|p2a: Beedrill|Beedrill|Beedrillite
|move|p2a: Beedrill|Protect|p2a: Beedrill
|-singleturn|p2a: Beedrill|Protect
|move|p1a: Batman|Mean Look|p2a: Beedrill
|-activate|p2a: Beedrill|trapped
|
|upkeep
|turn|2
|choice|switch 4|move uturn
|
|switch|p1a: Paul Strongest|Electivire, M|291\/291
|move|p2a: Beedrill|U-turn|p1a: Paul Strongest
|-damage|p1a: Paul Strongest|49\/291
|choice||switch 2
|
|switch|p2a: Quagsire|Quagsire, M|394\/394
|
|upkeep
|turn|3
|choice|move crosschop|move scald
|
|move|p1a: Paul Strongest|Cross Chop|p2a: Quagsire
|-damage|p2a: Quagsire|292\/394
|move|p2a: Quagsire|Scald|p1a: Paul Strongest
|-damage|p1a: Paul Strongest|0 fnt
|faint|p1a: Paul Strongest
|
|-heal|p2a: Quagsire|316\/394|[from] item: Leftovers
|upkeep
|choice|switch 5|
|
|switch|p1a: HulkANator|Blastoise, F, shiny|301\/301
|turn|4
|choice|move aurasphere mega|switch 4
|
|switch|p2a: Blissey|Blissey, F|714\/714
|detailschange|p1a: HulkANator|Blastoise-Mega, F, shiny
|-mega|p1a: HulkANator|Blastoise|Blastoisinite
|move|p1a: HulkANator|Aura Sphere|p2a: Blissey
|-supereffective|p2a: Blissey
|-damage|p2a: Blissey|450\/714
|
|-heal|p2a: Blissey|494\/714|[from] item: Leftovers
|upkeep
|turn|5
|choice|move waterpulse|move softboiled
|
|move|p1a: HulkANator|Water Pulse|p2a: Blissey
|-damage|p2a: Blissey|358\/714
|move|p2a: Blissey|Soft-Boiled|p2a: Blissey
|-heal|p2a: Blissey|714\/714
|
|upkeep
|turn|6
|choice|move aurasphere|move seismictoss
|
|move|p1a: HulkANator|Aura Sphere|p2a: Blissey
|-supereffective|p2a: Blissey
|-damage|p2a: Blissey|452\/714
|move|p2a: Blissey|Seismic Toss|p1a: HulkANator
|-damage|p1a: HulkANator|201\/301
|
|-heal|p2a: Blissey|496\/714|[from] item: Leftovers
|upkeep
|turn|7
|choice|move aurasphere|move thunderwave
|
|move|p1a: HulkANator|Aura Sphere|p2a: Blissey
|-supereffective|p2a: Blissey
|-damage|p2a: Blissey|228\/714
|move|p2a: Blissey|Thunder Wave|p1a: HulkANator
|-status|p1a: HulkANator|par
|
|-heal|p2a: Blissey|272\/714|[from] item: Leftovers
|upkeep
|turn|8
|choice|move aurasphere|move softboiled
|
|move|p2a: Blissey|Soft-Boiled|p2a: Blissey
|-heal|p2a: Blissey|629\/714
|cant|p1a: HulkANator|par
|
|-heal|p2a: Blissey|673\/714|[from] item: Leftovers
|upkeep
|turn|9
|choice|move aurasphere|move seismictoss
|
|move|p2a: Blissey|Seismic Toss|p1a: HulkANator
|-damage|p1a: HulkANator|101\/301 par
|move|p1a: HulkANator|Aura Sphere|p2a: Blissey
|-supereffective|p2a: Blissey
|-damage|p2a: Blissey|443\/714
|
|-heal|p2a: Blissey|487\/714|[from] item: Leftovers
|upkeep
|turn|10
|choice|move aurasphere|move softboiled
|
|move|p2a: Blissey|Soft-Boiled|p2a: Blissey
|-heal|p2a: Blissey|714\/714
|move|p1a: HulkANator|Aura Sphere|p2a: Blissey
|-supereffective|p2a: Blissey
|-damage|p2a: Blissey|450\/714
|
|-heal|p2a: Blissey|494\/714|[from] item: Leftovers
|upkeep
|turn|11
|choice|move aurasphere|move seismictoss
|
|move|p2a: Blissey|Seismic Toss|p1a: HulkANator
|-damage|p1a: HulkANator|1\/301 par
|move|p1a: HulkANator|Aura Sphere|p2a: Blissey
|-supereffective|p2a: Blissey
|-damage|p2a: Blissey|236\/714
|
|-heal|p2a: Blissey|280\/714|[from] item: Leftovers
|upkeep
|turn|12
|choice|move aurasphere|move softboiled
|
|move|p2a: Blissey|Soft-Boiled|p2a: Blissey
|-heal|p2a: Blissey|637\/714
|cant|p1a: HulkANator|par
|
|-heal|p2a: Blissey|681\/714|[from] item: Leftovers
|upkeep
|turn|13
|choice|move aurasphere|move seismictoss
|
|move|p2a: Blissey|Seismic Toss|p1a: HulkANator
|-damage|p1a: HulkANator|0 fnt
|faint|p1a: HulkANator
|
|-heal|p2a: Blissey|714\/714|[from] item: Leftovers
|upkeep
|choice|switch 6|
|
|switch|p1a: Hoodlum|Scrafty, M|271\/271
|turn|14
|choice|move dragondance|switch 4
|
|switch|p2a: Quagsire|Quagsire, M|316\/394
|move|p1a: Hoodlum|Dragon Dance|p1a: Hoodlum
|-boost|p1a: Hoodlum|atk|1
|-boost|p1a: Hoodlum|spe|1
|
|-heal|p2a: Quagsire|340\/394|[from] item: Leftovers
|upkeep
|turn|15
|choice|move knockoff|move toxic
|
|move|p1a: Hoodlum|Knock Off|p2a: Quagsire
|-damage|p2a: Quagsire|175\/394
|-enditem|p2a: Quagsire|Leftovers|[from] move: Knock Off|[of] p1a: Hoodlum
|-damage|p1a: Hoodlum|244\/271|[from] item: Life Orb
|move|p2a: Quagsire|Toxic|p1a: Hoodlum
|-status|p1a: Hoodlum|tox
|
|-damage|p1a: Hoodlum|228\/271 tox|[from] psn
|upkeep
|turn|16
|choice|move drainpunch|move recover
|
|move|p1a: Hoodlum|Drain Punch|p2a: Quagsire
|-damage|p2a: Quagsire|61\/394
|-heal|p1a: Hoodlum|271\/271 tox|[from] drain|[of] p2a: Quagsire
|-damage|p1a: Hoodlum|244\/271 tox|[from] item: Life Orb
|move|p2a: Quagsire|Recover|p2a: Quagsire
|-heal|p2a: Quagsire|258\/394
|
|-damage|p1a: Hoodlum|212\/271 tox|[from] psn
|upkeep
|turn|17
|choice|switch 3|move recover
|
|switch|p1a: Google My Mega|Flygon, F|301\/301
|move|p2a: Quagsire|Recover|p2a: Quagsire
|-heal|p2a: Quagsire|394\/394
|
|upkeep
|turn|18
|choice|move dragonclaw|switch 4
|
|switch|p2a: Blissey|Blissey, F|714\/714
|move|p1a: Google My Mega|Dragon Claw|p2a: Blissey
|-damage|p2a: Blissey|512\/714
|
|-heal|p2a: Blissey|556\/714|[from] item: Leftovers
|upkeep
|turn|19
|choice|move earthquake|switch 6
|
|switch|p2a: Forretress|Forretress, F|354\/354
|move|p1a: Google My Mega|Earthquake|p2a: Forretress
|-damage|p2a: Forretress|273\/354
|
|-heal|p2a: Forretress|295\/354|[from] item: Leftovers
|upkeep
|turn|20
|choice|move dragonclaw|switch 6
|
|switch|p2a: Blissey|Blissey, F|556\/714
|move|p1a: Google My Mega|Dragon Claw|p2a: Blissey
|-damage|p2a: Blissey|358\/714
|
|-heal|p2a: Blissey|402\/714|[from] item: Leftovers
|upkeep
|turn|21
|choice|move earthquake|move softboiled
|
|move|p1a: Google My Mega|Earthquake|p2a: Blissey
|-damage|p2a: Blissey|146\/714
|move|p2a: Blissey|Soft-Boiled|p2a: Blissey
|-heal|p2a: Blissey|503\/714
|
|-heal|p2a: Blissey|547\/714|[from] item: Leftovers
|upkeep
|turn|22
|choice|move earthquake|move softboiled
|
|move|p1a: Google My Mega|Earthquake|p2a: Blissey
|-damage|p2a: Blissey|276\/714
|move|p2a: Blissey|Soft-Boiled|p2a: Blissey
|-heal|p2a: Blissey|633\/714
|
|-heal|p2a: Blissey|677\/714|[from] item: Leftovers
|upkeep
|turn|23
|choice|move dragonclaw|switch 3
|
|switch|p2a: Mandibuzz|Mandibuzz, F|421\/421
|move|p1a: Google My Mega|Dragon Claw|p2a: Mandibuzz
|-damage|p2a: Mandibuzz|343\/421
|
|-heal|p2a: Mandibuzz|369\/421|[from] item: Leftovers
|upkeep
|turn|24
|choice|move uturn|move knockoff
|
|move|p1a: Google My Mega|U-turn|p2a: Mandibuzz
|-damage|p2a: Mandibuzz|319\/421
|choice|switch 2|
|
|switch|p1a: Rival Gee MCDonald|Nidoking, M, shiny|303\/303
|move|p2a: Mandibuzz|Knock Off|p1a: Rival Gee MCDonald
|-damage|p1a: Rival Gee MCDonald|212\/303
|-enditem|p1a: Rival Gee MCDonald|Life Orb|[from] move: Knock Off|[of] p2a: Mandibuzz
|
|-heal|p2a: Mandibuzz|345\/421|[from] item: Leftovers
|upkeep
|turn|25
|choice|move icebeam|switch 3
|
|switch|p2a: Blissey|Blissey, F|677\/714
|move|p1a: Rival Gee MCDonald|Ice Beam|p2a: Blissey
|-crit|p2a: Blissey
|-damage|p2a: Blissey|546\/714
|
|-heal|p2a: Blissey|590\/714|[from] item: Leftovers
|upkeep
|turn|26
|choice|move sludgewave|move seismictoss
|
|move|p1a: Rival Gee MCDonald|Sludge Wave|p2a: Blissey
|-damage|p2a: Blissey|451\/714
|move|p2a: Blissey|Seismic Toss|p1a: Rival Gee MCDonald
|-damage|p1a: Rival Gee MCDonald|112\/303
|
|-heal|p2a: Blissey|495\/714|[from] item: Leftovers
|upkeep
|turn|27
|choice|move sludgewave|move softboiled
|
|move|p1a: Rival Gee MCDonald|Sludge Wave|p2a: Blissey
|-damage|p2a: Blissey|359\/714
|move|p2a: Blissey|Soft-Boiled|p2a: Blissey
|-heal|p2a: Blissey|714\/714
|
|upkeep
|turn|28
|-message|WoodyFTW forfeited.
|
|win|Weak as Muk
|player|p1
|player|p2
|l|WoodyFTW
|c|★Weak as Muk|gg
|raw|WoodyFTW's rating: 1203 &rarr; <strong>1165<\/strong><br \/>(-38 for losing)
|raw|Weak as Muk's rating: 1000 &rarr; <strong>1061<\/strong><br \/>(+61 for winning)</script>
</div>
<div class="battle-log battle-log-inline"><div class="inner"><div class="battle-options"></div><div class="inner"><div class="chat"><small>WoodyFTW joined.</small></div><div class="chat"><small>Weak as Muk joined.</small></div><div class=""><small>Format:</small> <br><strong>UU</strong></div><div class="rated"><strong>Rated battle</strong></div><div class=""><small><em>Sleep Clause Mod:</em> Limit one foe put to sleep</small></div><div class=""><small><em>Species Clause:</em> Limit one of each Pokémon</small></div><div class=""><small><em>OHKO Clause:</em> OHKO moves are banned</small></div><div class=""><small><em>Moody Clause:</em> Moody is banned</small></div><div class=""><small><em>Evasion Moves Clause:</em> Evasion moves are banned</small></div><div class=""><small><em>Endless Battle Clause:</em> Forcing endless battles is banned</small></div><div class=""><small><em>HP Percentage Mod:</em> HP is shown in percentages</small></div><div class=""><small><em>Swagger Clause:</em> Swagger is banned</small></div><div class=""><small><em>Baton Pass Clause:</em> Limit one Baton Passer, can't pass Spe and other stats simultaneously</small></div><div class="chat battle-history"><strong>WoodyFTW's team:</strong> <em style="color:#445566;display:block;">Scrafty / Nidoking / Flygon / Electivire / Blastoise / Crobat</em></div><div class="chat battle-history"><strong>Weak as Muk's team:</strong> <em style="color:#445566;display:block;">Beedrill / Quagsire / Mandibuzz / Blissey / Xatu / Forretress</em></div><div class="chat chatmessage-woodyftw"><strong style="color:hsl(3,45%,51.790617958425%)"><small>★</small><span class="username" data-name="WoodyFTW">WoodyFTW</span>:</strong> <em>glhf</em></div><div class="chat chatmessage-weakasmuk"><strong style="color:hsl(256,53%,58.590534985646826%)"><small>★</small><span class="username" data-name="Weak as Muk">Weak as Muk</span>:</strong> <em>gl</em></div><div class="spacer battle-history"><br></div><div class="battle-history">Battle started between WoodyFTW and Weak as Muk!<br></div><div class="spacer battle-history"><br></div><div class="battle-history">Go! Batman (<strong>Crobat</strong>)!<br></div><div class="spacer battle-history"><br></div><div class="battle-history">Weak as Muk sent out <strong>Beedrill</strong>!<br></div><div class="spacer battle-history"><br></div><h2 class="battle-history">Turn 1</h2><div class="spacer battle-history"><br></div><div class="battle-history"><small>The opposing Beedrill's Beedrillite is reacting to Weak as Muk's Mega Bracelet!</small><br>The opposing Beedrill has Mega Evolved into Mega Beedrill!<br></div><div class="spacer battle-history"><br></div><div class="battle-history">The opposing Beedrill used <strong>Protect</strong>!<br></div><div class="battle-history"><small>The opposing Beedrill protected itself!</small><br></div><div class="spacer battle-history"><br></div><div class="battle-history">Batman used <strong>Mean Look</strong>!<br></div><div class="battle-history"><small>The opposing Beedrill can no longer escape!</small><br></div><div class="spacer battle-history"><br></div><h2 class="battle-history">Turn 2</h2><div class="spacer battle-history"><br></div><div class="battle-history">Batman, come back!<br></div><div class="battle-history">Go! Paul Strongest (<strong>Electivire</strong>)!<br></div><div class="spacer battle-history"><br></div><div class="battle-history">The opposing Beedrill used <strong>U-turn</strong>!<br></div><div class="battle-history"><small>(Paul Strongest lost <abbr title="−242/291">83.2%</abbr> of its health!)</small><br></div><div class="spacer battle-history"><br></div><div class="battle-history">The opposing Beedrill went back to Weak as Muk!<br></div><div class="battle-history">Weak as Muk sent out <strong>Quagsire</strong>!<br></div><div class="spacer battle-history"><br></div><h2 class="battle-history">Turn 3</h2><div class="spacer battle-history"><br></div><div class="battle-history">Paul Strongest used <strong>Cross Chop</strong>!<br></div><div class="battle-history"><small>(The opposing Quagsire lost <abbr title="−102/394">25.9%</abbr> of its health!)</small><br></div><div class="spacer battle-history"><br></div><div class="battle-history">The opposing Quagsire used <strong>Scald</strong>!<br></div><div class="battle-history"><small>(Paul Strongest lost <abbr title="−49/291">16.8%</abbr> of its health!)</small><br></div><div class="spacer battle-history"><br></div><div class="battle-history">Paul Strongest fainted!<br></div><div class="spacer battle-history"><br></div><div class="battle-history"><small>The opposing Quagsire restored a little HP using its Leftovers!</small><br></div><div class="spacer battle-history"><br></div><div class="battle-history">Go! HulkANator (<strong>Blastoise</strong>)!<br></div><div class="spacer battle-history"><br></div><h2 class="battle-history">Turn 4</h2><div class="spacer battle-history"><br></div><div class="battle-history">Weak as Muk withdrew Quagsire!<br></div><div class="battle-history">Weak as Muk sent out <strong>Blissey</strong>!<br></div><div class="spacer battle-history"><br></div><div class="battle-history"><small>HulkANator's Blastoisinite is reacting to WoodyFTW's Mega Bracelet!</small><br>HulkANator has Mega Evolved into Mega Blastoise!<br></div><div class="spacer battle-history"><br></div><div class="battle-history">HulkANator used <strong>Aura Sphere</strong>!<br></div><div class="battle-history"><small>It's super effective!</small><br></div><div class="battle-history"><small>(The opposing Blissey lost <abbr title="−264/714">37.0%</abbr> of its health!)</small><br></div><div class="spacer battle-history"><br></div><div class="battle-history"><small>The opposing Blissey restored a little HP using its Leftovers!</small><br></div><div class="spacer battle-history"><br></div><h2 class="battle-history">Turn 5</h2><div class="spacer battle-history"><br></div><div class="battle-history">HulkANator used <strong>Water Pulse</strong>!<br></div><div class="battle-history"><small>(The opposing Blissey lost <abbr title="−136/714">19.0%</abbr> of its health!)</small><br></div><div class="spacer battle-history"><br></div><div class="battle-history">The opposing Blissey used <strong>Soft-Boiled</strong>!<br></div><div class="battle-history"><small>The opposing Blissey restored its HP.</small><br></div><div class="spacer battle-history"><br></div><h2 class="battle-history">Turn 6</h2><div class="spacer battle-history"><br></div><div class="battle-history">HulkANator used <strong>Aura Sphere</strong>!<br></div><div class="battle-history"><small>It's super effective!</small><br></div><div class="battle-history"><small>(The opposing Blissey lost <abbr title="−262/714">36.7%</abbr> of its health!)</small><br></div><div class="spacer battle-history"><br></div><div class="battle-history">The opposing Blissey used <strong>Seismic Toss</strong>!<br></div><div class="battle-history"><small>(HulkANator lost <abbr title="−100/301">33.2%</abbr> of its health!)</small><br></div><div class="spacer battle-history"><br></div><div class="battle-history"><small>The opposing Blissey restored a little HP using its Leftovers!</small><br></div><div class="spacer battle-history"><br></div><h2 class="battle-history">Turn 7</h2><div class="spacer battle-history"><br></div><div class="battle-history">HulkANator used <strong>Aura Sphere</strong>!<br></div><div class="battle-history"><small>It's super effective!</small><br></div><div class="battle-history"><small>(The opposing Blissey lost <abbr title="−268/714">37.5%</abbr> of its health!)</small><br></div><div class="spacer battle-history"><br></div><div class="battle-history">The opposing Blissey used <strong>Thunder Wave</strong>!<br></div><div class="battle-history"><small>HulkANator is paralyzed! It may be unable to move!</small><br></div><div class="spacer battle-history"><br></div><div class="battle-history"><small>The opposing Blissey restored a little HP using its Leftovers!</small><br></div><div class="spacer battle-history"><br></div><h2 class="battle-history">Turn 8</h2><div class="spacer battle-history"><br></div><div class="battle-history">The opposing Blissey used <strong>Soft-Boiled</strong>!<br></div><div class="battle-history"><small>The opposing Blissey restored its HP.</small><br></div><div class="spacer battle-history"><br></div><div class="battle-history">HulkANator is paralyzed! It can't move!<br></div><div class="spacer battle-history"><br></div><div class="battle-history"><small>The opposing Blissey restored a little HP using its Leftovers!</small><br></div><div class="spacer battle-history"><br></div><h2 class="battle-history">Turn 9</h2><div class="spacer battle-history"><br></div><div class="battle-history">The opposing Blissey used <strong>Seismic Toss</strong>!<br></div><div class="battle-history"><small>(HulkANator lost <abbr title="−100/301">33.2%</abbr> of its health!)</small><br></div><div class="spacer battle-history"><br></div><div class="battle-history">HulkANator used <strong>Aura Sphere</strong>!<br></div><div class="battle-history"><small>It's super effective!</small><br></div><div class="battle-history"><small>(The opposing Blissey lost <abbr title="−230/714">32.2%</abbr> of its health!)</small><br></div><div class="spacer battle-history"><br></div><div class="battle-history"><small>The opposing Blissey restored a little HP using its Leftovers!</small><br></div><div class="spacer battle-history"><br></div><h2 class="battle-history">Turn 10</h2><div class="spacer battle-history"><br></div><div class="battle-history">The opposing Blissey used <strong>Soft-Boiled</strong>!<br></div><div class="battle-history"><small>The opposing Blissey restored its HP.</small><br></div><div class="spacer battle-history"><br></div><div class="battle-history">HulkANator used <strong>Aura Sphere</strong>!<br></div><div class="battle-history"><small>It's super effective!</small><br></div><div class="battle-history"><small>(The opposing Blissey lost <abbr title="−264/714">37.0%</abbr> of its health!)</small><br></div><div class="spacer battle-history"><br></div><div class="battle-history"><small>The opposing Blissey restored a little HP using its Leftovers!</small><br></div><div class="spacer battle-history"><br></div><h2 class="battle-history">Turn 11</h2><div class="spacer battle-history"><br></div><div class="battle-history">The opposing Blissey used <strong>Seismic Toss</strong>!<br></div><div class="battle-history"><small>(HulkANator lost <abbr title="−100/301">33.2%</abbr> of its health!)</small><br></div><div class="spacer battle-history"><br></div><div class="battle-history">HulkANator used <strong>Aura Sphere</strong>!<br></div><div class="battle-history"><small>It's super effective!</small><br></div><div class="battle-history"><small>(The opposing Blissey lost <abbr title="−258/714">36.1%</abbr> of its health!)</small><br></div><div class="spacer battle-history"><br></div><div class="battle-history"><small>The opposing Blissey restored a little HP using its Leftovers!</small><br></div><div class="spacer battle-history"><br></div><h2 class="battle-history">Turn 12</h2><div class="spacer battle-history"><br></div><div class="battle-history">The opposing Blissey used <strong>Soft-Boiled</strong>!<br></div><div class="battle-history"><small>The opposing Blissey restored its HP.</small><br></div><div class="spacer battle-history"><br></div><div class="battle-history">HulkANator is paralyzed! It can't move!<br></div><div class="spacer battle-history"><br></div><div class="battle-history"><small>The opposing Blissey restored a little HP using its Leftovers!</small><br></div><div class="spacer battle-history"><br></div><h2 class="battle-history">Turn 13</h2><div class="spacer battle-history"><br></div><div class="battle-history">The opposing Blissey used <strong>Seismic Toss</strong>!<br></div><div class="battle-history"><small>(HulkANator lost <abbr title="−1/301">0.3%</abbr> of its health!)</small><br></div><div class="spacer battle-history"><br></div><div class="battle-history">HulkANator fainted!<br></div><div class="spacer battle-history"><br></div><div class="battle-history"><small>The opposing Blissey restored a little HP using its Leftovers!</small><br></div><div class="spacer battle-history"><br></div><div class="battle-history">Go! Hoodlum (<strong>Scrafty</strong>)!<br></div><div class="spacer battle-history"><br></div><h2 class="battle-history">Turn 14</h2><div class="spacer battle-history"><br></div><div class="battle-history">Weak as Muk withdrew Blissey!<br></div><div class="battle-history">Weak as Muk sent out <strong>Quagsire</strong>!<br></div><div class="spacer battle-history"><br></div><div class="battle-history">Hoodlum used <strong>Dragon Dance</strong>!<br></div><div class="battle-history"><small>Hoodlum's Attack rose!</small><br></div><div class="battle-history"><small>Hoodlum's Speed rose!</small><br></div><div class="spacer battle-history"><br></div><div class="battle-history"><small>The opposing Quagsire restored a little HP using its Leftovers!</small><br></div><div class="spacer battle-history"><br></div><h2 class="battle-history">Turn 15</h2><div class="spacer battle-history"><br></div><div class="battle-history">Hoodlum used <strong>Knock Off</strong>!<br></div><div class="battle-history"><small>(The opposing Quagsire lost <abbr title="−165/394">41.9%</abbr> of its health!)</small><br></div><div class="battle-history"><small>Hoodlum knocked off the opposing Quagsire's Leftovers!</small><br></div><div class="battle-history"><small>Hoodlum lost some of its HP!</small><br></div><div class="spacer battle-history"><br></div><div class="battle-history">The opposing Quagsire used <strong>Toxic</strong>!<br></div><div class="battle-history"><small>Hoodlum was badly poisoned!</small><br></div><div class="spacer battle-history"><br></div><div class="battle-history"><small>Hoodlum was hurt by poison!</small><br></div><div class="spacer battle-history"><br></div><h2 class="battle-history">Turn 16</h2><div class="spacer battle-history"><br></div><div class="battle-history">Hoodlum used <strong>Drain Punch</strong>!<br></div><div class="battle-history"><small>(The opposing Quagsire lost <abbr title="−114/394">28.9%</abbr> of its health!)</small><br></div><div class="battle-history"><small>The opposing Quagsire had its energy drained!</small><br></div><div class="battle-history"><small>Hoodlum lost some of its HP!</small><br></div><div class="spacer battle-history"><br></div><div class="battle-history">The opposing Quagsire used <strong>Recover</strong>!<br></div><div class="battle-history"><small>The opposing Quagsire restored its HP.</small><br></div><div class="spacer battle-history"><br></div><div class="battle-history"><small>Hoodlum was hurt by poison!</small><br></div><div class="spacer battle-history"><br></div><h2 class="battle-history">Turn 17</h2><div class="spacer battle-history"><br></div><div class="battle-history">Hoodlum, come back!<br></div><div class="battle-history">Go! Google My Mega (<strong>Flygon</strong>)!<br></div><div class="spacer battle-history"><br></div><div class="battle-history">The opposing Quagsire used <strong>Recover</strong>!<br></div><div class="battle-history"><small>The opposing Quagsire restored its HP.</small><br></div><div class="spacer battle-history"><br></div><h2 class="battle-history">Turn 18</h2><div class="spacer battle-history"><br></div><div class="battle-history">Weak as Muk withdrew Quagsire!<br></div><div class="battle-history">Weak as Muk sent out <strong>Blissey</strong>!<br></div><div class="spacer battle-history"><br></div><div class="battle-history">Google My Mega used <strong>Dragon Claw</strong>!<br></div><div class="battle-history"><small>(The opposing Blissey lost <abbr title="−202/714">28.3%</abbr> of its health!)</small><br></div><div class="spacer battle-history"><br></div><div class="battle-history"><small>The opposing Blissey restored a little HP using its Leftovers!</small><br></div><div class="spacer battle-history"><br></div><h2 class="battle-history">Turn 19</h2><div class="spacer battle-history"><br></div><div class="battle-history">Weak as Muk withdrew Blissey!<br></div><div class="battle-history">Weak as Muk sent out <strong>Forretress</strong>!<br></div><div class="spacer battle-history"><br></div><div class="battle-history">Google My Mega used <strong>Earthquake</strong>!<br></div><div class="battle-history"><small>(The opposing Forretress lost <abbr title="−81/354">22.9%</abbr> of its health!)</small><br></div><div class="spacer battle-history"><br></div><div class="battle-history"><small>The opposing Forretress restored a little HP using its Leftovers!</small><br></div><div class="spacer battle-history"><br></div><h2 class="battle-history">Turn 20</h2><div class="spacer battle-history"><br></div><div class="battle-history">Weak as Muk withdrew Forretress!<br></div><div class="battle-history">Weak as Muk sent out <strong>Blissey</strong>!<br></div><div class="spacer battle-history"><br></div><div class="battle-history">Google My Mega used <strong>Dragon Claw</strong>!<br></div><div class="battle-history"><small>(The opposing Blissey lost <abbr title="−198/714">27.7%</abbr> of its health!)</small><br></div><div class="spacer battle-history"><br></div><div class="battle-history"><small>The opposing Blissey restored a little HP using its Leftovers!</small><br></div><div class="spacer battle-history"><br></div><h2 class="battle-history">Turn 21</h2><div class="spacer battle-history"><br></div><div class="battle-history">Google My Mega used <strong>Earthquake</strong>!<br></div><div class="battle-history"><small>(The opposing Blissey lost <abbr title="−256/714">35.9%</abbr> of its health!)</small><br></div><div class="spacer battle-history"><br></div><div class="battle-history">The opposing Blissey used <strong>Soft-Boiled</strong>!<br></div><div class="battle-history"><small>The opposing Blissey restored its HP.</small><br></div><div class="spacer battle-history"><br></div><div class="battle-history"><small>The opposing Blissey restored a little HP using its Leftovers!</small><br></div><div class="spacer battle-history"><br></div><h2 class="battle-history">Turn 22</h2><div class="spacer battle-history"><br></div><div class="battle-history">Google My Mega used <strong>Earthquake</strong>!<br></div><div class="battle-history"><small>(The opposing Blissey lost <abbr title="−271/714">38.0%</abbr> of its health!)</small><br></div><div class="spacer battle-history"><br></div><div class="battle-history">The opposing Blissey used <strong>Soft-Boiled</strong>!<br></div><div class="battle-history"><small>The opposing Blissey restored its HP.</small><br></div><div class="spacer battle-history"><br></div><div class="battle-history"><small>The opposing Blissey restored a little HP using its Leftovers!</small><br></div><div class="spacer battle-history"><br></div><h2 class="battle-history">Turn 23</h2><div class="spacer battle-history"><br></div><div class="battle-history">Weak as Muk withdrew Blissey!<br></div><div class="battle-history">Weak as Muk sent out <strong>Mandibuzz</strong>!<br></div><div class="spacer battle-history"><br></div><div class="battle-history">Google My Mega used <strong>Dragon Claw</strong>!<br></div><div class="battle-history"><small>(The opposing Mandibuzz lost <abbr title="−78/421">18.5%</abbr> of its health!)</small><br></div><div class="spacer battle-history"><br></div><div class="battle-history"><small>The opposing Mandibuzz restored a little HP using its Leftovers!</small><br></div><div class="spacer battle-history"><br></div><h2 class="battle-history">Turn 24</h2><div class="spacer battle-history"><br></div><div class="battle-history">Google My Mega used <strong>U-turn</strong>!<br></div><div class="battle-history"><small>(The opposing Mandibuzz lost <abbr title="−50/421">11.9%</abbr> of its health!)</small><br></div><div class="spacer battle-history"><br></div><div class="battle-history">Google My Mega went back to WoodyFTW!<br></div><div class="battle-history">Go! Rival Gee MCDonald (<strong>Nidoking</strong>)!<br></div><div class="spacer battle-history"><br></div><div class="battle-history">The opposing Mandibuzz used <strong>Knock Off</strong>!<br></div><div class="battle-history"><small>(Rival Gee MCDonald lost <abbr title="−91/303">30.0%</abbr> of its health!)</small><br></div><div class="battle-history"><small>The opposing Mandibuzz knocked off Rival Gee MCDonald's Life Orb!</small><br></div><div class="spacer battle-history"><br></div><div class="battle-history"><small>The opposing Mandibuzz restored a little HP using its Leftovers!</small><br></div><div class="spacer battle-history"><br></div><h2 class="battle-history">Turn 25</h2><div class="spacer battle-history"><br></div><div class="battle-history">Weak as Muk withdrew Mandibuzz!<br></div><div class="battle-history">Weak as Muk sent out <strong>Blissey</strong>!<br></div><div class="spacer battle-history"><br></div><div class="battle-history">Rival Gee MCDonald used <strong>Ice Beam</strong>!<br></div><div class="battle-history"><small>A critical hit!</small><br></div><div class="battle-history"><small>(The opposing Blissey lost <abbr title="−131/714">18.3%</abbr> of its health!)</small><br></div><div class="spacer battle-history"><br></div><div class="battle-history"><small>The opposing Blissey restored a little HP using its Leftovers!</small><br></div><div class="spacer battle-history"><br></div><h2 class="battle-history">Turn 26</h2><div class="spacer battle-history"><br></div><div class="battle-history">Rival Gee MCDonald used <strong>Sludge Wave</strong>!<br></div><div class="battle-history"><small>(The opposing Blissey lost <abbr title="−139/714">19.5%</abbr> of its health!)</small><br></div><div class="spacer battle-history"><br></div><div class="battle-history">The opposing Blissey used <strong>Seismic Toss</strong>!<br></div><div class="battle-history"><small>(Rival Gee MCDonald lost <abbr title="−100/303">33.0%</abbr> of its health!)</small><br></div><div class="spacer battle-history"><br></div><div class="battle-history"><small>The opposing Blissey restored a little HP using its Leftovers!</small><br></div><div class="spacer battle-history"><br></div><h2 class="battle-history">Turn 27</h2><div class="spacer battle-history"><br></div><div class="battle-history">Rival Gee MCDonald used <strong>Sludge Wave</strong>!<br></div><div class="battle-history"><small>(The opposing Blissey lost <abbr title="−136/714">19.0%</abbr> of its health!)</small><br></div><div class="spacer battle-history"><br></div><div class="battle-history">The opposing Blissey used <strong>Soft-Boiled</strong>!<br></div><div class="battle-history"><small>The opposing Blissey restored its HP.</small><br></div><div class="spacer battle-history"><br></div><h2 class="battle-history">Turn 28</h2><div class="spacer battle-history"><br></div><div class="battle-history"><small>WoodyFTW forfeited.</small><br></div><div class="spacer battle-history"><br></div><div class="battle-history"><strong>Weak as Muk</strong> won the battle!<br></div><div class="chat"><small>WoodyFTW left.</small></div><div class="chat chatmessage-weakasmuk"><strong style="color:hsl(256,53%,58.590534985646826%)"><small>★</small><span class="username" data-name="Weak as Muk">Weak as Muk</span>:</strong> <em>gg</em></div><div class="chat">WoodyFTW's rating: 1203 → <strong>1165</strong><br>(-38 for losing)</div><div class="chat">Weak as Muk's rating: 1000 → <strong>1061</strong><br>(+61 for winning)</div></div><div class="inner-preempt"></div></div></div>
</div>
<script>
let daily = Math.floor(Date.now()/1000/60/60/24);document.write('<script src="https://play.pokemonshowdown.com/js/replay-embed.js?version'+daily+'"></'+'script>');
</script>
