<!DOCTYPE html>
<meta charset="utf-8" />
<!-- version 1 -->
<title>UU replay: Parnstar vs. Axel553</title>
<style>
html,body {font-family:Verdana, sans-serif;font-size:10pt;margin:0;padding:0;}body{padding:12px 0;} .battle-log {font-family:Verdana, sans-serif;font-size:10pt;} .battle-log-inline {border:1px solid #AAAAAA;background:#EEF2F5;color:black;max-width:640px;margin:0 auto 80px;padding-bottom:5px;} .battle-log .inner {padding:4px 8px 0px 8px;} .battle-log .inner-preempt {padding:0 8px 4px 8px;} .battle-log .inner-after {margin-top:0.5em;} .battle-log h2 {margin:0.5em -8px;padding:4px 8px;border:1px solid #AAAAAA;background:#E0E7EA;border-left:0;border-right:0;font-family:Verdana, sans-serif;font-size:13pt;} .battle-log .chat {vertical-align:middle;padding:3px 0 3px 0;font-size:8pt;} .battle-log .chat strong {color:#40576A;} .battle-log .chat em {padding:1px 4px 1px 3px;color:#000000;font-style:normal;} .chat.mine {background:rgba(0,0,0,0.05);margin-left:-8px;margin-right:-8px;padding-left:8px;padding-right:8px;} .spoiler {color:#BBBBBB;background:#BBBBBB;padding:0px 3px;} .spoiler:hover, .spoiler:active, .spoiler-shown {color:#000000;background:#E2E2E2;padding:0px 3px;} .spoiler a {color:#BBBBBB;} .spoiler:hover a, .spoiler:active a, .spoiler-shown a {color:#2288CC;} .chat code, .chat .spoiler:hover code, .chat .spoiler:active code, .chat .spoiler-shown code {border:1px solid #C0C0C0;background:#EEEEEE;color:black;padding:0 2px;} .chat .spoiler code {border:1px solid #CCCCCC;background:#CCCCCC;color:#CCCCCC;} .battle-log .rated {padding:3px 4px;} .battle-log .rated strong {color:white;background:#89A;padding:1px 4px;border-radius:4px;} .spacer {margin-top:0.5em;} .message-announce {background:#6688AA;color:white;padding:1px 4px 2px;} .message-announce a, .broadcast-green a, .broadcast-blue a, .broadcast-red a {color:#DDEEFF;} .broadcast-green {background-color:#559955;color:white;padding:2px 4px;} .broadcast-blue {background-color:#6688AA;color:white;padding:2px 4px;} .infobox {border:1px solid #6688AA;padding:2px 4px;} .infobox-limited {max-height:200px;overflow:auto;overflow-x:hidden;} .broadcast-red {background-color:#AA5544;color:white;padding:2px 4px;} .message-learn-canlearn {font-weight:bold;color:#228822;text-decoration:underline;} .message-learn-cannotlearn {font-weight:bold;color:#CC2222;text-decoration:underline;} .message-effect-weak {font-weight:bold;color:#CC2222;} .message-effect-resist {font-weight:bold;color:#6688AA;} .message-effect-immune {font-weight:bold;color:#666666;} .message-learn-list {margin-top:0;margin-bottom:0;} .message-throttle-notice, .message-error {color:#992222;} .message-overflow, .chat small.message-overflow {font-size:0pt;} .message-overflow::before {font-size:9pt;content:'...';} .subtle {color:#3A4A66;}
</style>
<div class="wrapper replay-wrapper" style="max-width:1180px;margin:0 auto">
<input type="hidden" name="replayid" value="uu-543919965" />
<div class="battle"></div><div class="battle-log"></div><div class="replay-controls"></div><div class="replay-controls-2"></div>
<h1 style="font-weight:normal;text-align:center"><strong>UU</strong><br /><a href="http://pokemonshowdown.com/users/parnstar" class="subtle" target="_blank">Parnstar</a> vs. <a href="http://pokemonshowdown.com/users/axel553" class="subtle" target="_blank">Axel553</a></h1>
<script type="text/plain" class="battle-log-data">|j|Parnstar
|j|Axel553
|player|p1|Parnstar|21
|player|p2|Axel553|1
|gametype|singles
|gen|6
|tier|UU
|rated
|seed|33771,52051,64265,63127
|rule|Sleep Clause Mod: Limit one foe put to sleep
|rule|Species Clause: Limit one of each Pokémon
|rule|OHKO Clause: OHKO moves are banned
|rule|Moody Clause: Moody is banned
|rule|Evasion Moves Clause: Evasion moves are banned
|rule|Endless Battle Clause: Forcing endless battles is banned
|rule|HP Percentage Mod: HP is shown in percentages
|clearpoke
|poke|p1|Houndoom, F|item
|poke|p1|Gyarados, M|item
|poke|p1|Crobat, M|item
|poke|p1|Metagross|item
|poke|p1|Conkeldurr, M|item
|poke|p1|Sylveon, M|item
|poke|p2|Hydreigon, F|item
|poke|p2|Roserade, M|item
|poke|p2|Galvantula, M|item
|poke|p2|Mamoswine, M|item
|poke|p2|Conkeldurr, M|item
|poke|p2|Aggron, M|item
|rule|Swagger Clause: Swagger is banned
|rule|Baton Pass Clause: Limit one Baton Passer, can't pass Spe and other stats simultaneously
|teampreview
|choice|team 1, team 2, team 3, team 4, team 5, team 6|team 3, team 2, team 1, team 4, team 5, team 6
|
|start
|switch|p1a: Houndoom|Houndoom, F|291\/291
|switch|p2a: Galvantula|Galvantula, M|281\/281
|turn|1
|c|☆Axel553|glhf
|choice|move flamethrower mega|move stickyweb
|
|detailschange|p1a: Houndoom|Houndoom-Mega, F
|-mega|p1a: Houndoom|Houndoom|Houndoominite
|move|p2a: Galvantula|Sticky Web|p1a: Houndoom
|-sidestart|p1: Parnstar|move: Sticky Web
|move|p1a: Houndoom|Flamethrower|p2a: Galvantula
|-supereffective|p2a: Galvantula
|-enditem|p2a: Galvantula|Focus Sash
|-damage|p2a: Galvantula|1\/281
|
|upkeep
|turn|2
|choice|move flamethrower|move thunder
|
|move|p1a: Houndoom|Flamethrower|p2a: Galvantula
|-supereffective|p2a: Galvantula
|-damage|p2a: Galvantula|0 fnt
|faint|p2a: Galvantula
|
|upkeep
|c|☆Axel553|speed tie?
|choice||switch 5
|
|switch|p2a: Conkeldurr|Conkeldurr, M|414\/414
|turn|3
|choice|switch 2|move bulkup
|
|switch|p1a: Gyarados|Gyarados, M|354\/354
|-ability|p1a: Gyarados|Intimidate|boost
|-unboost|p2a: Conkeldurr|atk|1
|move|p2a: Conkeldurr|Bulk Up|p2a: Conkeldurr
|-boost|p2a: Conkeldurr|atk|1
|-boost|p2a: Conkeldurr|def|1
|
|-status|p2a: Conkeldurr|brn|[from] item: Flame Orb
|upkeep
|turn|4
|choice|move bounce|move knockoff
|
|move|p1a: Gyarados|Bounce|p2a: Conkeldurr|[still]
|-prepare|p1a: Gyarados|Bounce|p2a: Conkeldurr
|move|p2a: Conkeldurr|Knock Off|p1a: Gyarados|[miss]
|-miss|p2a: Conkeldurr|p1a: Gyarados
|
|-damage|p2a: Conkeldurr|363\/414 brn|[from] brn
|upkeep
|turn|5
|choice|move bounce 1|move knockoff
|
|move|p1a: Gyarados|Bounce|p2a: Conkeldurr|[from]lockedmove
|-supereffective|p2a: Conkeldurr
|-damage|p2a: Conkeldurr|193\/414 brn
|move|p2a: Conkeldurr|Knock Off|p1a: Gyarados
|-damage|p1a: Gyarados|170\/354
|-enditem|p1a: Gyarados|Leftovers|[from] move: Knock Off|[of] p2a: Conkeldurr
|
|-damage|p2a: Conkeldurr|142\/414 brn|[from] brn
|upkeep
|turn|6
|choice|move bounce|move bulkup
|
|move|p1a: Gyarados|Bounce|p2a: Conkeldurr|[still]
|-prepare|p1a: Gyarados|Bounce|p2a: Conkeldurr
|move|p2a: Conkeldurr|Bulk Up|p2a: Conkeldurr
|-boost|p2a: Conkeldurr|atk|1
|-boost|p2a: Conkeldurr|def|1
|
|-damage|p2a: Conkeldurr|91\/414 brn|[from] brn
|upkeep
|turn|7
|j|EdoMinato_OP
|choice|move bounce 1|move drainpunch
|
|move|p1a: Gyarados|Bounce|p2a: Conkeldurr|[from]lockedmove
|-supereffective|p2a: Conkeldurr
|-damage|p2a: Conkeldurr|0 fnt
|faint|p2a: Conkeldurr
|
|upkeep
|choice||switch 4
|
|switch|p2a: Mamoswine|Mamoswine, M|361\/361
|turn|8
|choice|move waterfall|move iciclecrash
|
|move|p2a: Mamoswine|Icicle Crash|p1a: Gyarados
|-damage|p1a: Gyarados|17\/354
|move|p1a: Gyarados|Waterfall|p2a: Mamoswine
|-supereffective|p2a: Mamoswine
|-damage|p2a: Mamoswine|103\/361
|
|upkeep
|turn|9
|choice|switch 4|move iciclecrash
|
|switch|p1a: Metagross|Metagross|364\/364
|-activate|p1a: Metagross|move: Sticky Web
|-fail|p1a: Metagross|unboost|[from] ability: Clear Body|[of] p1a: Metagross
|move|p2a: Mamoswine|Icicle Crash|p1a: Metagross
|-resisted|p1a: Metagross
|-damage|p1a: Metagross|307\/364
|
|-heal|p1a: Metagross|329\/364|[from] item: Leftovers
|upkeep
|turn|10
|choice|move bulletpunch|switch 6
|
|switch|p2a: Aggron|Aggron, M|343\/343
|move|p1a: Metagross|Bullet Punch|p2a: Aggron
|-damage|p2a: Aggron|292\/343
|
|-heal|p1a: Metagross|351\/364|[from] item: Leftovers
|upkeep
|turn|11
|choice|move honeclaws|move autotomize mega
|
|detailschange|p2a: Aggron|Aggron-Mega, M
|-mega|p2a: Aggron|Aggron|Aggronite
|move|p1a: Metagross|Hone Claws|p1a: Metagross
|-boost|p1a: Metagross|atk|1
|-boost|p1a: Metagross|accuracy|1
|move|p2a: Aggron|Autotomize|p2a: Aggron
|-boost|p2a: Aggron|spe|2
|-start|p2a: Aggron|Autotomize
|
|-heal|p1a: Metagross|364\/364|[from] item: Leftovers
|upkeep
|turn|12
|choice|move zenheadbutt|move honeclaws
|
|move|p2a: Aggron|Hone Claws|p2a: Aggron
|-boost|p2a: Aggron|atk|1
|-boost|p2a: Aggron|accuracy|1
|move|p1a: Metagross|Zen Headbutt|p2a: Aggron
|-resisted|p2a: Aggron
|-damage|p2a: Aggron|229\/343
|
|upkeep
|turn|13
|choice|move meteormash|move honeclaws
|
|move|p2a: Aggron|Hone Claws|p2a: Aggron
|-boost|p2a: Aggron|atk|1
|-boost|p2a: Aggron|accuracy|1
|move|p1a: Metagross|Meteor Mash|p2a: Aggron
|-resisted|p2a: Aggron
|-damage|p2a: Aggron|170\/343
|
|upkeep
|turn|14
|choice|switch 4|move aquatail
|
|switch|p1a: Gyarados|Gyarados, M|17\/354
|-ability|p1a: Gyarados|Intimidate|boost
|-unboost|p2a: Aggron|atk|1
|move|p2a: Aggron|Aqua Tail|p1a: Gyarados
|-resisted|p1a: Gyarados
|-damage|p1a: Gyarados|0 fnt
|faint|p1a: Gyarados
|
|upkeep
|c| EdoMinato_OP|sweep of mega aggron?
|c|☆Axel553|ill try
|choice|switch 5|
|
|switch|p1a: Conkeldurr|Conkeldurr, M|414\/414
|-activate|p1a: Conkeldurr|move: Sticky Web
|-unboost|p1a: Conkeldurr|spe|1
|turn|15
|choice|move machpunch|move irontail
|
|move|p1a: Conkeldurr|Mach Punch|p2a: Aggron
|-supereffective|p2a: Aggron
|-damage|p2a: Aggron|107\/343
|move|p2a: Aggron|Iron Tail|p1a: Conkeldurr
|-damage|p1a: Conkeldurr|72\/414
|
|upkeep
|turn|16
|choice|move machpunch|move aquatail
|
|move|p1a: Conkeldurr|Mach Punch|p2a: Aggron
|-supereffective|p2a: Aggron
|-damage|p2a: Aggron|44\/343
|move|p2a: Aggron|Aqua Tail|p1a: Conkeldurr
|-damage|p1a: Conkeldurr|0 fnt
|faint|p1a: Conkeldurr
|
|upkeep
|choice|switch 3|
|
|switch|p1a: Crobat|Crobat, M|311\/311
|turn|17
|choice|move bravebird|move irontail
|
|move|p1a: Crobat|Brave Bird|p2a: Aggron
|-resisted|p2a: Aggron
|-damage|p2a: Aggron|0 fnt
|-damage|p1a: Crobat|296\/311|[from] recoil|[of] p2a: Aggron
|faint|p2a: Aggron
|
|upkeep
|choice||switch 6
|
|switch|p2a: Mamoswine|Mamoswine, M|103\/361
|turn|18
|choice|switch 4|move earthquake
|
|switch|p1a: Metagross|Metagross|364\/364
|-activate|p1a: Metagross|move: Sticky Web
|-fail|p1a: Metagross|unboost|[from] ability: Clear Body|[of] p1a: Metagross
|move|p2a: Mamoswine|Earthquake|p1a: Metagross
|-supereffective|p1a: Metagross
|-damage|p1a: Metagross|56\/364
|
|-heal|p1a: Metagross|78\/364|[from] item: Leftovers
|upkeep
|turn|19
|choice|move bulletpunch|move earthquake
|
|move|p1a: Metagross|Bullet Punch|p2a: Mamoswine
|-supereffective|p2a: Mamoswine
|-damage|p2a: Mamoswine|0 fnt
|faint|p2a: Mamoswine
|
|-heal|p1a: Metagross|100\/364|[from] item: Leftovers
|upkeep
|c|☆Axel553|NOT THAT TIME
|choice||switch 3
|
|switch|p2a: Hydreigon|Hydreigon, F|325\/325
|turn|20
|choice|move meteormash|move darkpulse
|
|move|p2a: Hydreigon|Dark Pulse|p1a: Metagross
|-supereffective|p1a: Metagross
|-damage|p1a: Metagross|0 fnt
|faint|p1a: Metagross
|
|upkeep
|choice|switch 6|
|
|switch|p1a: Sylveon|Sylveon, M|394\/394
|-activate|p1a: Sylveon|move: Sticky Web
|-unboost|p1a: Sylveon|spe|1
|turn|21
|choice|move hypervoice|switch 2
|
|switch|p2a: Roserade|Roserade, M|261\/261
|move|p1a: Sylveon|Hyper Voice|p2a: Roserade
|-resisted|p2a: Roserade
|-damage|p2a: Roserade|141\/261
|
|upkeep
|turn|22
|choice|switch 4|move sludgebomb
|
|switch|p1a: Crobat|Crobat, M|296\/311
|move|p2a: Roserade|Sludge Bomb|p1a: Crobat
|-resisted|p1a: Crobat
|-crit|p1a: Crobat
|-damage|p1a: Crobat|102\/311
|-damage|p2a: Roserade|115\/261|[from] item: Life Orb
|
|upkeep
|turn|23
|choice|move uturn|move hiddenpower
|
|move|p1a: Crobat|U-turn|p2a: Roserade
|-damage|p2a: Roserade|0 fnt
|faint|p2a: Roserade
|choice|switch 2|
|
|switch|p1a: Houndoom|Houndoom-Mega, F|291\/291
|-activate|p1a: Houndoom|move: Sticky Web
|-unboost|p1a: Houndoom|spe|1
|
|upkeep
|choice||switch 2
|
|switch|p2a: Hydreigon|Hydreigon, F|325\/325
|turn|24
|c|☆Parnstar|Never faught a fast aggron
|c|☆Axel553|gg
|choice|move fireblast|move dracometeor
|
|move|p2a: Hydreigon|Draco Meteor|p1a: Houndoom
|-damage|p1a: Houndoom|0 fnt
|-unboost|p2a: Hydreigon|spa|2
|faint|p1a: Houndoom
|
|upkeep
|choice|switch 2|
|
|switch|p1a: Crobat|Crobat, M|102\/311
|turn|25
|c|☆Axel553|well today your lucky day
|choice|move uturn|move dracometeor
|
|move|p1a: Crobat|U-turn|p2a: Hydreigon
|-supereffective|p2a: Hydreigon
|-damage|p2a: Hydreigon|123\/325
|choice|switch 4|
|
|switch|p1a: Sylveon|Sylveon, M|394\/394
|-activate|p1a: Sylveon|move: Sticky Web
|-unboost|p1a: Sylveon|spe|1
|move|p2a: Hydreigon|Draco Meteor|p1a: Sylveon
|-immune|p1a: Sylveon|[msg]
|
|upkeep
|turn|26
|c|☆Axel553|specs
|choice|move hypervoice|move dracometeor
|
|move|p2a: Hydreigon|Draco Meteor|p1a: Sylveon
|-immune|p1a: Sylveon|[msg]
|move|p1a: Sylveon|Hyper Voice|p2a: Hydreigon
|-supereffective|p2a: Hydreigon
|-damage|p2a: Hydreigon|0 fnt
|faint|p2a: Hydreigon
|
|win|Parnstar
|player|p1
|player|p2
|raw|Parnstar's rating: 1337 &rarr; <strong>1345<\/strong><br \/>(+8 for winning)
|raw|Axel553's rating: 1099 &rarr; <strong>1089<\/strong><br \/>(-10 for losing)
|c|☆Axel553|gg
|c|☆Parnstar|Gg
|l|Axel553</script>
</div>
<div class="battle-log battle-log-inline"><div class="inner"><div class="battle-options"></div><div class="inner"><div class="chat"><small>Parnstar joined.</small></div><div class="chat"><small>Axel553 joined.</small></div><div class=""><small>Format:</small> <br><strong>UU</strong></div><div class="rated"><strong>Rated battle</strong></div><div class=""><small><em>Sleep Clause Mod:</em> Limit one foe put to sleep</small></div><div class=""><small><em>Species Clause:</em> Limit one of each Pokémon</small></div><div class=""><small><em>OHKO Clause:</em> OHKO moves are banned</small></div><div class=""><small><em>Moody Clause:</em> Moody is banned</small></div><div class=""><small><em>Evasion Moves Clause:</em> Evasion moves are banned</small></div><div class=""><small><em>Endless Battle Clause:</em> Forcing endless battles is banned</small></div><div class=""><small><em>HP Percentage Mod:</em> HP is shown in percentages</small></div><div class=""><small><em>Swagger Clause:</em> Swagger is banned</small></div><div class=""><small><em>Baton Pass Clause:</em> Limit one Baton Passer, can't pass Spe and other stats simultaneously</small></div><div class="chat battle-history"><strong>Parnstar's team:</strong> <em style="color:#445566;display:block;">Houndoom / Gyarados / Crobat / Metagross / Conkeldurr / Sylveon</em></div><div class="chat battle-history"><strong>Axel553's team:</strong> <em style="color:#445566;display:block;">Hydreigon / Roserade / Galvantula / Mamoswine / Conkeldurr / Aggron</em></div><div class="spacer battle-history"><br></div><div class="battle-history">Battle started between Parnstar and Axel553!<br></div><div class="spacer battle-history"><br></div><div class="battle-history">Go! <strong>Houndoom</strong>!<br></div><div class="spacer battle-history"><br></div><div class="battle-history">Axel553 sent out <strong>Galvantula</strong>!<br></div><div class="spacer battle-history"><br></div><h2 class="battle-history">Turn 1</h2><div class="chat chatmessage-axel553"><strong style="color:hsl(316,54%,46%)"><small>☆</small><span class="username" data-name="Axel553">Axel553</span>:</strong> <em>glhf</em></div><div class="spacer battle-history"><br></div><div class="battle-history"><small>Houndoom's Houndoominite is reacting to Parnstar's Mega Bracelet!</small><br>Houndoom has Mega Evolved into Mega Houndoom!<br></div><div class="spacer battle-history"><br></div><div class="battle-history">The opposing Galvantula used <strong>Sticky Web</strong>!<br></div><div class="battle-history"><small>A sticky web spreads out on the ground around your team!</small><br></div><div class="spacer battle-history"><br></div><div class="battle-history">Houndoom used <strong>Flamethrower</strong>!<br></div><div class="battle-history"><small>It's super effective!</small><br></div><div class="battle-history"><small>The opposing Galvantula hung on using its Focus Sash!</small><br></div><div class="battle-history"><small>(The opposing Galvantula lost <abbr title="−280/281">99.6%</abbr> of its health!)</small><br></div><div class="spacer battle-history"><br></div><h2 class="battle-history">Turn 2</h2><div class="spacer battle-history"><br></div><div class="battle-history">Houndoom used <strong>Flamethrower</strong>!<br></div><div class="battle-history"><small>It's super effective!</small><br></div><div class="battle-history"><small>(The opposing Galvantula lost <abbr title="−1/281">0.4%</abbr> of its health!)</small><br></div><div class="spacer battle-history"><br></div><div class="battle-history">The opposing Galvantula fainted!<br></div><div class="chat chatmessage-axel553"><strong style="color:hsl(316,54%,46%)"><small>☆</small><span class="username" data-name="Axel553">Axel553</span>:</strong> <em>speed tie?</em></div><div class="spacer battle-history"><br></div><div class="battle-history">Axel553 sent out <strong>Conkeldurr</strong>!<br></div><div class="spacer battle-history"><br></div><h2 class="battle-history">Turn 3</h2><div class="spacer battle-history"><br></div><div class="battle-history">Houndoom, come back!<br></div><div class="battle-history">Go! <strong>Gyarados</strong>!<br></div><div class="battle-history"><small>[Gyarados's Intimidate]</small><br></div><div class="battle-history"><small>The opposing Conkeldurr's Attack fell!</small><br></div><div class="spacer battle-history"><br></div><div class="battle-history">The opposing Conkeldurr used <strong>Bulk Up</strong>!<br></div><div class="battle-history"><small>The opposing Conkeldurr's Attack rose!</small><br></div><div class="battle-history"><small>The opposing Conkeldurr's Defense rose!</small><br></div><div class="spacer battle-history"><br></div><div class="battle-history"><small>The opposing Conkeldurr was burned!</small><br></div><div class="spacer battle-history"><br></div><h2 class="battle-history">Turn 4</h2><div class="spacer battle-history"><br></div><div class="battle-history">Gyarados used <strong>Bounce</strong>!<br></div><div class="battle-history">Gyarados sprang up!<br></div><div class="spacer battle-history"><br></div><div class="battle-history">The opposing Conkeldurr used <strong>Knock Off</strong>!<br></div><div class="battle-history"><small>Gyarados avoided the attack!</small><br></div><div class="spacer battle-history"><br></div><div class="battle-history"><small>The opposing Conkeldurr was hurt by its burn!</small><br></div><div class="spacer battle-history"><br></div><h2 class="battle-history">Turn 5</h2><div class="spacer battle-history"><br></div><div class="battle-history">Gyarados used <strong>Bounce</strong>!<br></div><div class="battle-history"><small>It's super effective!</small><br></div><div class="battle-history"><small>(The opposing Conkeldurr lost <abbr title="−170/414">41.1%</abbr> of its health!)</small><br></div><div class="spacer battle-history"><br></div><div class="battle-history">The opposing Conkeldurr used <strong>Knock Off</strong>!<br></div><div class="battle-history"><small>(Gyarados lost <abbr title="−184/354">52.0%</abbr> of its health!)</small><br></div><div class="battle-history"><small>The opposing Conkeldurr knocked off Gyarados's Leftovers!</small><br></div><div class="spacer battle-history"><br></div><div class="battle-history"><small>The opposing Conkeldurr was hurt by its burn!</small><br></div><div class="spacer battle-history"><br></div><h2 class="battle-history">Turn 6</h2><div class="spacer battle-history"><br></div><div class="battle-history">Gyarados used <strong>Bounce</strong>!<br></div><div class="battle-history">Gyarados sprang up!<br></div><div class="spacer battle-history"><br></div><div class="battle-history">The opposing Conkeldurr used <strong>Bulk Up</strong>!<br></div><div class="battle-history"><small>The opposing Conkeldurr's Attack rose!</small><br></div><div class="battle-history"><small>The opposing Conkeldurr's Defense rose!</small><br></div><div class="spacer battle-history"><br></div><div class="battle-history"><small>The opposing Conkeldurr was hurt by its burn!</small><br></div><div class="spacer battle-history"><br></div><h2 class="battle-history">Turn 7</h2><div class="chat"><small>EdoMinato_OP joined.</small></div><div class="spacer battle-history"><br></div><div class="battle-history">Gyarados used <strong>Bounce</strong>!<br></div><div class="battle-history"><small>It's super effective!</small><br></div><div class="battle-history"><small>(The opposing Conkeldurr lost <abbr title="−91/414">22.0%</abbr> of its health!)</small><br></div><div class="spacer battle-history"><br></div><div class="battle-history">The opposing Conkeldurr fainted!<br></div><div class="spacer battle-history"><br></div><div class="battle-history">Axel553 sent out <strong>Mamoswine</strong>!<br></div><div class="spacer battle-history"><br></div><h2 class="battle-history">Turn 8</h2><div class="spacer battle-history"><br></div><div class="battle-history">The opposing Mamoswine used <strong>Icicle Crash</strong>!<br></div><div class="battle-history"><small>(Gyarados lost <abbr title="−153/354">43.2%</abbr> of its health!)</small><br></div><div class="spacer battle-history"><br></div><div class="battle-history">Gyarados used <strong>Waterfall</strong>!<br></div><div class="battle-history"><small>It's super effective!</small><br></div><div class="battle-history"><small>(The opposing Mamoswine lost <abbr title="−258/361">71.5%</abbr> of its health!)</small><br></div><div class="spacer battle-history"><br></div><h2 class="battle-history">Turn 9</h2><div class="spacer battle-history"><br></div><div class="battle-history">Gyarados, come back!<br></div><div class="battle-history">Go! <strong>Metagross</strong>!<br></div><div class="battle-history"><small>Metagross was caught in a sticky web!</small><br></div><div class="battle-history"><small>[Metagross's Clear Body]</small><br><small>Metagross's stats were not lowered!</small><br></div><div class="spacer battle-history"><br></div><div class="battle-history">The opposing Mamoswine used <strong>Icicle Crash</strong>!<br></div><div class="battle-history"><small>It's not very effective...</small><br></div><div class="battle-history"><small>(Metagross lost <abbr title="−57/364">15.7%</abbr> of its health!)</small><br></div><div class="spacer battle-history"><br></div><div class="battle-history"><small>Metagross restored a little HP using its Leftovers!</small><br></div><div class="spacer battle-history"><br></div><h2 class="battle-history">Turn 10</h2><div class="spacer battle-history"><br></div><div class="battle-history">Axel553 withdrew Mamoswine!<br></div><div class="battle-history">Axel553 sent out <strong>Aggron</strong>!<br></div><div class="spacer battle-history"><br></div><div class="battle-history">Metagross used <strong>Bullet Punch</strong>!<br></div><div class="battle-history"><small>(The opposing Aggron lost <abbr title="−51/343">14.9%</abbr> of its health!)</small><br></div><div class="spacer battle-history"><br></div><div class="battle-history"><small>Metagross restored a little HP using its Leftovers!</small><br></div><div class="spacer battle-history"><br></div><h2 class="battle-history">Turn 11</h2><div class="spacer battle-history"><br></div><div class="battle-history"><small>The opposing Aggron's Aggronite is reacting to Axel553's Mega Bracelet!</small><br>The opposing Aggron has Mega Evolved into Mega Aggron!<br></div><div class="spacer battle-history"><br></div><div class="battle-history">Metagross used <strong>Hone Claws</strong>!<br></div><div class="battle-history"><small>Metagross's Attack rose!</small><br></div><div class="battle-history"><small>Metagross's accuracy rose!</small><br></div><div class="spacer battle-history"><br></div><div class="battle-history">The opposing Aggron used <strong>Autotomize</strong>!<br></div><div class="battle-history"><small>The opposing Aggron's Speed rose sharply!</small><br></div><div class="battle-history"><small>The opposing Aggron became nimble!</small><br></div><div class="spacer battle-history"><br></div><div class="battle-history"><small>Metagross restored a little HP using its Leftovers!</small><br></div><div class="spacer battle-history"><br></div><h2 class="battle-history">Turn 12</h2><div class="spacer battle-history"><br></div><div class="battle-history">The opposing Aggron used <strong>Hone Claws</strong>!<br></div><div class="battle-history"><small>The opposing Aggron's Attack rose!</small><br></div><div class="battle-history"><small>The opposing Aggron's accuracy rose!</small><br></div><div class="spacer battle-history"><br></div><div class="battle-history">Metagross used <strong>Zen Headbutt</strong>!<br></div><div class="battle-history"><small>It's not very effective...</small><br></div><div class="battle-history"><small>(The opposing Aggron lost <abbr title="−63/343">18.4%</abbr> of its health!)</small><br></div><div class="spacer battle-history"><br></div><h2 class="battle-history">Turn 13</h2><div class="spacer battle-history"><br></div><div class="battle-history">The opposing Aggron used <strong>Hone Claws</strong>!<br></div><div class="battle-history"><small>The opposing Aggron's Attack rose!</small><br></div><div class="battle-history"><small>The opposing Aggron's accuracy rose!</small><br></div><div class="spacer battle-history"><br></div><div class="battle-history">Metagross used <strong>Meteor Mash</strong>!<br></div><div class="battle-history"><small>It's not very effective...</small><br></div><div class="battle-history"><small>(The opposing Aggron lost <abbr title="−59/343">17.2%</abbr> of its health!)</small><br></div><div class="spacer battle-history"><br></div><h2 class="battle-history">Turn 14</h2><div class="spacer battle-history"><br></div><div class="battle-history">Metagross, come back!<br></div><div class="battle-history">Go! <strong>Gyarados</strong>!<br></div><div class="battle-history"><small>[Gyarados's Intimidate]</small><br></div><div class="battle-history"><small>The opposing Aggron's Attack fell!</small><br></div><div class="spacer battle-history"><br></div><div class="battle-history">The opposing Aggron used <strong>Aqua Tail</strong>!<br></div><div class="battle-history"><small>It's not very effective...</small><br></div><div class="battle-history"><small>(Gyarados lost <abbr title="−17/354">4.8%</abbr> of its health!)</small><br></div><div class="spacer battle-history"><br></div><div class="battle-history">Gyarados fainted!<br></div><div class="chat chatmessage-edominatoop"><strong style="color:hsl(140,88%,32.1960846462611%)"><small> </small><span class="username" data-name="EdoMinato_OP">EdoMinato_OP</span>:</strong> <em>sweep of mega aggron?</em></div><div class="chat chatmessage-axel553"><strong style="color:hsl(316,54%,46%)"><small>☆</small><span class="username" data-name="Axel553">Axel553</span>:</strong> <em>ill try</em></div><div class="spacer battle-history"><br></div><div class="battle-history">Go! <strong>Conkeldurr</strong>!<br></div><div class="battle-history"><small>Conkeldurr was caught in a sticky web!</small><br></div><div class="battle-history"><small>Conkeldurr's Speed fell!</small><br></div><div class="spacer battle-history"><br></div><h2 class="battle-history">Turn 15</h2><div class="spacer battle-history"><br></div><div class="battle-history">Conkeldurr used <strong>Mach Punch</strong>!<br></div><div class="battle-history"><small>It's super effective!</small><br></div><div class="battle-history"><small>(The opposing Aggron lost <abbr title="−63/343">18.4%</abbr> of its health!)</small><br></div><div class="spacer battle-history"><br></div><div class="battle-history">The opposing Aggron used <strong>Iron Tail</strong>!<br></div><div class="battle-history"><small>(Conkeldurr lost <abbr title="−342/414">82.6%</abbr> of its health!)</small><br></div><div class="spacer battle-history"><br></div><h2 class="battle-history">Turn 16</h2><div class="spacer battle-history"><br></div><div class="battle-history">Conkeldurr used <strong>Mach Punch</strong>!<br></div><div class="battle-history"><small>It's super effective!</small><br></div><div class="battle-history"><small>(The opposing Aggron lost <abbr title="−63/343">18.4%</abbr> of its health!)</small><br></div><div class="spacer battle-history"><br></div><div class="battle-history">The opposing Aggron used <strong>Aqua Tail</strong>!<br></div><div class="battle-history"><small>(Conkeldurr lost <abbr title="−72/414">17.4%</abbr> of its health!)</small><br></div><div class="spacer battle-history"><br></div><div class="battle-history">Conkeldurr fainted!<br></div><div class="spacer battle-history"><br></div><div class="battle-history">Go! <strong>Crobat</strong>!<br></div><div class="spacer battle-history"><br></div><h2 class="battle-history">Turn 17</h2><div class="spacer battle-history"><br></div><div class="battle-history">Crobat used <strong>Brave Bird</strong>!<br></div><div class="battle-history"><small>It's not very effective...</small><br></div><div class="battle-history"><small>(The opposing Aggron lost <abbr title="−44/343">12.8%</abbr> of its health!)</small><br></div><div class="battle-history"><small>Crobat is damaged by the recoil!</small><br></div><div class="spacer battle-history"><br></div><div class="battle-history">The opposing Aggron fainted!<br></div><div class="spacer battle-history"><br></div><div class="battle-history">Axel553 sent out <strong>Mamoswine</strong>!<br></div><div class="spacer battle-history"><br></div><h2 class="battle-history">Turn 18</h2><div class="spacer battle-history"><br></div><div class="battle-history">Crobat, come back!<br></div><div class="battle-history">Go! <strong>Metagross</strong>!<br></div><div class="battle-history"><small>Metagross was caught in a sticky web!</small><br></div><div class="battle-history"><small>[Metagross's Clear Body]</small><br><small>Metagross's stats were not lowered!</small><br></div><div class="spacer battle-history"><br></div><div class="battle-history">The opposing Mamoswine used <strong>Earthquake</strong>!<br></div><div class="battle-history"><small>It's super effective!</small><br></div><div class="battle-history"><small>(Metagross lost <abbr title="−308/364">84.6%</abbr> of its health!)</small><br></div><div class="spacer battle-history"><br></div><div class="battle-history"><small>Metagross restored a little HP using its Leftovers!</small><br></div><div class="spacer battle-history"><br></div><h2 class="battle-history">Turn 19</h2><div class="spacer battle-history"><br></div><div class="battle-history">Metagross used <strong>Bullet Punch</strong>!<br></div><div class="battle-history"><small>It's super effective!</small><br></div><div class="battle-history"><small>(The opposing Mamoswine lost <abbr title="−103/361">28.5%</abbr> of its health!)</small><br></div><div class="spacer battle-history"><br></div><div class="battle-history">The opposing Mamoswine fainted!<br></div><div class="spacer battle-history"><br></div><div class="battle-history"><small>Metagross restored a little HP using its Leftovers!</small><br></div><div class="chat chatmessage-axel553"><strong style="color:hsl(316,54%,46%)"><small>☆</small><span class="username" data-name="Axel553">Axel553</span>:</strong> <em>NOT THAT TIME</em></div><div class="spacer battle-history"><br></div><div class="battle-history">Axel553 sent out <strong>Hydreigon</strong>!<br></div><div class="spacer battle-history"><br></div><h2 class="battle-history">Turn 20</h2><div class="spacer battle-history"><br></div><div class="battle-history">The opposing Hydreigon used <strong>Dark Pulse</strong>!<br></div><div class="battle-history"><small>It's super effective!</small><br></div><div class="battle-history"><small>(Metagross lost <abbr title="−100/364">27.5%</abbr> of its health!)</small><br></div><div class="spacer battle-history"><br></div><div class="battle-history">Metagross fainted!<br></div><div class="spacer battle-history"><br></div><div class="battle-history">Go! <strong>Sylveon</strong>!<br></div><div class="battle-history"><small>Sylveon was caught in a sticky web!</small><br></div><div class="battle-history"><small>Sylveon's Speed fell!</small><br></div><div class="spacer battle-history"><br></div><h2 class="battle-history">Turn 21</h2><div class="spacer battle-history"><br></div><div class="battle-history">Axel553 withdrew Hydreigon!<br></div><div class="battle-history">Axel553 sent out <strong>Roserade</strong>!<br></div><div class="spacer battle-history"><br></div><div class="battle-history">Sylveon used <strong>Hyper Voice</strong>!<br></div><div class="battle-history"><small>It's not very effective...</small><br></div><div class="battle-history"><small>(The opposing Roserade lost <abbr title="−120/261">46.0%</abbr> of its health!)</small><br></div><div class="spacer battle-history"><br></div><h2 class="battle-history">Turn 22</h2><div class="spacer battle-history"><br></div><div class="battle-history">Sylveon, come back!<br></div><div class="battle-history">Go! <strong>Crobat</strong>!<br></div><div class="spacer battle-history"><br></div><div class="battle-history">The opposing Roserade used <strong>Sludge Bomb</strong>!<br></div><div class="battle-history"><small>It's not very effective...</small><br></div><div class="battle-history"><small>A critical hit!</small><br></div><div class="battle-history"><small>(Crobat lost <abbr title="−194/311">62.4%</abbr> of its health!)</small><br></div><div class="battle-history"><small>The opposing Roserade lost some of its HP!</small><br></div><div class="spacer battle-history"><br></div><h2 class="battle-history">Turn 23</h2><div class="spacer battle-history"><br></div><div class="battle-history">Crobat used <strong>U-turn</strong>!<br></div><div class="battle-history"><small>(The opposing Roserade lost <abbr title="−115/261">44.1%</abbr> of its health!)</small><br></div><div class="spacer battle-history"><br></div><div class="battle-history">The opposing Roserade fainted!<br></div><div class="spacer battle-history"><br></div><div class="battle-history">Crobat went back to Parnstar!<br></div><div class="battle-history">Go! Houndoom (<strong>Houndoom-Mega</strong>)!<br></div><div class="battle-history"><small>Houndoom was caught in a sticky web!</small><br></div><div class="battle-history"><small>Houndoom's Speed fell!</small><br></div><div class="spacer battle-history"><br></div><div class="battle-history">Axel553 sent out <strong>Hydreigon</strong>!<br></div><div class="spacer battle-history"><br></div><h2 class="battle-history">Turn 24</h2><div class="chat chatmessage-parnstar"><strong style="color:hsl(41,84%,41.163999978976825%)"><small>☆</small><span class="username" data-name="Parnstar">Parnstar</span>:</strong> <em>Never faught a fast aggron</em></div><div class="chat chatmessage-axel553"><strong style="color:hsl(316,54%,46%)"><small>☆</small><span class="username" data-name="Axel553">Axel553</span>:</strong> <em>gg</em></div><div class="spacer battle-history"><br></div><div class="battle-history">The opposing Hydreigon used <strong>Draco Meteor</strong>!<br></div><div class="battle-history"><small>(Houndoom lost <abbr title="−291/291">100%</abbr> of its health!)</small><br></div><div class="battle-history"><small>The opposing Hydreigon's Special Attack fell harshly!</small><br></div><div class="spacer battle-history"><br></div><div class="battle-history">Houndoom fainted!<br></div><div class="spacer battle-history"><br></div><div class="battle-history">Go! <strong>Crobat</strong>!<br></div><div class="spacer battle-history"><br></div><h2 class="battle-history">Turn 25</h2><div class="chat chatmessage-axel553"><strong style="color:hsl(316,54%,46%)"><small>☆</small><span class="username" data-name="Axel553">Axel553</span>:</strong> <em>well today your lucky day</em></div><div class="spacer battle-history"><br></div><div class="battle-history">Crobat used <strong>U-turn</strong>!<br></div><div class="battle-history"><small>It's super effective!</small><br></div><div class="battle-history"><small>(The opposing Hydreigon lost <abbr title="−202/325">62.2%</abbr> of its health!)</small><br></div><div class="spacer battle-history"><br></div><div class="battle-history">Crobat went back to Parnstar!<br></div><div class="battle-history">Go! <strong>Sylveon</strong>!<br></div><div class="battle-history"><small>Sylveon was caught in a sticky web!</small><br></div><div class="battle-history"><small>Sylveon's Speed fell!</small><br></div><div class="spacer battle-history"><br></div><div class="battle-history">The opposing Hydreigon used <strong>Draco Meteor</strong>!<br></div><div class="battle-history"><small>It doesn't affect Sylveon...</small><br></div><div class="spacer battle-history"><br></div><h2 class="battle-history">Turn 26</h2><div class="chat chatmessage-axel553"><strong style="color:hsl(316,54%,46%)"><small>☆</small><span class="username" data-name="Axel553">Axel553</span>:</strong> <em>specs</em></div><div class="spacer battle-history"><br></div><div class="battle-history">The opposing Hydreigon used <strong>Draco Meteor</strong>!<br></div><div class="battle-history"><small>It doesn't affect Sylveon...</small><br></div><div class="spacer battle-history"><br></div><div class="battle-history">Sylveon used <strong>Hyper Voice</strong>!<br></div><div class="battle-history"><small>It's super effective!</small><br></div><div class="battle-history"><small>(The opposing Hydreigon lost <abbr title="−123/325">37.8%</abbr> of its health!)</small><br></div><div class="spacer battle-history"><br></div><div class="battle-history">The opposing Hydreigon fainted!<br></div><div class="spacer battle-history"><br></div><div class="battle-history"><strong>Parnstar</strong> won the battle!<br></div><div class="chat">Parnstar's rating: 1337 → <strong>1345</strong><br>(+8 for winning)</div><div class="chat">Axel553's rating: 1099 → <strong>1089</strong><br>(-10 for losing)</div><div class="chat chatmessage-axel553"><strong style="color:hsl(316,54%,46%)"><small>☆</small><span class="username" data-name="Axel553">Axel553</span>:</strong> <em>gg</em></div><div class="chat chatmessage-parnstar"><strong style="color:hsl(41,84%,41.163999978976825%)"><small>☆</small><span class="username" data-name="Parnstar">Parnstar</span>:</strong> <em>Gg</em></div><div class="chat"><small>Axel553 left.</small></div></div><div class="inner-preempt"></div></div></div>
</div>
<script>
let daily = Math.floor(Date.now()/1000/60/60/24);document.write('<script src="https://play.pokemonshowdown.com/js/replay-embed.js?version'+daily+'"></'+'script>');
</script>
