<!DOCTYPE html>
<meta charset="utf-8" />
<!-- version 1 -->
<title>UU replay: Parnstar vs. PhantomPanther12</title>
<style>
html,body {font-family:Verdana, sans-serif;font-size:10pt;margin:0;padding:0;}body{padding:12px 0;} .battle-log {font-family:Verdana, sans-serif;font-size:10pt;} .battle-log-inline {border:1px solid #AAAAAA;background:#EEF2F5;color:black;max-width:640px;margin:0 auto 80px;padding-bottom:5px;} .battle-log .inner {padding:4px 8px 0px 8px;} .battle-log .inner-preempt {padding:0 8px 4px 8px;} .battle-log .inner-after {margin-top:0.5em;} .battle-log h2 {margin:0.5em -8px;padding:4px 8px;border:1px solid #AAAAAA;background:#E0E7EA;border-left:0;border-right:0;font-family:Verdana, sans-serif;font-size:13pt;} .battle-log .chat {vertical-align:middle;padding:3px 0 3px 0;font-size:8pt;} .battle-log .chat strong {color:#40576A;} .battle-log .chat em {padding:1px 4px 1px 3px;color:#000000;font-style:normal;} .chat.mine {background:rgba(0,0,0,0.05);margin-left:-8px;margin-right:-8px;padding-left:8px;padding-right:8px;} .spoiler {color:#BBBBBB;background:#BBBBBB;padding:0px 3px;} .spoiler:hover, .spoiler:active, .spoiler-shown {color:#000000;background:#E2E2E2;padding:0px 3px;} .spoiler a {color:#BBBBBB;} .spoiler:hover a, .spoiler:active a, .spoiler-shown a {color:#2288CC;} .chat code, .chat .spoiler:hover code, .chat .spoiler:active code, .chat .spoiler-shown code {border:1px solid #C0C0C0;background:#EEEEEE;color:black;padding:0 2px;} .chat .spoiler code {border:1px solid #CCCCCC;background:#CCCCCC;color:#CCCCCC;} .battle-log .rated {padding:3px 4px;} .battle-log .rated strong {color:white;background:#89A;padding:1px 4px;border-radius:4px;} .spacer {margin-top:0.5em;} .message-announce {background:#6688AA;color:white;padding:1px 4px 2px;} .message-announce a, .broadcast-green a, .broadcast-blue a, .broadcast-red a {color:#DDEEFF;} .broadcast-green {background-color:#559955;color:white;padding:2px 4px;} .broadcast-blue {background-color:#6688AA;color:white;padding:2px 4px;} .infobox {border:1px solid #6688AA;padding:2px 4px;} .infobox-limited {max-height:200px;overflow:auto;overflow-x:hidden;} .broadcast-red {background-color:#AA5544;color:white;padding:2px 4px;} .message-learn-canlearn {font-weight:bold;color:#228822;text-decoration:underline;} .message-learn-cannotlearn {font-weight:bold;color:#CC2222;text-decoration:underline;} .message-effect-weak {font-weight:bold;color:#CC2222;} .message-effect-resist {font-weight:bold;color:#6688AA;} .message-effect-immune {font-weight:bold;color:#666666;} .message-learn-list {margin-top:0;margin-bottom:0;} .message-throttle-notice, .message-error {color:#992222;} .message-overflow, .chat small.message-overflow {font-size:0pt;} .message-overflow::before {font-size:9pt;content:'...';} .subtle {color:#3A4A66;}
</style>
<div class="wrapper replay-wrapper" style="max-width:1180px;margin:0 auto">
<input type="hidden" name="replayid" value="uu-578495300" />
<div class="battle"></div><div class="battle-log"></div><div class="replay-controls"></div><div class="replay-controls-2"></div>
<h1 style="font-weight:normal;text-align:center"><strong>UU</strong><br /><a href="http://pokemonshowdown.com/users/parnstar" class="subtle" target="_blank">Parnstar</a> vs. <a href="http://pokemonshowdown.com/users/phantompanther12" class="subtle" target="_blank">PhantomPanther12</a></h1>
<script type="text/plain" class="battle-log-data">|j|Parnstar
|j|PhantomPanther12
|player|p1|Parnstar|2
|teamsize|p1|6
|player|p2|PhantomPanther12|145
|teamsize|p2|6
|gametype|singles
|gen|6
|tier|UU
|rated
|seed|58903,41967,42062,542
|rule|Sleep Clause Mod: Limit one foe put to sleep
|rule|Species Clause: Limit one of each Pokémon
|rule|OHKO Clause: OHKO moves are banned
|rule|Moody Clause: Moody is banned
|rule|Evasion Moves Clause: Evasion moves are banned
|rule|Endless Battle Clause: Forcing endless battles is banned
|rule|HP Percentage Mod: HP is shown in percentages
|clearpoke
|poke|p1|Crawdaunt, M|item
|poke|p1|Mamoswine, F|item
|poke|p1|Whimsicott, M|item
|poke|p1|Heliolisk, M|item
|poke|p1|Toxicroak, F|item
|poke|p1|Donphan, M|item
|poke|p2|Stoutland, F, shiny|item
|poke|p2|Chandelure, M, shiny|item
|poke|p2|Gigalith, F, shiny|item
|poke|p2|Cofagrigus, F, shiny|item
|poke|p2|Scrafty, M|item
|poke|p2|Seismitoad, F|item
|rule|Swagger Clause: Swagger is banned
|rule|Baton Pass Clause: Limit one Baton Passer, can't pass Spe and other stats simultaneously
|teampreview
|inactive|Battle timer is ON: inactive players will automatically lose when time's up. (requested by PhantomPanther12)
|choice|team 6, team 2, team 3, team 4, team 5, team 1|team 4, team 2, team 3, team 1, team 5, team 6
|
|start
|switch|p1a: the janitor|Donphan, M|345\/345
|switch|p2a: Cofagrigus|Cofagrigus, F, shiny|320\/320
|turn|1
|choice|move stealthrock|move willowisp
|
|move|p1a: the janitor|Stealth Rock|p2a: Cofagrigus
|-sidestart|p2: PhantomPanther12|move: Stealth Rock
|move|p2a: Cofagrigus|Will-O-Wisp|p1a: the janitor
|-status|p1a: the janitor|brn
|
|-damage|p1a: the janitor|302\/345 brn|[from] brn
|upkeep
|turn|2
|choice|switch 4|move hex
|
|switch|p1a: ima lizzare|Heliolisk, M|265\/265
|-item|p1a: ima lizzare|Air Balloon
|move|p2a: Cofagrigus|Hex|p1a: ima lizzare
|-immune|p1a: ima lizzare|[msg]
|
|upkeep
|turn|3
|choice|move voltswitch|move willowisp
|
|move|p1a: ima lizzare|Volt Switch|p2a: Cofagrigus
|-damage|p2a: Cofagrigus|215\/320
|choice|switch 3|
|
|switch|p1a: pressccott|Whimsicott, M|261\/261
|move|p2a: Cofagrigus|Will-O-Wisp|p1a: pressccott
|-status|p1a: pressccott|brn
|
|-heal|p2a: Cofagrigus|235\/320|[from] item: Leftovers
|-damage|p1a: pressccott|229\/261 brn|[from] brn
|upkeep
|turn|4
|choice|move moonblast|switch 5
|
|switch|p2a: Scrafty|Scrafty, M|271\/271
|-damage|p2a: Scrafty|255\/271|[from] stealthrock
|move|p1a: pressccott|Moonblast|p2a: Scrafty
|-supereffective|p2a: Scrafty
|-damage|p2a: Scrafty|0 fnt
|faint|p2a: Scrafty
|
|-damage|p1a: pressccott|197\/261 brn|[from] brn
|upkeep
|choice||switch 4
|
|switch|p2a: Stoutland|Stoutland, F, shiny|365\/365
|-damage|p2a: Stoutland|320\/365|[from] stealthrock
|turn|5
|choice|switch 4|move workup
|
|switch|p1a: the janitor|Donphan, M|302\/345 brn
|move|p2a: Stoutland|Work Up|p2a: Stoutland
|-boost|p2a: Stoutland|atk|1
|-boost|p2a: Stoutland|spa|1
|
|-heal|p2a: Stoutland|342\/365|[from] item: Leftovers
|-damage|p1a: the janitor|259\/345 brn|[from] brn
|upkeep
|turn|6
|choice|move roar|move playrough
|
|move|p2a: Stoutland|Play Rough|p1a: the janitor
|-crit|p1a: the janitor
|-damage|p1a: the janitor|83\/345 brn
|move|p1a: the janitor|Roar|p2a: Stoutland
|drag|p2a: Gigalith|Gigalith, F, shiny|374\/374
|-damage|p2a: Gigalith|328\/374|[from] stealthrock
|
|-heal|p2a: Gigalith|351\/374|[from] item: Leftovers
|-damage|p1a: the janitor|40\/345 brn|[from] brn
|upkeep
|turn|7
|choice|move earthquake|move protect
|-enditem|p1a: the janitor|Custap Berry|[eat]
|-activate|p1a: the janitor|item: Custap Berry
|
|move|p2a: Gigalith|Protect|p2a: Gigalith
|-singleturn|p2a: Gigalith|Protect
|move|p1a: the janitor|Earthquake|p2a: Gigalith
|-activate|p2a: Gigalith|move: Protect
|
|-heal|p2a: Gigalith|374\/374|[from] item: Leftovers
|-damage|p1a: the janitor|0 fnt|[from] brn
|upkeep
|faint|p1a: the janitor
|choice|switch 4|
|
|switch|p1a: pressccott|Whimsicott, M|197\/261 brn
|turn|8
|choice|move moonblast|switch 3
|
|switch|p2a: Stoutland|Stoutland, F, shiny|342\/365
|-damage|p2a: Stoutland|297\/365|[from] stealthrock
|move|p1a: pressccott|Moonblast|p2a: Stoutland
|-damage|p2a: Stoutland|150\/365
|
|-heal|p2a: Stoutland|172\/365|[from] item: Leftovers
|-damage|p1a: pressccott|165\/261 brn|[from] brn
|upkeep
|turn|9
|choice|move moonblast|move facade
|
|move|p1a: pressccott|Moonblast|p2a: Stoutland
|-damage|p2a: Stoutland|21\/365
|move|p2a: Stoutland|Facade|p1a: pressccott
|-damage|p1a: pressccott|18\/261 brn
|
|-heal|p2a: Stoutland|43\/365|[from] item: Leftovers
|-damage|p1a: pressccott|0 fnt|[from] brn
|upkeep
|faint|p1a: pressccott
|choice|switch 3|
|
|switch|p1a: ima lizzare|Heliolisk, M|265\/265
|-item|p1a: ima lizzare|Air Balloon
|turn|10
|choice|move voltswitch|switch 3
|
|switch|p2a: Gigalith|Gigalith, F, shiny|374\/374
|-damage|p2a: Gigalith|328\/374|[from] stealthrock
|move|p1a: ima lizzare|Volt Switch|p2a: Gigalith
|-damage|p2a: Gigalith|207\/374
|choice|switch 6|
|
|switch|p1a: nipple pinchy|Crawdaunt, M|267\/267
|
|-heal|p2a: Gigalith|230\/374|[from] item: Leftovers
|upkeep
|turn|11
|choice|move dragondance|switch 6
|
|switch|p2a: Seismitoad|Seismitoad, F|396\/396
|-damage|p2a: Seismitoad|372\/396|[from] stealthrock
|move|p1a: nipple pinchy|Dragon Dance|p1a: nipple pinchy
|-boost|p1a: nipple pinchy|atk|1
|-boost|p1a: nipple pinchy|spe|1
|
|upkeep
|turn|12
|choice|move knockoff|move grassknot
|
|move|p1a: nipple pinchy|Knock Off|p2a: Seismitoad
|-damage|p2a: Seismitoad|0 fnt
|-damage|p1a: nipple pinchy|223\/267|[from] item: Rocky Helmet|[of] p2a: Seismitoad
|-enditem|p2a: Seismitoad|Rocky Helmet|[from] move: Knock Off|[of] p1a: nipple pinchy
|faint|p2a: Seismitoad
|
|upkeep
|choice||switch 2
|
|switch|p2a: Chandelure|Chandelure, M, shiny|322\/322
|-damage|p2a: Chandelure|242\/322|[from] stealthrock
|turn|13
|choice|move aquajet|move energyball
|
|move|p1a: nipple pinchy|Aqua Jet|p2a: Chandelure
|-supereffective|p2a: Chandelure
|-damage|p2a: Chandelure|0 fnt
|faint|p2a: Chandelure
|
|upkeep
|choice||switch 5
|
|switch|p2a: Cofagrigus|Cofagrigus, F, shiny|235\/320
|-damage|p2a: Cofagrigus|195\/320|[from] stealthrock
|turn|14
|choice|move knockoff|move willowisp
|
|move|p1a: nipple pinchy|Knock Off|p2a: Cofagrigus
|-supereffective|p2a: Cofagrigus
|-damage|p2a: Cofagrigus|0 fnt
|-activate|p2a: Cofagrigus|ability: Mummy|Adaptability|[of] p1a: nipple pinchy
|-enditem|p2a: Cofagrigus|Leftovers|[from] move: Knock Off|[of] p1a: nipple pinchy
|faint|p2a: Cofagrigus
|
|upkeep
|choice||switch 6
|
|switch|p2a: Gigalith|Gigalith, F, shiny|230\/374
|-damage|p2a: Gigalith|184\/374|[from] stealthrock
|turn|15
|choice|move waterfall|move toxic
|
|move|p1a: nipple pinchy|Waterfall|p2a: Gigalith
|-supereffective|p2a: Gigalith
|-damage|p2a: Gigalith|0 fnt
|faint|p2a: Gigalith
|
|upkeep
|choice||switch 3
|
|switch|p2a: Stoutland|Stoutland, F, shiny|43\/365
|-damage|p2a: Stoutland|0 fnt|[from] stealthrock
|faint|p2a: Stoutland
|
|win|Parnstar
|raw|Parnstar's rating: 1268 &rarr; <strong>1276<\/strong><br \/>(+8 for winning)
|raw|PhantomPanther12's rating: 1000 &rarr; <strong>1000<\/strong><br \/>(+0 for losing)
|c|☆Parnstar|gg
|c|☆PhantomPanther12|gg
|l|PhantomPanther12</script>
</div>
<div class="battle-log battle-log-inline"><div class="inner"><div class="battle-options"></div><div class="inner"><div class="chat"><small>Parnstar joined.</small></div><div class="chat"><small>PhantomPanther12 joined.</small></div><div class=""><small>Format:</small> <br><strong>UU</strong></div><div class="rated"><strong>Rated battle</strong></div><div class=""><small><em>Sleep Clause Mod:</em> Limit one foe put to sleep</small></div><div class=""><small><em>Species Clause:</em> Limit one of each Pokémon</small></div><div class=""><small><em>OHKO Clause:</em> OHKO moves are banned</small></div><div class=""><small><em>Moody Clause:</em> Moody is banned</small></div><div class=""><small><em>Evasion Moves Clause:</em> Evasion moves are banned</small></div><div class=""><small><em>Endless Battle Clause:</em> Forcing endless battles is banned</small></div><div class=""><small><em>HP Percentage Mod:</em> HP is shown in percentages</small></div><div class=""><small><em>Swagger Clause:</em> Swagger is banned</small></div><div class=""><small><em>Baton Pass Clause:</em> Limit one Baton Passer, can't pass Spe and other stats simultaneously</small></div><div class="chat battle-history"><strong>Parnstar's team:</strong> <em style="color:#445566;display:block;">Crawdaunt / Mamoswine / Whimsicott / Heliolisk / Toxicroak / Donphan</em></div><div class="chat battle-history"><strong>PhantomPanther12's team:</strong> <em style="color:#445566;display:block;">Stoutland / Chandelure / Gigalith / Cofagrigus / Scrafty / Seismitoad</em></div><div class="chat message-error">Battle timer is ON: inactive players will automatically lose when time's up. (requested by PhantomPanther12)</div><div class="spacer battle-history"><br></div><div class="battle-history">Battle started between Parnstar and PhantomPanther12!<br></div><div class="spacer battle-history"><br></div><div class="battle-history">Go! the janitor (<strong>Donphan</strong>)!<br></div><div class="spacer battle-history"><br></div><div class="battle-history">PhantomPanther12 sent out <strong>Cofagrigus</strong>!<br></div><div class="spacer battle-history"><br></div><h2 class="battle-history">Turn 1</h2><div class="spacer battle-history"><br></div><div class="battle-history">the janitor used <strong>Stealth Rock</strong>!<br></div><div class="battle-history"><small>Pointed stones float in the air around the opposing team!</small><br></div><div class="spacer battle-history"><br></div><div class="battle-history">The opposing Cofagrigus used <strong>Will-O-Wisp</strong>!<br></div><div class="battle-history"><small>the janitor was burned!</small><br></div><div class="spacer battle-history"><br></div><div class="battle-history"><small>the janitor was hurt by its burn!</small><br></div><div class="spacer battle-history"><br></div><h2 class="battle-history">Turn 2</h2><div class="spacer battle-history"><br></div><div class="battle-history">the janitor, come back!<br></div><div class="battle-history">Go! ima lizzare (<strong>Heliolisk</strong>)!<br></div><div class="battle-history"><small>ima lizzare floats in the air with its Air Balloon!</small><br></div><div class="spacer battle-history"><br></div><div class="battle-history">The opposing Cofagrigus used <strong>Hex</strong>!<br></div><div class="battle-history"><small>It doesn't affect ima lizzare...</small><br></div><div class="spacer battle-history"><br></div><h2 class="battle-history">Turn 3</h2><div class="spacer battle-history"><br></div><div class="battle-history">ima lizzare used <strong>Volt Switch</strong>!<br></div><div class="battle-history"><small>(The opposing Cofagrigus lost <abbr title="−105/320">32.8%</abbr> of its health!)</small><br></div><div class="spacer battle-history"><br></div><div class="battle-history">ima lizzare went back to Parnstar!<br></div><div class="battle-history">Go! pressccott (<strong>Whimsicott</strong>)!<br></div><div class="spacer battle-history"><br></div><div class="battle-history">The opposing Cofagrigus used <strong>Will-O-Wisp</strong>!<br></div><div class="battle-history"><small>pressccott was burned!</small><br></div><div class="spacer battle-history"><br></div><div class="battle-history"><small>The opposing Cofagrigus restored a little HP using its Leftovers!</small><br></div><div class="battle-history"><small>pressccott was hurt by its burn!</small><br></div><div class="spacer battle-history"><br></div><h2 class="battle-history">Turn 4</h2><div class="spacer battle-history"><br></div><div class="battle-history">PhantomPanther12 withdrew Cofagrigus!<br></div><div class="battle-history">PhantomPanther12 sent out <strong>Scrafty</strong>!<br></div><div class="battle-history"><small>Pointed stones dug into the opposing Scrafty!</small><br></div><div class="spacer battle-history"><br></div><div class="battle-history">pressccott used <strong>Moonblast</strong>!<br></div><div class="battle-history"><small>It's super effective!</small><br></div><div class="battle-history"><small>(The opposing Scrafty lost <abbr title="−255/271">94.1%</abbr> of its health!)</small><br></div><div class="spacer battle-history"><br></div><div class="battle-history">The opposing Scrafty fainted!<br></div><div class="spacer battle-history"><br></div><div class="battle-history"><small>pressccott was hurt by its burn!</small><br></div><div class="spacer battle-history"><br></div><div class="battle-history">PhantomPanther12 sent out <strong>Stoutland</strong>!<br></div><div class="battle-history"><small>Pointed stones dug into the opposing Stoutland!</small><br></div><div class="spacer battle-history"><br></div><h2 class="battle-history">Turn 5</h2><div class="spacer battle-history"><br></div><div class="battle-history">pressccott, come back!<br></div><div class="battle-history">Go! the janitor (<strong>Donphan</strong>)!<br></div><div class="spacer battle-history"><br></div><div class="battle-history">The opposing Stoutland used <strong>Work Up</strong>!<br></div><div class="battle-history"><small>The opposing Stoutland's Attack rose!</small><br></div><div class="battle-history"><small>The opposing Stoutland's Special Attack rose!</small><br></div><div class="spacer battle-history"><br></div><div class="battle-history"><small>The opposing Stoutland restored a little HP using its Leftovers!</small><br></div><div class="battle-history"><small>the janitor was hurt by its burn!</small><br></div><div class="spacer battle-history"><br></div><h2 class="battle-history">Turn 6</h2><div class="spacer battle-history"><br></div><div class="battle-history">The opposing Stoutland used <strong>Play Rough</strong>!<br></div><div class="battle-history"><small>A critical hit!</small><br></div><div class="battle-history"><small>(the janitor lost <abbr title="−176/345">51.0%</abbr> of its health!)</small><br></div><div class="spacer battle-history"><br></div><div class="battle-history">the janitor used <strong>Roar</strong>!<br></div><div class="spacer battle-history"><br></div><div class="battle-history"><strong>Gigalith</strong> was dragged out!<br></div><div class="battle-history"><small>Pointed stones dug into the opposing Gigalith!</small><br></div><div class="spacer battle-history"><br></div><div class="battle-history"><small>The opposing Gigalith restored a little HP using its Leftovers!</small><br></div><div class="battle-history"><small>the janitor was hurt by its burn!</small><br></div><div class="spacer battle-history"><br></div><h2 class="battle-history">Turn 7</h2><div class="spacer battle-history"><br></div><div class="battle-history"><small>the janitor ate its Custap Berry!</small><br></div><div class="battle-history"><small>the janitor's Custap Berry let it move first!</small><br></div><div class="spacer battle-history"><br></div><div class="battle-history">The opposing Gigalith used <strong>Protect</strong>!<br></div><div class="battle-history"><small>The opposing Gigalith protected itself!</small><br></div><div class="spacer battle-history"><br></div><div class="battle-history">the janitor used <strong>Earthquake</strong>!<br></div><div class="battle-history"><small>The opposing Gigalith protected itself!</small><br></div><div class="spacer battle-history"><br></div><div class="battle-history"><small>The opposing Gigalith restored a little HP using its Leftovers!</small><br></div><div class="battle-history"><small>the janitor was hurt by its burn!</small><br></div><div class="spacer battle-history"><br></div><div class="battle-history">the janitor fainted!<br></div><div class="spacer battle-history"><br></div><div class="battle-history">Go! pressccott (<strong>Whimsicott</strong>)!<br></div><div class="spacer battle-history"><br></div><h2 class="battle-history">Turn 8</h2><div class="spacer battle-history"><br></div><div class="battle-history">PhantomPanther12 withdrew Gigalith!<br></div><div class="battle-history">PhantomPanther12 sent out <strong>Stoutland</strong>!<br></div><div class="battle-history"><small>Pointed stones dug into the opposing Stoutland!</small><br></div><div class="spacer battle-history"><br></div><div class="battle-history">pressccott used <strong>Moonblast</strong>!<br></div><div class="battle-history"><small>(The opposing Stoutland lost <abbr title="−147/365">40.3%</abbr> of its health!)</small><br></div><div class="spacer battle-history"><br></div><div class="battle-history"><small>The opposing Stoutland restored a little HP using its Leftovers!</small><br></div><div class="battle-history"><small>pressccott was hurt by its burn!</small><br></div><div class="spacer battle-history"><br></div><h2 class="battle-history">Turn 9</h2><div class="spacer battle-history"><br></div><div class="battle-history">pressccott used <strong>Moonblast</strong>!<br></div><div class="battle-history"><small>(The opposing Stoutland lost <abbr title="−151/365">41.4%</abbr> of its health!)</small><br></div><div class="spacer battle-history"><br></div><div class="battle-history">The opposing Stoutland used <strong>Facade</strong>!<br></div><div class="battle-history"><small>(pressccott lost <abbr title="−147/261">56.3%</abbr> of its health!)</small><br></div><div class="spacer battle-history"><br></div><div class="battle-history"><small>The opposing Stoutland restored a little HP using its Leftovers!</small><br></div><div class="battle-history"><small>pressccott was hurt by its burn!</small><br></div><div class="spacer battle-history"><br></div><div class="battle-history">pressccott fainted!<br></div><div class="spacer battle-history"><br></div><div class="battle-history">Go! ima lizzare (<strong>Heliolisk</strong>)!<br></div><div class="battle-history"><small>ima lizzare floats in the air with its Air Balloon!</small><br></div><div class="spacer battle-history"><br></div><h2 class="battle-history">Turn 10</h2><div class="spacer battle-history"><br></div><div class="battle-history">PhantomPanther12 withdrew Stoutland!<br></div><div class="battle-history">PhantomPanther12 sent out <strong>Gigalith</strong>!<br></div><div class="battle-history"><small>Pointed stones dug into the opposing Gigalith!</small><br></div><div class="spacer battle-history"><br></div><div class="battle-history">ima lizzare used <strong>Volt Switch</strong>!<br></div><div class="battle-history"><small>(The opposing Gigalith lost <abbr title="−121/374">32.4%</abbr> of its health!)</small><br></div><div class="spacer battle-history"><br></div><div class="battle-history">ima lizzare went back to Parnstar!<br></div><div class="battle-history">Go! nipple pinchy (<strong>Crawdaunt</strong>)!<br></div><div class="spacer battle-history"><br></div><div class="battle-history"><small>The opposing Gigalith restored a little HP using its Leftovers!</small><br></div><div class="spacer battle-history"><br></div><h2 class="battle-history">Turn 11</h2><div class="spacer battle-history"><br></div><div class="battle-history">PhantomPanther12 withdrew Gigalith!<br></div><div class="battle-history">PhantomPanther12 sent out <strong>Seismitoad</strong>!<br></div><div class="battle-history"><small>Pointed stones dug into the opposing Seismitoad!</small><br></div><div class="spacer battle-history"><br></div><div class="battle-history">nipple pinchy used <strong>Dragon Dance</strong>!<br></div><div class="battle-history"><small>nipple pinchy's Attack rose!</small><br></div><div class="battle-history"><small>nipple pinchy's Speed rose!</small><br></div><div class="spacer battle-history"><br></div><h2 class="battle-history">Turn 12</h2><div class="spacer battle-history"><br></div><div class="battle-history">nipple pinchy used <strong>Knock Off</strong>!<br></div><div class="battle-history"><small>(The opposing Seismitoad lost <abbr title="−372/396">93.9%</abbr> of its health!)</small><br></div><div class="battle-history"><small>nipple pinchy was hurt by the Rocky Helmet!</small><br></div><div class="battle-history"><small>nipple pinchy knocked off the opposing Seismitoad's Rocky Helmet!</small><br></div><div class="spacer battle-history"><br></div><div class="battle-history">The opposing Seismitoad fainted!<br></div><div class="spacer battle-history"><br></div><div class="battle-history">PhantomPanther12 sent out <strong>Chandelure</strong>!<br></div><div class="battle-history"><small>Pointed stones dug into the opposing Chandelure!</small><br></div><div class="spacer battle-history"><br></div><h2 class="battle-history">Turn 13</h2><div class="spacer battle-history"><br></div><div class="battle-history">nipple pinchy used <strong>Aqua Jet</strong>!<br></div><div class="battle-history"><small>It's super effective!</small><br></div><div class="battle-history"><small>(The opposing Chandelure lost <abbr title="−242/322">75.2%</abbr> of its health!)</small><br></div><div class="spacer battle-history"><br></div><div class="battle-history">The opposing Chandelure fainted!<br></div><div class="spacer battle-history"><br></div><div class="battle-history">PhantomPanther12 sent out <strong>Cofagrigus</strong>!<br></div><div class="battle-history"><small>Pointed stones dug into the opposing Cofagrigus!</small><br></div><div class="spacer battle-history"><br></div><h2 class="battle-history">Turn 14</h2><div class="spacer battle-history"><br></div><div class="battle-history">nipple pinchy used <strong>Knock Off</strong>!<br></div><div class="battle-history"><small>It's super effective!</small><br></div><div class="battle-history"><small>(The opposing Cofagrigus lost <abbr title="−195/320">60.9%</abbr> of its health!)</small><br></div><div class="battle-history"><small>[The opposing Cofagrigus's Mummy]</small><br><small>[nipple pinchy's Adaptability]</small><br><small>[nipple pinchy's Mummy]</small><br><small>nipple pinchy's Ability became Mummy!</small><br></div><div class="battle-history"><small>nipple pinchy knocked off the opposing Cofagrigus's Leftovers!</small><br></div><div class="spacer battle-history"><br></div><div class="battle-history">The opposing Cofagrigus fainted!<br></div><div class="spacer battle-history"><br></div><div class="battle-history">PhantomPanther12 sent out <strong>Gigalith</strong>!<br></div><div class="battle-history"><small>Pointed stones dug into the opposing Gigalith!</small><br></div><div class="spacer battle-history"><br></div><h2 class="battle-history">Turn 15</h2><div class="spacer battle-history"><br></div><div class="battle-history">nipple pinchy used <strong>Waterfall</strong>!<br></div><div class="battle-history"><small>It's super effective!</small><br></div><div class="battle-history"><small>(The opposing Gigalith lost <abbr title="−184/374">49.2%</abbr> of its health!)</small><br></div><div class="spacer battle-history"><br></div><div class="battle-history">The opposing Gigalith fainted!<br></div><div class="spacer battle-history"><br></div><div class="battle-history">PhantomPanther12 sent out <strong>Stoutland</strong>!<br></div><div class="battle-history"><small>Pointed stones dug into the opposing Stoutland!</small><br></div><div class="spacer battle-history"><br></div><div class="battle-history">The opposing Stoutland fainted!<br></div><div class="spacer battle-history"><br></div><div class="battle-history"><strong>Parnstar</strong> won the battle!<br></div><div class="chat">Parnstar's rating: 1268 → <strong>1276</strong><br>(+8 for winning)</div><div class="chat">PhantomPanther12's rating: 1000 → <strong>1000</strong><br>(+0 for losing)</div><div class="chat chatmessage-parnstar"><strong style="color:hsl(41,84%,41.163999978976825%)"><small>☆</small><span class="username" data-name="Parnstar">Parnstar</span>:</strong> <em>gg</em></div><div class="chat chatmessage-phantompanther12"><strong style="color:hsl(64,78%,30%)"><small>☆</small><span class="username" data-name="PhantomPanther12">PhantomPanther12</span>:</strong> <em>gg</em></div><div class="chat"><small>PhantomPanther12 left.</small></div></div><div class="inner-preempt"></div></div></div>
</div>
<script>
let daily = Math.floor(Date.now()/1000/60/60/24);document.write('<script src="https://play.pokemonshowdown.com/js/replay-embed.js?version'+daily+'"></'+'script>');
</script>
