<!DOCTYPE html>
<meta charset="utf-8" />
<!-- version 1 -->
<title>UU replay: ParnStar vs. richramp</title>
<style>
html,body {font-family:Verdana, sans-serif;font-size:10pt;margin:0;padding:0;}body{padding:12px 0;} .battle-log {font-family:Verdana, sans-serif;font-size:10pt;} .battle-log-inline {border:1px solid #AAAAAA;background:#EEF2F5;color:black;max-width:640px;margin:0 auto 80px;padding-bottom:5px;} .battle-log .inner {padding:4px 8px 0px 8px;} .battle-log .inner-preempt {padding:0 8px 4px 8px;} .battle-log .inner-after {margin-top:0.5em;} .battle-log h2 {margin:0.5em -8px;padding:4px 8px;border:1px solid #AAAAAA;background:#E0E7EA;border-left:0;border-right:0;font-family:Verdana, sans-serif;font-size:13pt;} .battle-log .chat {vertical-align:middle;padding:3px 0 3px 0;font-size:8pt;} .battle-log .chat strong {color:#40576A;} .battle-log .chat em {padding:1px 4px 1px 3px;color:#000000;font-style:normal;} .chat.mine {background:rgba(0,0,0,0.05);margin-left:-8px;margin-right:-8px;padding-left:8px;padding-right:8px;} .spoiler {color:#BBBBBB;background:#BBBBBB;padding:0px 3px;} .spoiler:hover, .spoiler:active, .spoiler-shown {color:#000000;background:#E2E2E2;padding:0px 3px;} .spoiler a {color:#BBBBBB;} .spoiler:hover a, .spoiler:active a, .spoiler-shown a {color:#2288CC;} .chat code, .chat .spoiler:hover code, .chat .spoiler:active code, .chat .spoiler-shown code {border:1px solid #C0C0C0;background:#EEEEEE;color:black;padding:0 2px;} .chat .spoiler code {border:1px solid #CCCCCC;background:#CCCCCC;color:#CCCCCC;} .battle-log .rated {padding:3px 4px;} .battle-log .rated strong {color:white;background:#89A;padding:1px 4px;border-radius:4px;} .spacer {margin-top:0.5em;} .message-announce {background:#6688AA;color:white;padding:1px 4px 2px;} .message-announce a, .broadcast-green a, .broadcast-blue a, .broadcast-red a {color:#DDEEFF;} .broadcast-green {background-color:#559955;color:white;padding:2px 4px;} .broadcast-blue {background-color:#6688AA;color:white;padding:2px 4px;} .infobox {border:1px solid #6688AA;padding:2px 4px;} .infobox-limited {max-height:200px;overflow:auto;overflow-x:hidden;} .broadcast-red {background-color:#AA5544;color:white;padding:2px 4px;} .message-learn-canlearn {font-weight:bold;color:#228822;text-decoration:underline;} .message-learn-cannotlearn {font-weight:bold;color:#CC2222;text-decoration:underline;} .message-effect-weak {font-weight:bold;color:#CC2222;} .message-effect-resist {font-weight:bold;color:#6688AA;} .message-effect-immune {font-weight:bold;color:#666666;} .message-learn-list {margin-top:0;margin-bottom:0;} .message-throttle-notice, .message-error {color:#992222;} .message-overflow, .chat small.message-overflow {font-size:0pt;} .message-overflow::before {font-size:9pt;content:'...';} .subtle {color:#3A4A66;}
</style>
<div class="wrapper replay-wrapper" style="max-width:1180px;margin:0 auto">
<input type="hidden" name="replayid" value="uu-537094582" />
<div class="battle"></div><div class="battle-log"></div><div class="replay-controls"></div><div class="replay-controls-2"></div>
<h1 style="font-weight:normal;text-align:center"><strong>UU</strong><br /><a href="http://pokemonshowdown.com/users/parnstar" class="subtle" target="_blank">ParnStar</a> vs. <a href="http://pokemonshowdown.com/users/richramp" class="subtle" target="_blank">richramp</a></h1>
<script type="text/plain" class="battle-log-data">|j|ParnStar
|j|richramp
|player|p1|ParnStar|24
|player|p2|richramp|266
|gametype|singles
|gen|6
|tier|UU
|rated
|seed|44373,29085,28205,38960
|rule|Sleep Clause Mod: Limit one foe put to sleep
|rule|Species Clause: Limit one of each Pokémon
|rule|OHKO Clause: OHKO moves are banned
|rule|Moody Clause: Moody is banned
|rule|Evasion Moves Clause: Evasion moves are banned
|rule|Endless Battle Clause: Forcing endless battles is banned
|rule|HP Percentage Mod: HP is shown in percentages
|clearpoke
|poke|p1|Mamoswine, F|item
|poke|p1|Toxicroak, F|item
|poke|p1|Whimsicott, F|item
|poke|p1|Heliolisk, F|item
|poke|p1|Donphan, M|item
|poke|p1|Crawdaunt, M|item
|poke|p2|Machamp, M, shiny|item
|poke|p2|Beedrill, M, shiny|item
|poke|p2|Forretress, M, shiny|item
|poke|p2|Whimsicott, M, shiny|item
|poke|p2|Mienshao, M, shiny|item
|poke|p2|Slurpuff, M, shiny|item
|rule|Swagger Clause: Swagger is banned
|rule|Baton Pass Clause: Limit one Baton Passer, can't pass Spe and other stats simultaneously
|teampreview
|choice|team 2, team 1, team 3, team 4, team 5, team 6|team 3, team 2, team 1, team 4, team 5, team 6
|
|start
|switch|p1a: Toxicroak|Toxicroak, F|308\/308
|switch|p2a: Forretress|Forretress, M, shiny|353\/353
|turn|1
|choice|move swordsdance|move stealthrock
|
|move|p1a: Toxicroak|Swords Dance|p1a: Toxicroak
|-boost|p1a: Toxicroak|atk|2
|move|p2a: Forretress|Stealth Rock|p1a: Toxicroak
|-sidestart|p1: ParnStar|move: Stealth Rock
|
|upkeep
|turn|2
|choice|move drainpunch|move toxicspikes
|
|move|p1a: Toxicroak|Drain Punch|p2a: Forretress
|-damage|p2a: Forretress|90\/353
|-damage|p1a: Toxicroak|278\/308|[from] item: Life Orb
|move|p2a: Forretress|Toxic Spikes|p1a: Toxicroak
|-sidestart|p1: ParnStar|move: Toxic Spikes
|
|upkeep
|turn|3
|choice|move drainpunch|move counter
|
|move|p1a: Toxicroak|Drain Punch|p2a: Forretress
|-damage|p2a: Forretress|0 fnt
|-heal|p1a: Toxicroak|308\/308|[from] drain|[of] p2a: Forretress
|-damage|p1a: Toxicroak|278\/308|[from] item: Life Orb
|faint|p2a: Forretress
|
|upkeep
|choice||switch 5
|
|switch|p2a: Mienshao|Mienshao, M, shiny|271\/271
|turn|4
|choice|move suckerpunch|move fakeout
|
|move|p2a: Mienshao|Fake Out|p1a: Toxicroak
|-damage|p1a: Toxicroak|214\/308
|cant|p1a: Toxicroak|flinch
|
|upkeep
|turn|5
|choice|move suckerpunch|move uturn
|
|move|p1a: Toxicroak|Sucker Punch|p2a: Mienshao
|-resisted|p2a: Mienshao
|-damage|p2a: Mienshao|86\/271
|-damage|p1a: Toxicroak|184\/308|[from] item: Life Orb
|move|p2a: Mienshao|U-turn|p1a: Toxicroak
|-resisted|p1a: Toxicroak
|-damage|p1a: Toxicroak|153\/308
|choice||switch 4
|
|switch|p2a: Whimsicott|Whimsicott, M, shiny|323\/323
|
|upkeep
|turn|6
|choice|move gunkshot|move substitute
|
|move|p2a: Whimsicott|Substitute|p2a: Whimsicott
|-start|p2a: Whimsicott|Substitute
|-damage|p2a: Whimsicott|243\/323
|move|p1a: Toxicroak|Gunk Shot|p2a: Whimsicott
|-supereffective|p2a: Whimsicott
|-end|p2a: Whimsicott|Substitute
|-damage|p1a: Toxicroak|123\/308|[from] item: Life Orb
|
|-heal|p2a: Whimsicott|263\/323|[from] item: Leftovers
|upkeep
|turn|7
|choice|move drainpunch|move substitute
|
|move|p2a: Whimsicott|Substitute|p2a: Whimsicott
|-start|p2a: Whimsicott|Substitute
|-damage|p2a: Whimsicott|183\/323
|move|p1a: Toxicroak|Drain Punch|p2a: Whimsicott
|-resisted|p2a: Whimsicott
|-end|p2a: Whimsicott|Substitute
|-heal|p1a: Toxicroak|163\/308|[from] drain|[of] p2a: Whimsicott
|-damage|p1a: Toxicroak|133\/308|[from] item: Life Orb
|
|-heal|p2a: Whimsicott|203\/323|[from] item: Leftovers
|upkeep
|turn|8
|choice|move drainpunch|move substitute
|
|move|p2a: Whimsicott|Substitute|p2a: Whimsicott
|-start|p2a: Whimsicott|Substitute
|-damage|p2a: Whimsicott|123\/323
|move|p1a: Toxicroak|Drain Punch|p2a: Whimsicott
|-resisted|p2a: Whimsicott
|-end|p2a: Whimsicott|Substitute
|-heal|p1a: Toxicroak|173\/308|[from] drain|[of] p2a: Whimsicott
|-damage|p1a: Toxicroak|143\/308|[from] item: Life Orb
|
|-heal|p2a: Whimsicott|143\/323|[from] item: Leftovers
|upkeep
|turn|9
|choice|move gunkshot|move substitute
|
|move|p2a: Whimsicott|Substitute|p2a: Whimsicott
|-start|p2a: Whimsicott|Substitute
|-damage|p2a: Whimsicott|63\/323
|move|p1a: Toxicroak|Gunk Shot|p2a: Whimsicott
|-supereffective|p2a: Whimsicott
|-end|p2a: Whimsicott|Substitute
|-damage|p1a: Toxicroak|113\/308|[from] item: Life Orb
|
|-heal|p2a: Whimsicott|83\/323|[from] item: Leftovers
|upkeep
|turn|10
|choice|move drainpunch|move substitute
|
|move|p2a: Whimsicott|Substitute|p2a: Whimsicott
|-start|p2a: Whimsicott|Substitute
|-damage|p2a: Whimsicott|3\/323
|move|p1a: Toxicroak|Drain Punch|p2a: Whimsicott
|-resisted|p2a: Whimsicott
|-end|p2a: Whimsicott|Substitute
|-heal|p1a: Toxicroak|153\/308|[from] drain|[of] p2a: Whimsicott
|-damage|p1a: Toxicroak|123\/308|[from] item: Life Orb
|
|-heal|p2a: Whimsicott|23\/323|[from] item: Leftovers
|upkeep
|turn|11
|choice|move suckerpunch|move tailwind
|
|move|p1a: Toxicroak|Sucker Punch|p2a: Whimsicott|[still]
|-fail|p1a: Toxicroak
|move|p2a: Whimsicott|Tailwind|p2a: Whimsicott
|-sidestart|p2: richramp|move: Tailwind
|
|-heal|p2a: Whimsicott|43\/323|[from] item: Leftovers
|upkeep
|turn|12
|choice|move drainpunch|move leechseed
|
|move|p2a: Whimsicott|Leech Seed|p1a: Toxicroak
|-start|p1a: Toxicroak|move: Leech Seed
|move|p1a: Toxicroak|Drain Punch|p2a: Whimsicott
|-resisted|p2a: Whimsicott
|-damage|p2a: Whimsicott|0 fnt
|-heal|p1a: Toxicroak|145\/308|[from] drain|[of] p2a: Whimsicott
|-damage|p1a: Toxicroak|115\/308|[from] item: Life Orb
|faint|p2a: Whimsicott
|
|upkeep
|choice||switch 3
|
|switch|p2a: Machamp|Machamp, M, shiny|383\/383
|turn|13
|choice|move gunkshot|move dynamicpunch
|
|move|p2a: Machamp|Dynamic Punch|p1a: Toxicroak
|-resisted|p1a: Toxicroak
|-damage|p1a: Toxicroak|0 fnt
|faint|p1a: Toxicroak
|
|upkeep
|choice|switch 5|
|
|switch|p1a: Donphan|Donphan, M|383\/383
|-status|p1a: Donphan|psn
|-damage|p1a: Donphan|360\/383 psn|[from] Stealth Rock
|turn|14
|choice|move stealthrock|move dynamicpunch
|
|move|p2a: Machamp|Dynamic Punch|p1a: Donphan
|-damage|p1a: Donphan|122\/383 psn
|-start|p1a: Donphan|confusion
|-activate|p1a: Donphan|confusion
|-damage|p1a: Donphan|76\/383 psn|[from] confusion
|
|-damage|p1a: Donphan|29\/383 psn|[from] psn
|-sideend|p2: richramp|move: Tailwind
|upkeep
|turn|15
|-enditem|p1a: Donphan|Custap Berry|[eat]
|-activate|p1a: Donphan|item: Custap Berry
|choice|move stealthrock|move dynamicpunch
|
|-activate|p1a: Donphan|confusion
|move|p1a: Donphan|Stealth Rock|p2a: Machamp
|-sidestart|p2: richramp|move: Stealth Rock
|move|p2a: Machamp|Dynamic Punch|p1a: Donphan
|-damage|p1a: Donphan|0 fnt
|faint|p1a: Donphan
|
|upkeep
|choice|switch 3|
|
|switch|p1a: Whimsicott|Whimsicott, F|261\/261
|-damage|p1a: Whimsicott|229\/261|[from] Stealth Rock
|-status|p1a: Whimsicott|psn
|turn|16
|choice|move moonblast|switch 4
|
|switch|p2a: Mienshao|Mienshao, M, shiny|176\/271
|-damage|p2a: Mienshao|160\/271|[from] Stealth Rock
|move|p1a: Whimsicott|Moonblast|p2a: Mienshao
|-supereffective|p2a: Mienshao
|-damage|p2a: Mienshao|0 fnt
|faint|p2a: Mienshao
|
|-damage|p1a: Whimsicott|197\/261 psn|[from] psn
|upkeep
|choice||switch 6
|
|switch|p2a: Slurpuff|Slurpuff, M, shiny|305\/305
|-damage|p2a: Slurpuff|267\/305|[from] Stealth Rock
|turn|17
|choice|move naturepower|move bellydrum
|
|move|p1a: Whimsicott|Nature Power|p2a: Slurpuff
|move|p1a: Whimsicott|Tri Attack|p2a: Slurpuff|[from]Nature Power
|-crit|p2a: Slurpuff
|-damage|p2a: Slurpuff|149\/305
|-status|p2a: Slurpuff|frz
|-enditem|p2a: Slurpuff|Berry Juice
|-heal|p2a: Slurpuff|169\/305 frz|[from] item: Berry Juice
|cant|p2a: Slurpuff|frz
|
|-damage|p1a: Whimsicott|165\/261 psn|[from] psn
|upkeep
|turn|18
|choice|move moonblast|move bellydrum
|
|cant|p2a: Slurpuff|frz
|move|p1a: Whimsicott|Moonblast|p2a: Slurpuff
|-damage|p2a: Slurpuff|0 fnt
|faint|p2a: Slurpuff
|
|-damage|p1a: Whimsicott|133\/261 psn|[from] psn
|upkeep
|c|★richramp|well that was gay
|choice||switch 2
|
|switch|p2a: Beedrill|Beedrill, M, shiny|271\/271
|-damage|p2a: Beedrill|204\/271|[from] Stealth Rock
|turn|19
|c|★ParnStar|Ya
|choice|move naturepower|move xscissor mega
|
|detailschange|p2a: Beedrill|Beedrill-Mega, M, shiny
|-mega|p2a: Beedrill|Beedrill|Beedrillite
|move|p1a: Whimsicott|Nature Power|p2a: Beedrill
|move|p1a: Whimsicott|Tri Attack|p2a: Beedrill|[from]Nature Power
|-damage|p2a: Beedrill|123\/271
|move|p2a: Beedrill|X-Scissor|p1a: Whimsicott
|-crit|p1a: Whimsicott
|-damage|p1a: Whimsicott|0 fnt
|faint|p1a: Whimsicott
|
|upkeep
|choice|switch 6|
|
|switch|p1a: Crawdaunt|Crawdaunt, M|267\/267
|-damage|p1a: Crawdaunt|234\/267|[from] Stealth Rock
|-status|p1a: Crawdaunt|psn
|turn|20
|choice|move aquajet|move xscissor
|
|move|p1a: Crawdaunt|Aqua Jet|p2a: Beedrill
|-damage|p2a: Beedrill|0 fnt
|faint|p2a: Beedrill
|
|-damage|p1a: Crawdaunt|201\/267 psn|[from] psn
|upkeep
|choice||switch 4
|
|switch|p2a: Machamp|Machamp, M, shiny|383\/383
|-damage|p2a: Machamp|360\/383|[from] Stealth Rock
|turn|21
|choice|move waterfall|move dynamicpunch
|
|move|p1a: Crawdaunt|Waterfall|p2a: Machamp
|-damage|p2a: Machamp|136\/383
|move|p2a: Machamp|Dynamic Punch|p1a: Crawdaunt
|-supereffective|p1a: Crawdaunt
|-damage|p1a: Crawdaunt|0 fnt
|faint|p1a: Crawdaunt
|
|upkeep
|choice|switch 4|
|
|switch|p1a: Heliolisk|Heliolisk, F|265\/265
|-damage|p1a: Heliolisk|232\/265|[from] Stealth Rock
|-status|p1a: Heliolisk|psn
|turn|22
|choice|move thunderbolt|move dynamicpunch
|
|move|p1a: Heliolisk|Thunderbolt|p2a: Machamp
|-damage|p2a: Machamp|0 fnt
|faint|p2a: Machamp
|
|win|ParnStar
|player|p1
|player|p2
|raw|ParnStar's rating: 1305 &rarr; <strong>1312<\/strong><br \/>(+7 for winning)
|raw|richramp's rating: 1041 &rarr; <strong>1035<\/strong><br \/>(-6 for losing)
|l|richramp</script>
</div>
<div class="battle-log battle-log-inline"><div class="inner"><div class="battle-options"></div><div class="inner"><div class="chat"><small>ParnStar joined.</small></div><div class="chat"><small>richramp joined.</small></div><div class=""><small>Format:</small> <br><strong>UU</strong></div><div class="rated"><strong>Rated battle</strong></div><div class=""><small><em>Sleep Clause Mod:</em> Limit one foe put to sleep</small></div><div class=""><small><em>Species Clause:</em> Limit one of each Pokémon</small></div><div class=""><small><em>OHKO Clause:</em> OHKO moves are banned</small></div><div class=""><small><em>Moody Clause:</em> Moody is banned</small></div><div class=""><small><em>Evasion Moves Clause:</em> Evasion moves are banned</small></div><div class=""><small><em>Endless Battle Clause:</em> Forcing endless battles is banned</small></div><div class=""><small><em>HP Percentage Mod:</em> HP is shown in percentages</small></div><div class=""><small><em>Swagger Clause:</em> Swagger is banned</small></div><div class=""><small><em>Baton Pass Clause:</em> Limit one Baton Passer, can't pass Spe and other stats simultaneously</small></div><div class="chat battle-history"><strong>ParnStar's team:</strong> <em style="color:#445566;display:block;">Mamoswine / Toxicroak / Whimsicott / Heliolisk / Donphan / Crawdaunt</em></div><div class="chat battle-history"><strong>richramp's team:</strong> <em style="color:#445566;display:block;">Machamp / Beedrill / Forretress / Whimsicott / Mienshao / Slurpuff</em></div><div class="spacer battle-history"><br></div><div class="battle-history">Battle started between ParnStar and richramp!<br></div><div class="spacer battle-history"><br></div><div class="battle-history">Go! <strong>Toxicroak</strong>!<br></div><div class="spacer battle-history"><br></div><div class="battle-history">richramp sent out <strong>Forretress</strong>!<br></div><div class="spacer battle-history"><br></div><h2 class="battle-history">Turn 1</h2><div class="spacer battle-history"><br></div><div class="battle-history">Toxicroak used <strong>Swords Dance</strong>!<br></div><div class="battle-history"><small>Toxicroak's Attack rose sharply!</small><br></div><div class="spacer battle-history"><br></div><div class="battle-history">The opposing Forretress used <strong>Stealth Rock</strong>!<br></div><div class="battle-history"><small>Pointed stones float in the air around your team!</small><br></div><div class="spacer battle-history"><br></div><h2 class="battle-history">Turn 2</h2><div class="spacer battle-history"><br></div><div class="battle-history">Toxicroak used <strong>Drain Punch</strong>!<br></div><div class="battle-history"><small>(The opposing Forretress lost <abbr title="−263/353">74.5%</abbr> of its health!)</small><br></div><div class="battle-history"><small>Toxicroak lost some of its HP!</small><br></div><div class="spacer battle-history"><br></div><div class="battle-history">The opposing Forretress used <strong>Toxic Spikes</strong>!<br></div><div class="battle-history"><small>Poison spikes were scattered on the ground all around your team!</small><br></div><div class="spacer battle-history"><br></div><h2 class="battle-history">Turn 3</h2><div class="spacer battle-history"><br></div><div class="battle-history">Toxicroak used <strong>Drain Punch</strong>!<br></div><div class="battle-history"><small>(The opposing Forretress lost <abbr title="−90/353">25.5%</abbr> of its health!)</small><br></div><div class="battle-history"><small>The opposing Forretress had its energy drained!</small><br></div><div class="battle-history"><small>Toxicroak lost some of its HP!</small><br></div><div class="spacer battle-history"><br></div><div class="battle-history">The opposing Forretress fainted!<br></div><div class="spacer battle-history"><br></div><div class="battle-history">richramp sent out <strong>Mienshao</strong>!<br></div><div class="spacer battle-history"><br></div><h2 class="battle-history">Turn 4</h2><div class="spacer battle-history"><br></div><div class="battle-history">The opposing Mienshao used <strong>Fake Out</strong>!<br></div><div class="battle-history"><small>(Toxicroak lost <abbr title="−64/308">20.8%</abbr> of its health!)</small><br></div><div class="spacer battle-history"><br></div><div class="battle-history">Toxicroak flinched and couldn't move!<br></div><div class="spacer battle-history"><br></div><h2 class="battle-history">Turn 5</h2><div class="spacer battle-history"><br></div><div class="battle-history">Toxicroak used <strong>Sucker Punch</strong>!<br></div><div class="battle-history"><small>It's not very effective...</small><br></div><div class="battle-history"><small>(The opposing Mienshao lost <abbr title="−185/271">68.3%</abbr> of its health!)</small><br></div><div class="battle-history"><small>Toxicroak lost some of its HP!</small><br></div><div class="spacer battle-history"><br></div><div class="battle-history">The opposing Mienshao used <strong>U-turn</strong>!<br></div><div class="battle-history"><small>It's not very effective...</small><br></div><div class="battle-history"><small>(Toxicroak lost <abbr title="−31/308">10.1%</abbr> of its health!)</small><br></div><div class="spacer battle-history"><br></div><div class="battle-history">The opposing Mienshao went back to richramp!<br></div><div class="battle-history">richramp sent out <strong>Whimsicott</strong>!<br></div><div class="spacer battle-history"><br></div><h2 class="battle-history">Turn 6</h2><div class="spacer battle-history"><br></div><div class="battle-history">The opposing Whimsicott used <strong>Substitute</strong>!<br></div><div class="battle-history"><small>The opposing Whimsicott put in a substitute!</small><br></div><div class="battle-history"><small>(The opposing Whimsicott lost <abbr title="−80/323">24.8%</abbr> of its health!)</small><br></div><div class="spacer battle-history"><br></div><div class="battle-history">Toxicroak used <strong>Gunk Shot</strong>!<br></div><div class="battle-history"><small>It's super effective!</small><br></div><div class="battle-history"><small>The opposing Whimsicott's substitute faded!</small><br></div><div class="battle-history"><small>Toxicroak lost some of its HP!</small><br></div><div class="spacer battle-history"><br></div><div class="battle-history"><small>The opposing Whimsicott restored a little HP using its Leftovers!</small><br></div><div class="spacer battle-history"><br></div><h2 class="battle-history">Turn 7</h2><div class="spacer battle-history"><br></div><div class="battle-history">The opposing Whimsicott used <strong>Substitute</strong>!<br></div><div class="battle-history"><small>The opposing Whimsicott put in a substitute!</small><br></div><div class="battle-history"><small>(The opposing Whimsicott lost <abbr title="−80/323">24.8%</abbr> of its health!)</small><br></div><div class="spacer battle-history"><br></div><div class="battle-history">Toxicroak used <strong>Drain Punch</strong>!<br></div><div class="battle-history"><small>It's not very effective...</small><br></div><div class="battle-history"><small>The opposing Whimsicott's substitute faded!</small><br></div><div class="battle-history"><small>The opposing Whimsicott had its energy drained!</small><br></div><div class="battle-history"><small>Toxicroak lost some of its HP!</small><br></div><div class="spacer battle-history"><br></div><div class="battle-history"><small>The opposing Whimsicott restored a little HP using its Leftovers!</small><br></div><div class="spacer battle-history"><br></div><h2 class="battle-history">Turn 8</h2><div class="spacer battle-history"><br></div><div class="battle-history">The opposing Whimsicott used <strong>Substitute</strong>!<br></div><div class="battle-history"><small>The opposing Whimsicott put in a substitute!</small><br></div><div class="battle-history"><small>(The opposing Whimsicott lost <abbr title="−80/323">24.8%</abbr> of its health!)</small><br></div><div class="spacer battle-history"><br></div><div class="battle-history">Toxicroak used <strong>Drain Punch</strong>!<br></div><div class="battle-history"><small>It's not very effective...</small><br></div><div class="battle-history"><small>The opposing Whimsicott's substitute faded!</small><br></div><div class="battle-history"><small>The opposing Whimsicott had its energy drained!</small><br></div><div class="battle-history"><small>Toxicroak lost some of its HP!</small><br></div><div class="spacer battle-history"><br></div><div class="battle-history"><small>The opposing Whimsicott restored a little HP using its Leftovers!</small><br></div><div class="spacer battle-history"><br></div><h2 class="battle-history">Turn 9</h2><div class="spacer battle-history"><br></div><div class="battle-history">The opposing Whimsicott used <strong>Substitute</strong>!<br></div><div class="battle-history"><small>The opposing Whimsicott put in a substitute!</small><br></div><div class="battle-history"><small>(The opposing Whimsicott lost <abbr title="−80/323">24.8%</abbr> of its health!)</small><br></div><div class="spacer battle-history"><br></div><div class="battle-history">Toxicroak used <strong>Gunk Shot</strong>!<br></div><div class="battle-history"><small>It's super effective!</small><br></div><div class="battle-history"><small>The opposing Whimsicott's substitute faded!</small><br></div><div class="battle-history"><small>Toxicroak lost some of its HP!</small><br></div><div class="spacer battle-history"><br></div><div class="battle-history"><small>The opposing Whimsicott restored a little HP using its Leftovers!</small><br></div><div class="spacer battle-history"><br></div><h2 class="battle-history">Turn 10</h2><div class="spacer battle-history"><br></div><div class="battle-history">The opposing Whimsicott used <strong>Substitute</strong>!<br></div><div class="battle-history"><small>The opposing Whimsicott put in a substitute!</small><br></div><div class="battle-history"><small>(The opposing Whimsicott lost <abbr title="−80/323">24.8%</abbr> of its health!)</small><br></div><div class="spacer battle-history"><br></div><div class="battle-history">Toxicroak used <strong>Drain Punch</strong>!<br></div><div class="battle-history"><small>It's not very effective...</small><br></div><div class="battle-history"><small>The opposing Whimsicott's substitute faded!</small><br></div><div class="battle-history"><small>The opposing Whimsicott had its energy drained!</small><br></div><div class="battle-history"><small>Toxicroak lost some of its HP!</small><br></div><div class="spacer battle-history"><br></div><div class="battle-history"><small>The opposing Whimsicott restored a little HP using its Leftovers!</small><br></div><div class="spacer battle-history"><br></div><h2 class="battle-history">Turn 11</h2><div class="spacer battle-history"><br></div><div class="battle-history">Toxicroak used <strong>Sucker Punch</strong>!<br></div><div class="battle-history"><small>But it failed!</small><br></div><div class="spacer battle-history"><br></div><div class="battle-history">The opposing Whimsicott used <strong>Tailwind</strong>!<br></div><div class="battle-history"><small>The Tailwind blew from behind the opposing team!</small><br></div><div class="spacer battle-history"><br></div><div class="battle-history"><small>The opposing Whimsicott restored a little HP using its Leftovers!</small><br></div><div class="spacer battle-history"><br></div><h2 class="battle-history">Turn 12</h2><div class="spacer battle-history"><br></div><div class="battle-history">The opposing Whimsicott used <strong>Leech Seed</strong>!<br></div><div class="battle-history"><small>Toxicroak was seeded!</small><br></div><div class="spacer battle-history"><br></div><div class="battle-history">Toxicroak used <strong>Drain Punch</strong>!<br></div><div class="battle-history"><small>It's not very effective...</small><br></div><div class="battle-history"><small>(The opposing Whimsicott lost <abbr title="−43/323">13.3%</abbr> of its health!)</small><br></div><div class="battle-history"><small>The opposing Whimsicott had its energy drained!</small><br></div><div class="battle-history"><small>Toxicroak lost some of its HP!</small><br></div><div class="spacer battle-history"><br></div><div class="battle-history">The opposing Whimsicott fainted!<br></div><div class="spacer battle-history"><br></div><div class="battle-history">richramp sent out <strong>Machamp</strong>!<br></div><div class="spacer battle-history"><br></div><h2 class="battle-history">Turn 13</h2><div class="spacer battle-history"><br></div><div class="battle-history">The opposing Machamp used <strong>Dynamic Punch</strong>!<br></div><div class="battle-history"><small>It's not very effective...</small><br></div><div class="battle-history"><small>(Toxicroak lost <abbr title="−115/308">37.3%</abbr> of its health!)</small><br></div><div class="spacer battle-history"><br></div><div class="battle-history">Toxicroak fainted!<br></div><div class="spacer battle-history"><br></div><div class="battle-history">Go! <strong>Donphan</strong>!<br></div><div class="battle-history"><small>Donphan was poisoned!</small><br></div><div class="battle-history"><small>Pointed stones dug into Donphan!</small><br></div><div class="spacer battle-history"><br></div><h2 class="battle-history">Turn 14</h2><div class="spacer battle-history"><br></div><div class="battle-history">The opposing Machamp used <strong>Dynamic Punch</strong>!<br></div><div class="battle-history"><small>(Donphan lost <abbr title="−238/383">62.1%</abbr> of its health!)</small><br></div><div class="battle-history"><small>Donphan became confused!</small><br></div><div class="spacer battle-history"><br></div><div class="battle-history"><small>Donphan is confused!</small><br></div><div class="battle-history">It hurt itself in its confusion!<br></div><div class="spacer battle-history"><br></div><div class="battle-history"><small>Donphan was hurt by poison!</small><br></div><div class="battle-history"><small>The opposing team's Tailwind petered out!</small><br></div><div class="spacer battle-history"><br></div><h2 class="battle-history">Turn 15</h2><div class="spacer battle-history"><br></div><div class="battle-history"><small>Donphan ate its Custap Berry!</small><br></div><div class="battle-history"><small>Donphan's Custap Berry let it move first!</small><br></div><div class="spacer battle-history"><br></div><div class="battle-history"><small>Donphan is confused!</small><br></div><div class="battle-history">Donphan used <strong>Stealth Rock</strong>!<br></div><div class="battle-history"><small>Pointed stones float in the air around the opposing team!</small><br></div><div class="spacer battle-history"><br></div><div class="battle-history">The opposing Machamp used <strong>Dynamic Punch</strong>!<br></div><div class="battle-history"><small>(Donphan lost <abbr title="−29/383">7.6%</abbr> of its health!)</small><br></div><div class="spacer battle-history"><br></div><div class="battle-history">Donphan fainted!<br></div><div class="spacer battle-history"><br></div><div class="battle-history">Go! <strong>Whimsicott</strong>!<br></div><div class="battle-history"><small>Pointed stones dug into Whimsicott!</small><br></div><div class="battle-history"><small>Whimsicott was poisoned!</small><br></div><div class="spacer battle-history"><br></div><h2 class="battle-history">Turn 16</h2><div class="spacer battle-history"><br></div><div class="battle-history">richramp withdrew Machamp!<br></div><div class="battle-history">richramp sent out <strong>Mienshao</strong>!<br></div><div class="battle-history"><small>Pointed stones dug into the opposing Mienshao!</small><br></div><div class="spacer battle-history"><br></div><div class="battle-history">Whimsicott used <strong>Moonblast</strong>!<br></div><div class="battle-history"><small>It's super effective!</small><br></div><div class="battle-history"><small>(The opposing Mienshao lost <abbr title="−160/271">59.0%</abbr> of its health!)</small><br></div><div class="spacer battle-history"><br></div><div class="battle-history">The opposing Mienshao fainted!<br></div><div class="spacer battle-history"><br></div><div class="battle-history"><small>Whimsicott was hurt by poison!</small><br></div><div class="spacer battle-history"><br></div><div class="battle-history">richramp sent out <strong>Slurpuff</strong>!<br></div><div class="battle-history"><small>Pointed stones dug into the opposing Slurpuff!</small><br></div><div class="spacer battle-history"><br></div><h2 class="battle-history">Turn 17</h2><div class="spacer battle-history"><br></div><div class="battle-history">Whimsicott used <strong>Nature Power</strong>!<br></div><div class="spacer battle-history"><br></div><div class="battle-history">Nature Power turned into Tri Attack!<br></div><div class="battle-history"><small>A critical hit!</small><br></div><div class="battle-history"><small>(The opposing Slurpuff lost <abbr title="−118/305">38.7%</abbr> of its health!)</small><br></div><div class="battle-history"><small>The opposing Slurpuff was frozen solid!</small><br></div><div class="battle-history"><small>(The opposing Slurpuff used its Berry Juice!)</small><br></div><div class="battle-history"><small>The opposing Slurpuff restored HP using its Berry Juice!</small><br></div><div class="spacer battle-history"><br></div><div class="battle-history">The opposing Slurpuff is frozen solid!<br></div><div class="spacer battle-history"><br></div><div class="battle-history"><small>Whimsicott was hurt by poison!</small><br></div><div class="spacer battle-history"><br></div><h2 class="battle-history">Turn 18</h2><div class="spacer battle-history"><br></div><div class="battle-history">The opposing Slurpuff is frozen solid!<br></div><div class="spacer battle-history"><br></div><div class="battle-history">Whimsicott used <strong>Moonblast</strong>!<br></div><div class="battle-history"><small>(The opposing Slurpuff lost <abbr title="−169/305">55.4%</abbr> of its health!)</small><br></div><div class="spacer battle-history"><br></div><div class="battle-history">The opposing Slurpuff fainted!<br></div><div class="spacer battle-history"><br></div><div class="battle-history"><small>Whimsicott was hurt by poison!</small><br></div><div class="chat chatmessage-richramp"><strong style="color:hsl(85,73%,33%)"><small>★</small><span class="username" data-name="richramp">richramp</span>:</strong> <em>well that was gay</em></div><div class="spacer battle-history"><br></div><div class="battle-history">richramp sent out <strong>Beedrill</strong>!<br></div><div class="battle-history"><small>Pointed stones dug into the opposing Beedrill!</small><br></div><div class="spacer battle-history"><br></div><h2 class="battle-history">Turn 19</h2><div class="chat chatmessage-parnstar"><strong style="color:hsl(41,84%,41.163999978976825%)"><small>★</small><span class="username" data-name="ParnStar">ParnStar</span>:</strong> <em>Ya</em></div><div class="spacer battle-history"><br></div><div class="battle-history"><small>The opposing Beedrill's Beedrillite is reacting to richramp's Mega Bracelet!</small><br>The opposing Beedrill has Mega Evolved into Mega Beedrill!<br></div><div class="spacer battle-history"><br></div><div class="battle-history">Whimsicott used <strong>Nature Power</strong>!<br></div><div class="spacer battle-history"><br></div><div class="battle-history">Nature Power turned into Tri Attack!<br></div><div class="battle-history"><small>(The opposing Beedrill lost <abbr title="−81/271">29.9%</abbr> of its health!)</small><br></div><div class="spacer battle-history"><br></div><div class="battle-history">The opposing Beedrill used <strong>X-Scissor</strong>!<br></div><div class="battle-history"><small>A critical hit!</small><br></div><div class="battle-history"><small>(Whimsicott lost <abbr title="−133/261">51.0%</abbr> of its health!)</small><br></div><div class="spacer battle-history"><br></div><div class="battle-history">Whimsicott fainted!<br></div><div class="spacer battle-history"><br></div><div class="battle-history">Go! <strong>Crawdaunt</strong>!<br></div><div class="battle-history"><small>Pointed stones dug into Crawdaunt!</small><br></div><div class="battle-history"><small>Crawdaunt was poisoned!</small><br></div><div class="spacer battle-history"><br></div><h2 class="battle-history">Turn 20</h2><div class="spacer battle-history"><br></div><div class="battle-history">Crawdaunt used <strong>Aqua Jet</strong>!<br></div><div class="battle-history"><small>(The opposing Beedrill lost <abbr title="−123/271">45.4%</abbr> of its health!)</small><br></div><div class="spacer battle-history"><br></div><div class="battle-history">The opposing Beedrill fainted!<br></div><div class="spacer battle-history"><br></div><div class="battle-history"><small>Crawdaunt was hurt by poison!</small><br></div><div class="spacer battle-history"><br></div><div class="battle-history">richramp sent out <strong>Machamp</strong>!<br></div><div class="battle-history"><small>Pointed stones dug into the opposing Machamp!</small><br></div><div class="spacer battle-history"><br></div><h2 class="battle-history">Turn 21</h2><div class="spacer battle-history"><br></div><div class="battle-history">Crawdaunt used <strong>Waterfall</strong>!<br></div><div class="battle-history"><small>(The opposing Machamp lost <abbr title="−224/383">58.5%</abbr> of its health!)</small><br></div><div class="spacer battle-history"><br></div><div class="battle-history">The opposing Machamp used <strong>Dynamic Punch</strong>!<br></div><div class="battle-history"><small>It's super effective!</small><br></div><div class="battle-history"><small>(Crawdaunt lost <abbr title="−201/267">75.3%</abbr> of its health!)</small><br></div><div class="spacer battle-history"><br></div><div class="battle-history">Crawdaunt fainted!<br></div><div class="spacer battle-history"><br></div><div class="battle-history">Go! <strong>Heliolisk</strong>!<br></div><div class="battle-history"><small>Pointed stones dug into Heliolisk!</small><br></div><div class="battle-history"><small>Heliolisk was poisoned!</small><br></div><div class="spacer battle-history"><br></div><h2 class="battle-history">Turn 22</h2><div class="spacer battle-history"><br></div><div class="battle-history">Heliolisk used <strong>Thunderbolt</strong>!<br></div><div class="battle-history"><small>(The opposing Machamp lost <abbr title="−136/383">35.5%</abbr> of its health!)</small><br></div><div class="spacer battle-history"><br></div><div class="battle-history">The opposing Machamp fainted!<br></div><div class="spacer battle-history"><br></div><div class="battle-history"><strong>ParnStar</strong> won the battle!<br></div><div class="chat">ParnStar's rating: 1305 → <strong>1312</strong><br>(+7 for winning)</div><div class="chat">richramp's rating: 1041 → <strong>1035</strong><br>(-6 for losing)</div><div class="chat"><small>richramp left.</small></div></div><div class="inner-preempt"></div></div></div>
</div>
<script>
let daily = Math.floor(Date.now()/1000/60/60/24);document.write('<script src="https://play.pokemonshowdown.com/js/replay-embed.js?version'+daily+'"></'+'script>');
</script>
