<!DOCTYPE html>
<meta charset="utf-8" />
<!-- version 1 -->
<title>UU replay: The frozen lopunny vs. Simon Dumont</title>
<style>
html,body {font-family:Verdana, sans-serif;font-size:10pt;margin:0;padding:0;}body{padding:12px 0;} .battle-log {font-family:Verdana, sans-serif;font-size:10pt;} .battle-log-inline {border:1px solid #AAAAAA;background:#EEF2F5;color:black;max-width:640px;margin:0 auto 80px;padding-bottom:5px;} .battle-log .inner {padding:4px 8px 0px 8px;} .battle-log .inner-preempt {padding:0 8px 4px 8px;} .battle-log .inner-after {margin-top:0.5em;} .battle-log h2 {margin:0.5em -8px;padding:4px 8px;border:1px solid #AAAAAA;background:#E0E7EA;border-left:0;border-right:0;font-family:Verdana, sans-serif;font-size:13pt;} .battle-log .chat {vertical-align:middle;padding:3px 0 3px 0;font-size:8pt;} .battle-log .chat strong {color:#40576A;} .battle-log .chat em {padding:1px 4px 1px 3px;color:#000000;font-style:normal;} .chat.mine {background:rgba(0,0,0,0.05);margin-left:-8px;margin-right:-8px;padding-left:8px;padding-right:8px;} .spoiler {color:#BBBBBB;background:#BBBBBB;padding:0px 3px;} .spoiler:hover, .spoiler:active, .spoiler-shown {color:#000000;background:#E2E2E2;padding:0px 3px;} .spoiler a {color:#BBBBBB;} .spoiler:hover a, .spoiler:active a, .spoiler-shown a {color:#2288CC;} .chat code, .chat .spoiler:hover code, .chat .spoiler:active code, .chat .spoiler-shown code {border:1px solid #C0C0C0;background:#EEEEEE;color:black;padding:0 2px;} .chat .spoiler code {border:1px solid #CCCCCC;background:#CCCCCC;color:#CCCCCC;} .battle-log .rated {padding:3px 4px;} .battle-log .rated strong {color:white;background:#89A;padding:1px 4px;border-radius:4px;} .spacer {margin-top:0.5em;} .message-announce {background:#6688AA;color:white;padding:1px 4px 2px;} .message-announce a, .broadcast-green a, .broadcast-blue a, .broadcast-red a {color:#DDEEFF;} .broadcast-green {background-color:#559955;color:white;padding:2px 4px;} .broadcast-blue {background-color:#6688AA;color:white;padding:2px 4px;} .infobox {border:1px solid #6688AA;padding:2px 4px;} .infobox-limited {max-height:200px;overflow:auto;overflow-x:hidden;} .broadcast-red {background-color:#AA5544;color:white;padding:2px 4px;} .message-learn-canlearn {font-weight:bold;color:#228822;text-decoration:underline;} .message-learn-cannotlearn {font-weight:bold;color:#CC2222;text-decoration:underline;} .message-effect-weak {font-weight:bold;color:#CC2222;} .message-effect-resist {font-weight:bold;color:#6688AA;} .message-effect-immune {font-weight:bold;color:#666666;} .message-learn-list {margin-top:0;margin-bottom:0;} .message-throttle-notice, .message-error {color:#992222;} .message-overflow, .chat small.message-overflow {font-size:0pt;} .message-overflow::before {font-size:9pt;content:'...';} .subtle {color:#3A4A66;}
</style>
<div class="wrapper replay-wrapper" style="max-width:1180px;margin:0 auto">
<input type="hidden" name="replayid" value="uu-566631781" />
<div class="battle"></div><div class="battle-log"></div><div class="replay-controls"></div><div class="replay-controls-2"></div>
<h1 style="font-weight:normal;text-align:center"><strong>UU</strong><br /><a href="http://pokemonshowdown.com/users/thefrozenlopunny" class="subtle" target="_blank">The frozen lopunny</a> vs. <a href="http://pokemonshowdown.com/users/simondumont" class="subtle" target="_blank">Simon Dumont</a></h1>
<script type="text/plain" class="battle-log-data">|j|The frozen lopunny
|j|Simon Dumont
|player|p1|The frozen lopunny|279
|player|p2|Simon Dumont|56
|gametype|singles
|gen|6
|tier|UU
|rated
|seed|23570,58177,11331,8268
|rule|Sleep Clause Mod: Limit one foe put to sleep
|rule|Species Clause: Limit one of each Pokémon
|rule|OHKO Clause: OHKO moves are banned
|rule|Moody Clause: Moody is banned
|rule|Evasion Moves Clause: Evasion moves are banned
|rule|Endless Battle Clause: Forcing endless battles is banned
|rule|HP Percentage Mod: HP is shown in percentages
|clearpoke
|poke|p1|Mienshao, M, shiny|item
|poke|p1|Whimsicott, M|item
|poke|p1|Vaporeon, M|item
|poke|p1|Forretress, F|item
|poke|p1|Krookodile, M|item
|poke|p1|Chandelure, F|item
|poke|p2|Mamoswine, M|item
|poke|p2|Espeon, M, shiny|item
|poke|p2|Snorlax, F|item
|poke|p2|Sharpedo, F|item
|poke|p2|Lucario, F|item
|poke|p2|Roserade, M|item
|rule|Swagger Clause: Swagger is banned
|rule|Baton Pass Clause: Limit one Baton Passer, can't pass Spe and other stats simultaneously
|teampreview
|choice|team 1, team 2, team 3, team 4, team 5, team 6|team 1, team 2, team 3, team 4, team 5, team 6
|
|start
|switch|p1a: ThisIsMyHappyFace|Mienshao, M, shiny|271\/271
|switch|p2a: Mamoswine|Mamoswine, M|423\/423
|turn|1
|choice|move uturn|move stealthrock
|
|move|p1a: ThisIsMyHappyFace|U-turn|p2a: Mamoswine
|-damage|p2a: Mamoswine|329\/423
|choice|switch 4|
|
|switch|p1a: Metal wallnut|Forretress, F|354\/354
|move|p2a: Mamoswine|Stealth Rock|p1a: Metal wallnut
|-sidestart|p1: The frozen lopunny|move: Stealth Rock
|
|-heal|p2a: Mamoswine|355\/423|[from] item: Leftovers
|upkeep
|turn|2
|choice|move rapidspin|switch 5
|
|switch|p2a: Lucario|Lucario, F|344\/344
|move|p1a: Metal wallnut|Rapid Spin|p2a: Lucario
|-resisted|p2a: Lucario
|-damage|p2a: Lucario|336\/344
|-sideend|p1: The frozen lopunny|Stealth Rock|[from] move: Rapid Spin|[of] p1a: Metal wallnut
|
|-heal|p2a: Lucario|344\/344|[from] item: Leftovers
|upkeep
|turn|3
|choice|switch 6|move nastyplot
|
|switch|p1a: Spook|Chandelure, F|261\/261
|move|p2a: Lucario|Nasty Plot|p2a: Lucario
|-boost|p2a: Lucario|spa|2
|
|upkeep
|turn|4
|choice|switch 2|move nastyplot
|
|switch|p1a: Poof|Whimsicott, M|311\/311
|move|p2a: Lucario|Nasty Plot|p2a: Lucario
|-boost|p2a: Lucario|spa|2
|
|upkeep
|turn|5
|choice|move encore|move flashcannon
|
|move|p1a: Poof|Encore|p2a: Lucario
|-start|p2a: Lucario|Encore
|move|p2a: Lucario|Nasty Plot|p2a: Lucario
|-boost|p2a: Lucario|spa|2
|
|upkeep
|turn|6
|choice|move uturn|move nastyplot
|
|move|p1a: Poof|U-turn|p2a: Lucario
|-resisted|p2a: Lucario
|-damage|p2a: Lucario|333\/344
|choice|switch 5|
|
|switch|p1a: Dingodile|Krookodile, M|331\/331
|move|p2a: Lucario|Nasty Plot|p2a: Lucario
|-boost|p2a: Lucario|spa|0
|
|-heal|p2a: Lucario|344\/344|[from] item: Leftovers
|upkeep
|turn|7
|choice|move earthquake|switch 5
|
|switch|p2a: Mamoswine|Mamoswine, M|355\/423
|move|p1a: Dingodile|Earthquake|p2a: Mamoswine
|-crit|p2a: Mamoswine
|-damage|p2a: Mamoswine|64\/423
|
|-heal|p2a: Mamoswine|90\/423|[from] item: Leftovers
|upkeep
|turn|8
|choice|move earthquake|move iciclecrash
|
|move|p1a: Dingodile|Earthquake|p2a: Mamoswine
|-damage|p2a: Mamoswine|0 fnt
|faint|p2a: Mamoswine
|-ability|p1a: Dingodile|Moxie|boost
|-boost|p1a: Dingodile|atk|1
|
|upkeep
|choice||switch 6
|
|switch|p2a: Roserade|Roserade, M|324\/324
|turn|9
|choice|move knockoff|move leechseed
|
|move|p1a: Dingodile|Knock Off|p2a: Roserade
|-damage|p2a: Roserade|0 fnt
|-enditem|p2a: Roserade|Black Sludge|[from] move: Knock Off|[of] p1a: Dingodile
|faint|p2a: Roserade
|-ability|p1a: Dingodile|Moxie|boost
|-boost|p1a: Dingodile|atk|1
|
|upkeep
|choice||switch 4
|
|switch|p2a: Sharpedo|Sharpedo, F|281\/281
|turn|10
|choice|switch 5|move protect
|
|switch|p1a: Poof|Whimsicott, M|311\/311
|move|p2a: Sharpedo|Protect|p2a: Sharpedo
|-fail|p2a: Sharpedo
|
|-ability|p2a: Sharpedo|Speed Boost|boost
|-boost|p2a: Sharpedo|spe|1
|upkeep
|turn|11
|choice|move encore|move icefang mega
|
|detailschange|p2a: Sharpedo|Sharpedo-Mega, F
|-mega|p2a: Sharpedo|Sharpedo|Sharpedonite
|move|p1a: Poof|Encore|p2a: Sharpedo
|-start|p2a: Sharpedo|Encore
|move|p2a: Sharpedo|Protect|p2a: Sharpedo
|-fail|p2a: Sharpedo
|
|upkeep
|turn|12
|-message|Simon Dumont forfeited.
|
|win|The frozen lopunny
|l|Simon Dumont
|raw|The frozen lopunny's rating: 1350 &rarr; <strong>1355<\/strong><br \/>(+5 for winning)
|raw|Simon Dumont's rating: 1000 &rarr; <strong>1000<\/strong><br \/>(+0 for losing)</script>
</div>
<div class="battle-log battle-log-inline"><div class="inner"><div class="battle-options"></div><div class="inner"><div class="chat"><small>The frozen lopunny joined.</small></div><div class="chat"><small>Simon Dumont joined.</small></div><div class=""><small>Format:</small> <br><strong>UU</strong></div><div class="rated"><strong>Rated battle</strong></div><div class=""><small><em>Sleep Clause Mod:</em> Limit one foe put to sleep</small></div><div class=""><small><em>Species Clause:</em> Limit one of each Pokémon</small></div><div class=""><small><em>OHKO Clause:</em> OHKO moves are banned</small></div><div class=""><small><em>Moody Clause:</em> Moody is banned</small></div><div class=""><small><em>Evasion Moves Clause:</em> Evasion moves are banned</small></div><div class=""><small><em>Endless Battle Clause:</em> Forcing endless battles is banned</small></div><div class=""><small><em>HP Percentage Mod:</em> HP is shown in percentages</small></div><div class=""><small><em>Swagger Clause:</em> Swagger is banned</small></div><div class=""><small><em>Baton Pass Clause:</em> Limit one Baton Passer, can't pass Spe and other stats simultaneously</small></div><div class="chat battle-history"><strong>The frozen lopunny's team:</strong> <em style="color:#445566;display:block;">Mienshao / Whimsicott / Vaporeon / Forretress / Krookodile / Chandelure</em></div><div class="chat battle-history"><strong>Simon Dumont's team:</strong> <em style="color:#445566;display:block;">Mamoswine / Espeon / Snorlax / Sharpedo / Lucario / Roserade</em></div><div class="spacer battle-history"><br></div><div class="battle-history">Battle started between The frozen lopunny and Simon Dumont!<br></div><div class="spacer battle-history"><br></div><div class="battle-history">Go! ThisIsMyHappyFace (<strong>Mienshao</strong>)!<br></div><div class="spacer battle-history"><br></div><div class="battle-history">Simon Dumont sent out <strong>Mamoswine</strong>!<br></div><div class="spacer battle-history"><br></div><h2 class="battle-history">Turn 1</h2><div class="spacer battle-history"><br></div><div class="battle-history">ThisIsMyHappyFace used <strong>U-turn</strong>!<br></div><div class="battle-history"><small>(The opposing Mamoswine lost <abbr title="−94/423">22.2%</abbr> of its health!)</small><br></div><div class="spacer battle-history"><br></div><div class="battle-history">ThisIsMyHappyFace went back to The frozen lopunny!<br></div><div class="battle-history">Go! Metal wallnut (<strong>Forretress</strong>)!<br></div><div class="spacer battle-history"><br></div><div class="battle-history">The opposing Mamoswine used <strong>Stealth Rock</strong>!<br></div><div class="battle-history"><small>Pointed stones float in the air around your team!</small><br></div><div class="spacer battle-history"><br></div><div class="battle-history"><small>The opposing Mamoswine restored a little HP using its Leftovers!</small><br></div><div class="spacer battle-history"><br></div><h2 class="battle-history">Turn 2</h2><div class="spacer battle-history"><br></div><div class="battle-history">Simon Dumont withdrew Mamoswine!<br></div><div class="battle-history">Simon Dumont sent out <strong>Lucario</strong>!<br></div><div class="spacer battle-history"><br></div><div class="battle-history">Metal wallnut used <strong>Rapid Spin</strong>!<br></div><div class="battle-history"><small>It's not very effective...</small><br></div><div class="battle-history"><small>(The opposing Lucario lost <abbr title="−8/344">2.3%</abbr> of its health!)</small><br></div><div class="battle-history"><small>The pointed stones disappeared from around your team!</small><br></div><div class="spacer battle-history"><br></div><div class="battle-history"><small>The opposing Lucario restored a little HP using its Leftovers!</small><br></div><div class="spacer battle-history"><br></div><h2 class="battle-history">Turn 3</h2><div class="spacer battle-history"><br></div><div class="battle-history">Metal wallnut, come back!<br></div><div class="battle-history">Go! Spook (<strong>Chandelure</strong>)!<br></div><div class="spacer battle-history"><br></div><div class="battle-history">The opposing Lucario used <strong>Nasty Plot</strong>!<br></div><div class="battle-history"><small>The opposing Lucario's Special Attack rose sharply!</small><br></div><div class="spacer battle-history"><br></div><h2 class="battle-history">Turn 4</h2><div class="spacer battle-history"><br></div><div class="battle-history">Spook, come back!<br></div><div class="battle-history">Go! Poof (<strong>Whimsicott</strong>)!<br></div><div class="spacer battle-history"><br></div><div class="battle-history">The opposing Lucario used <strong>Nasty Plot</strong>!<br></div><div class="battle-history"><small>The opposing Lucario's Special Attack rose sharply!</small><br></div><div class="spacer battle-history"><br></div><h2 class="battle-history">Turn 5</h2><div class="spacer battle-history"><br></div><div class="battle-history">Poof used <strong>Encore</strong>!<br></div><div class="battle-history"><small>The opposing Lucario received an encore!</small><br></div><div class="spacer battle-history"><br></div><div class="battle-history">The opposing Lucario used <strong>Nasty Plot</strong>!<br></div><div class="battle-history"><small>The opposing Lucario's Special Attack rose sharply!</small><br></div><div class="spacer battle-history"><br></div><h2 class="battle-history">Turn 6</h2><div class="spacer battle-history"><br></div><div class="battle-history">Poof used <strong>U-turn</strong>!<br></div><div class="battle-history"><small>It's not very effective...</small><br></div><div class="battle-history"><small>(The opposing Lucario lost <abbr title="−11/344">3.2%</abbr> of its health!)</small><br></div><div class="spacer battle-history"><br></div><div class="battle-history">Poof went back to The frozen lopunny!<br></div><div class="battle-history">Go! Dingodile (<strong>Krookodile</strong>)!<br></div><div class="spacer battle-history"><br></div><div class="battle-history">The opposing Lucario used <strong>Nasty Plot</strong>!<br></div><div class="battle-history"><small>The opposing Lucario's Special Attack won't go any higher!</small><br></div><div class="spacer battle-history"><br></div><div class="battle-history"><small>The opposing Lucario restored a little HP using its Leftovers!</small><br></div><div class="spacer battle-history"><br></div><h2 class="battle-history">Turn 7</h2><div class="spacer battle-history"><br></div><div class="battle-history">Simon Dumont withdrew Lucario!<br></div><div class="battle-history">Simon Dumont sent out <strong>Mamoswine</strong>!<br></div><div class="spacer battle-history"><br></div><div class="battle-history">Dingodile used <strong>Earthquake</strong>!<br></div><div class="battle-history"><small>A critical hit!</small><br></div><div class="battle-history"><small>(The opposing Mamoswine lost <abbr title="−291/423">68.8%</abbr> of its health!)</small><br></div><div class="spacer battle-history"><br></div><div class="battle-history"><small>The opposing Mamoswine restored a little HP using its Leftovers!</small><br></div><div class="spacer battle-history"><br></div><h2 class="battle-history">Turn 8</h2><div class="spacer battle-history"><br></div><div class="battle-history">Dingodile used <strong>Earthquake</strong>!<br></div><div class="battle-history"><small>(The opposing Mamoswine lost <abbr title="−90/423">21.3%</abbr> of its health!)</small><br></div><div class="spacer battle-history"><br></div><div class="battle-history">The opposing Mamoswine fainted!<br></div><div class="battle-history"><small>[Dingodile's Moxie]</small><br></div><div class="battle-history"><small>Dingodile's Attack rose!</small><br></div><div class="spacer battle-history"><br></div><div class="battle-history">Simon Dumont sent out <strong>Roserade</strong>!<br></div><div class="spacer battle-history"><br></div><h2 class="battle-history">Turn 9</h2><div class="spacer battle-history"><br></div><div class="battle-history">Dingodile used <strong>Knock Off</strong>!<br></div><div class="battle-history"><small>(The opposing Roserade lost <abbr title="−324/324">100%</abbr> of its health!)</small><br></div><div class="battle-history"><small>Dingodile knocked off the opposing Roserade's Black Sludge!</small><br></div><div class="spacer battle-history"><br></div><div class="battle-history">The opposing Roserade fainted!<br></div><div class="battle-history"><small>[Dingodile's Moxie]</small><br></div><div class="battle-history"><small>Dingodile's Attack rose!</small><br></div><div class="spacer battle-history"><br></div><div class="battle-history">Simon Dumont sent out <strong>Sharpedo</strong>!<br></div><div class="spacer battle-history"><br></div><h2 class="battle-history">Turn 10</h2><div class="spacer battle-history"><br></div><div class="battle-history">Dingodile, come back!<br></div><div class="battle-history">Go! Poof (<strong>Whimsicott</strong>)!<br></div><div class="spacer battle-history"><br></div><div class="battle-history">The opposing Sharpedo used <strong>Protect</strong>!<br></div><div class="battle-history"><small>But it failed!</small><br></div><div class="spacer battle-history"><br></div><div class="battle-history"><small>[The opposing Sharpedo's Speed Boost]</small><br></div><div class="battle-history"><small>The opposing Sharpedo's Speed rose!</small><br></div><div class="spacer battle-history"><br></div><h2 class="battle-history">Turn 11</h2><div class="spacer battle-history"><br></div><div class="battle-history"><small>The opposing Sharpedo's Sharpedonite is reacting to Simon Dumont's Mega Bracelet!</small><br>The opposing Sharpedo has Mega Evolved into Mega Sharpedo!<br></div><div class="spacer battle-history"><br></div><div class="battle-history">Poof used <strong>Encore</strong>!<br></div><div class="battle-history"><small>The opposing Sharpedo received an encore!</small><br></div><div class="spacer battle-history"><br></div><div class="battle-history">The opposing Sharpedo used <strong>Protect</strong>!<br></div><div class="battle-history"><small>But it failed!</small><br></div><div class="spacer battle-history"><br></div><h2 class="battle-history">Turn 12</h2><div class="spacer battle-history"><br></div><div class="battle-history"><small>Simon Dumont forfeited.</small><br></div><div class="spacer battle-history"><br></div><div class="battle-history"><strong>The frozen lopunny</strong> won the battle!<br></div><div class="chat"><small>Simon Dumont left.</small></div><div class="chat">The frozen lopunny's rating: 1350 → <strong>1355</strong><br>(+5 for winning)</div><div class="chat">Simon Dumont's rating: 1000 → <strong>1000</strong><br>(+0 for losing)</div></div><div class="inner-preempt"></div></div></div>
</div>
<script>
let daily = Math.floor(Date.now()/1000/60/60/24);document.write('<script src="https://play.pokemonshowdown.com/js/replay-embed.js?version'+daily+'"></'+'script>');
</script>
