<!DOCTYPE html>
<meta charset="utf-8" />
<!-- version 1 -->
<title>UU replay: Sun ~ vs. ULT Highways</title>
<style>
html,body {font-family:Verdana, sans-serif;font-size:10pt;margin:0;padding:0;}body{padding:12px 0;} .battle-log {font-family:Verdana, sans-serif;font-size:10pt;} .battle-log-inline {border:1px solid #AAAAAA;background:#EEF2F5;color:black;max-width:640px;margin:0 auto 80px;padding-bottom:5px;} .battle-log .inner {padding:4px 8px 0px 8px;} .battle-log .inner-preempt {padding:0 8px 4px 8px;} .battle-log .inner-after {margin-top:0.5em;} .battle-log h2 {margin:0.5em -8px;padding:4px 8px;border:1px solid #AAAAAA;background:#E0E7EA;border-left:0;border-right:0;font-family:Verdana, sans-serif;font-size:13pt;} .battle-log .chat {vertical-align:middle;padding:3px 0 3px 0;font-size:8pt;} .battle-log .chat strong {color:#40576A;} .battle-log .chat em {padding:1px 4px 1px 3px;color:#000000;font-style:normal;} .chat.mine {background:rgba(0,0,0,0.05);margin-left:-8px;margin-right:-8px;padding-left:8px;padding-right:8px;} .spoiler {color:#BBBBBB;background:#BBBBBB;padding:0px 3px;} .spoiler:hover, .spoiler:active, .spoiler-shown {color:#000000;background:#E2E2E2;padding:0px 3px;} .spoiler a {color:#BBBBBB;} .spoiler:hover a, .spoiler:active a, .spoiler-shown a {color:#2288CC;} .chat code, .chat .spoiler:hover code, .chat .spoiler:active code, .chat .spoiler-shown code {border:1px solid #C0C0C0;background:#EEEEEE;color:black;padding:0 2px;} .chat .spoiler code {border:1px solid #CCCCCC;background:#CCCCCC;color:#CCCCCC;} .battle-log .rated {padding:3px 4px;} .battle-log .rated strong {color:white;background:#89A;padding:1px 4px;border-radius:4px;} .spacer {margin-top:0.5em;} .message-announce {background:#6688AA;color:white;padding:1px 4px 2px;} .message-announce a, .broadcast-green a, .broadcast-blue a, .broadcast-red a {color:#DDEEFF;} .broadcast-green {background-color:#559955;color:white;padding:2px 4px;} .broadcast-blue {background-color:#6688AA;color:white;padding:2px 4px;} .infobox {border:1px solid #6688AA;padding:2px 4px;} .infobox-limited {max-height:200px;overflow:auto;overflow-x:hidden;} .broadcast-red {background-color:#AA5544;color:white;padding:2px 4px;} .message-learn-canlearn {font-weight:bold;color:#228822;text-decoration:underline;} .message-learn-cannotlearn {font-weight:bold;color:#CC2222;text-decoration:underline;} .message-effect-weak {font-weight:bold;color:#CC2222;} .message-effect-resist {font-weight:bold;color:#6688AA;} .message-effect-immune {font-weight:bold;color:#666666;} .message-learn-list {margin-top:0;margin-bottom:0;} .message-throttle-notice, .message-error {color:#992222;} .message-overflow, .chat small.message-overflow {font-size:0pt;} .message-overflow::before {font-size:9pt;content:'...';} .subtle {color:#3A4A66;}
</style>
<div class="wrapper replay-wrapper" style="max-width:1180px;margin:0 auto">
<input type="hidden" name="replayid" value="uu-540755085" />
<div class="battle"></div><div class="battle-log"></div><div class="replay-controls"></div><div class="replay-controls-2"></div>
<h1 style="font-weight:normal;text-align:center"><strong>UU</strong><br /><a href="http://pokemonshowdown.com/users/sun" class="subtle" target="_blank">Sun ~</a> vs. <a href="http://pokemonshowdown.com/users/ulthighways" class="subtle" target="_blank">ULT Highways</a></h1>
<script type="text/plain" class="battle-log-data">|j|Sun ~
|j|ULT Highways
|player|p1|Sun ~|66
|player|p2|ULT Highways|157
|gametype|singles
|gen|6
|tier|UU
|seed|14562,61283,29774,7641
|rule|Sleep Clause Mod: Limit one foe put to sleep
|rule|Species Clause: Limit one of each Pokémon
|rule|OHKO Clause: OHKO moves are banned
|rule|Moody Clause: Moody is banned
|rule|Evasion Moves Clause: Evasion moves are banned
|rule|Endless Battle Clause: Forcing endless battles is banned
|rule|HP Percentage Mod: HP is shown in percentages
|clearpoke
|poke|p1|Klefki, F|item
|poke|p1|Tornadus, M|
|poke|p1|Swampert, M|item
|poke|p1|Celebi|item
|poke|p1|Cobalion|item
|poke|p1|Tentacruel, M|item
|poke|p2|Heracross, F|item
|poke|p2|Swampert, M|item
|poke|p2|Crobat, M|
|poke|p2|Absol, M|item
|poke|p2|Celebi|item
|poke|p2|Klefki, M|item
|rule|Swagger Clause: Swagger is banned
|rule|Baton Pass Clause: Limit one Baton Passer, can't pass Spe and other stats simultaneously
|teampreview
|j|Rennyy ~
|j|Der Schweinsteiger
|l|Der Schweinsteiger
|j|Corckscrew
|c|☆ULT Highways|where are my flying resists :S
|c|☆ULT Highways|hf
|c|☆Sun ~|u2
|choice|team 5, team 2, team 3, team 4, team 1, team 6|team 3, team 2, team 1, team 4, team 5, team 6
|
|start
|switch|p1a: Cobalion|Cobalion|323\/323
|switch|p2a: Crobat|Crobat, M|311\/311
|turn|1
|choice|move voltswitch|move acrobatics
|
|move|p2a: Crobat|Acrobatics|p1a: Cobalion
|-damage|p1a: Cobalion|205\/323
|move|p1a: Cobalion|Volt Switch|p2a: Crobat
|-supereffective|p2a: Crobat
|-damage|p2a: Crobat|209\/311
|choice|switch 3|
|
|switch|p1a: Swampert|Swampert, M|341\/341
|
|upkeep
|turn|2
|choice|move icepunch mega|move roost
|
|detailschange|p1a: Swampert|Swampert-Mega, M
|-mega|p1a: Swampert|Swampert|Swampertite
|move|p2a: Crobat|Roost|p2a: Crobat
|-heal|p2a: Crobat|311\/311
|move|p1a: Swampert|Ice Punch|p2a: Crobat
|-damage|p2a: Crobat|179\/311
|
|upkeep
|turn|3
|choice|move waterfall|move acrobatics
|
|move|p2a: Crobat|Acrobatics|p1a: Swampert
|-damage|p1a: Swampert|194\/341
|move|p1a: Swampert|Waterfall|p2a: Crobat
|-damage|p2a: Crobat|0 fnt
|faint|p2a: Crobat
|
|upkeep
|choice||switch 5
|
|switch|p2a: Celebi|Celebi|341\/341
|turn|4
|choice|switch 2|switch 2
|
|switch|p2a: Swampert|Swampert, M|401\/401
|switch|p1a: Tornadus|Tornadus, M|299\/299
|
|upkeep
|turn|5
|c|☆ULT Highways|wha
|choice|move grassknot|switch 6
|
|switch|p2a: Klefki|Klefki, M|318\/318
|move|p1a: Tornadus|Grass Knot|p2a: Klefki
|-resisted|p2a: Klefki
|-damage|p2a: Klefki|310\/318
|
|-heal|p2a: Klefki|318\/318|[from] item: Leftovers
|upkeep
|turn|6
|choice|switch 2|switch 3
|
|switch|p1a: Swampert|Swampert-Mega, M|194\/341
|switch|p2a: Heracross|Heracross, F|301\/301
|
|-status|p2a: Heracross|tox|[from] item: Toxic Orb
|upkeep
|turn|7
|c|☆ULT Highways|bop
|choice|switch 6|move facade
|
|switch|p1a: Tentacruel|Tentacruel, M|361\/361
|move|p2a: Heracross|Facade|p1a: Tentacruel
|-damage|p1a: Tentacruel|140\/361
|
|-heal|p1a: Tentacruel|162\/361|[from] item: Black Sludge
|-damage|p2a: Heracross|283\/301 tox|[from] psn
|upkeep
|turn|8
|choice|move scald|move facade
|
|move|p2a: Heracross|Facade|p1a: Tentacruel
|-damage|p1a: Tentacruel|0 fnt
|faint|p1a: Tentacruel
|
|-damage|p2a: Heracross|247\/301 tox|[from] psn
|upkeep
|choice|switch 2|
|
|switch|p1a: Tornadus|Tornadus, M|299\/299
|turn|9
|choice|move uturn|switch 3
|
|switch|p2a: Klefki|Klefki, M|318\/318
|move|p1a: Tornadus|U-turn|p2a: Klefki
|-resisted|p2a: Klefki
|-damage|p2a: Klefki|299\/318
|choice|switch 6|
|
|switch|p1a: Swampert|Swampert-Mega, M|194\/341
|
|-heal|p2a: Klefki|318\/318|[from] item: Leftovers
|upkeep
|turn|10
|choice|move icepunch|switch 6
|
|switch|p2a: Swampert|Swampert, M|401\/401
|move|p1a: Swampert|Ice Punch|p2a: Swampert
|-damage|p2a: Swampert|311\/401
|
|-heal|p2a: Swampert|336\/401|[from] item: Leftovers
|upkeep
|turn|11
|choice|switch 4|switch 2
|
|switch|p1a: Celebi|Celebi|341\/341
|switch|p2a: Celebi|Celebi|341\/341
|
|upkeep
|turn|12
|choice|switch 6|switch 4
|
|switch|p2a: Absol|Absol, M|271\/271
|switch|p1a: Tornadus|Tornadus, M|299\/299
|
|upkeep
|turn|13
|choice|switch 3|switch 6
|
|switch|p1a: Cobalion|Cobalion|205\/323
|switch|p2a: Klefki|Klefki, M|318\/318
|
|upkeep
|turn|14
|choice|switch 4|move spikes
|
|switch|p1a: Swampert|Swampert-Mega, M|194\/341
|move|p2a: Klefki|Spikes|p1a: Swampert
|-sidestart|p1: Sun ~|Spikes
|
|upkeep
|turn|15
|choice|move earthquake|switch 4
|
|switch|p2a: Celebi|Celebi|341\/341
|move|p1a: Swampert|Earthquake|p2a: Celebi
|-resisted|p2a: Celebi
|-damage|p2a: Celebi|239\/341
|
|-heal|p2a: Celebi|260\/341|[from] item: Leftovers
|upkeep
|turn|16
|choice|switch 3|move psychic
|
|switch|p1a: Tornadus|Tornadus, M|299\/299
|move|p2a: Celebi|Psychic|p1a: Tornadus
|-damage|p1a: Tornadus|148\/299
|-unboost|p1a: Tornadus|spd|1
|-ability|p1a: Tornadus|Defiant|boost
|-boost|p1a: Tornadus|atk|2
|
|-heal|p2a: Celebi|281\/341|[from] item: Leftovers
|upkeep
|turn|17
|c|☆ULT Highways|oh no
|choice|move acrobatics|switch 4
|
|switch|p2a: Klefki|Klefki, M|318\/318
|move|p1a: Tornadus|Acrobatics|p2a: Klefki
|-resisted|p2a: Klefki
|-damage|p2a: Klefki|115\/318
|
|-heal|p2a: Klefki|134\/318|[from] item: Leftovers
|upkeep
|turn|18
|c|☆ULT Highways|U-turn is doing 14 now
|c|☆Sun ~|lel
|c| Rennyy ~|lol
|c|☆ULT Highways|remember when
|choice|move acrobatics|move thunderwave
|
|move|p2a: Klefki|Thunder Wave|p1a: Tornadus
|-status|p1a: Tornadus|par
|move|p1a: Tornadus|Acrobatics|p2a: Klefki
|-resisted|p2a: Klefki
|-damage|p2a: Klefki|0 fnt
|faint|p2a: Klefki
|
|upkeep
|c|☆ULT Highways|resisting a move meant something
|c|☆ULT Highways|I do
|choice||switch 3
|
|switch|p2a: Heracross|Heracross, F|247\/301 tox
|turn|19
|choice|move acrobatics|move facade
|
|move|p2a: Heracross|Facade|p1a: Tornadus
|-damage|p1a: Tornadus|0 fnt
|faint|p1a: Tornadus
|
|-damage|p2a: Heracross|229\/301 tox|[from] psn
|upkeep
|choice|switch 4|
|
|switch|p1a: Cobalion|Cobalion|205\/323
|-damage|p1a: Cobalion|165\/323|[from] Spikes
|turn|20
|choice|move ironhead|switch 2
|
|switch|p2a: Swampert|Swampert, M|336\/401
|move|p1a: Cobalion|Iron Head|p2a: Swampert
|-resisted|p2a: Swampert
|-damage|p2a: Swampert|293\/401
|
|-heal|p2a: Swampert|318\/401|[from] item: Leftovers
|upkeep
|turn|21
|choice|move stealthrock|move stealthrock
|
|move|p1a: Cobalion|Stealth Rock|p2a: Swampert
|-sidestart|p2: ULT Highways|move: Stealth Rock
|move|p2a: Swampert|Stealth Rock|p1a: Cobalion
|-sidestart|p1: Sun ~|move: Stealth Rock
|
|-heal|p2a: Swampert|343\/401|[from] item: Leftovers
|upkeep
|turn|22
|c| Corckscrew|isn't flame orb just better on heracross in this gen? :o
|c|☆ULT Highways|no
|c|☆ULT Highways|this is gen 6
|c| Corckscrew|oh
|c|☆ULT Highways|in gen 7 yh, it's better
|c| Corckscrew|didn't notice
|choice|switch 6|move roar
|
|switch|p1a: Celebi|Celebi|341\/341
|-damage|p1a: Celebi|299\/341|[from] Stealth Rock
|-damage|p1a: Celebi|257\/341|[from] Spikes
|move|p2a: Swampert|Roar|p1a: Celebi
|drag|p1a: Swampert|Swampert-Mega, M|194\/341
|-damage|p1a: Swampert|152\/341|[from] Spikes
|-damage|p1a: Swampert|131\/341|[from] Stealth Rock
|
|-heal|p2a: Swampert|368\/401|[from] item: Leftovers
|upkeep
|turn|23
|choice|move waterfall|move scald
|
|move|p1a: Swampert|Waterfall|p2a: Swampert
|-damage|p2a: Swampert|229\/401
|cant|p2a: Swampert|flinch
|
|-heal|p2a: Swampert|254\/401|[from] item: Leftovers
|upkeep
|turn|24
|c|☆ULT Highways|I scalded
|c|☆Sun ~|sry
|c|☆ULT Highways|:pirate:
|c|☆ULT Highways|np
|c|☆ULT Highways|happens
|choice|move earthquake|move roar
|
|move|p1a: Swampert|Earthquake|p2a: Swampert
|-crit|p2a: Swampert
|-damage|p2a: Swampert|0 fnt
|faint|p2a: Swampert
|
|upkeep
|c|☆ULT Highways|lmfao
|c|☆Sun ~|...
|choice||switch 2
|
|switch|p2a: Heracross|Heracross, F|229\/301 tox
|-damage|p2a: Heracross|192\/301 tox|[from] Stealth Rock
|turn|25
|choice|move earthquake|move closecombat
|
|move|p2a: Heracross|Close Combat|p1a: Swampert
|-damage|p1a: Swampert|0 fnt
|-unboost|p2a: Heracross|def|1
|-unboost|p2a: Heracross|spd|1
|faint|p1a: Swampert
|
|-damage|p2a: Heracross|174\/301 tox|[from] psn
|upkeep
|choice|switch 3|
|
|switch|p1a: Celebi|Celebi|257\/341
|-damage|p1a: Celebi|215\/341|[from] Spikes
|-damage|p1a: Celebi|173\/341|[from] Stealth Rock
|turn|26
|choice|move nastyplot|switch 6
|
|switch|p2a: Absol|Absol, M|271\/271
|-damage|p2a: Absol|238\/271|[from] Stealth Rock
|move|p1a: Celebi|Nasty Plot|p1a: Celebi
|-boost|p1a: Celebi|spa|2
|
|-heal|p1a: Celebi|194\/341|[from] item: Leftovers
|upkeep
|turn|27
|choice|switch 5|move pursuit mega
|
|-activate|p1a: Celebi|move: Pursuit
|detailschange|p2a: Absol|Absol-Mega, M
|-mega|p2a: Absol|Absol|Absolite
|move|p2a: Absol|Pursuit|p1a: Celebi|[from]Pursuit
|-supereffective|p1a: Celebi
|-damage|p1a: Celebi|0 fnt
|faint|p1a: Celebi
|
|upkeep
|choice|switch 5|
|
|switch|p1a: Klefki|Klefki, F|317\/317
|-damage|p1a: Klefki|298\/317|[from] Stealth Rock
|-damage|p1a: Klefki|259\/317|[from] Spikes
|turn|28
|c|☆Sun ~|got me
|c|☆ULT Highways|yh
|c|☆ULT Highways|I got you
|j|Snou
|choice|move dazzlinggleam|move knockoff
|
|move|p2a: Absol|Knock Off|p1a: Klefki
|-resisted|p1a: Klefki
|-crit|p1a: Klefki
|-damage|p1a: Klefki|97\/317
|-enditem|p1a: Klefki|Leftovers|[from] move: Knock Off|[of] p2a: Absol
|move|p1a: Klefki|Dazzling Gleam|p2a: Absol
|-supereffective|p2a: Absol
|-damage|p2a: Absol|2\/271
|
|upkeep
|turn|29
|choice|move dazzlinggleam|move suckerpunch
|
|move|p2a: Absol|Sucker Punch|p1a: Klefki
|-resisted|p1a: Klefki
|-crit|p1a: Klefki
|-damage|p1a: Klefki|0 fnt
|faint|p1a: Klefki
|
|upkeep
|c|☆ULT Highways|lmfao
|c| Rennyy ~|lol
|choice|switch 6|
|
|switch|p1a: Cobalion|Cobalion|165\/323
|-damage|p1a: Cobalion|155\/323|[from] Stealth Rock
|-damage|p1a: Cobalion|115\/323|[from] Spikes
|turn|30
|choice|move ironhead|move playrough
|
|move|p2a: Absol|Play Rough|p1a: Cobalion|[miss]
|-miss|p2a: Absol|p1a: Cobalion
|move|p1a: Cobalion|Iron Head|p2a: Absol
|-damage|p2a: Absol|0 fnt
|faint|p2a: Absol
|
|upkeep
|c|☆ULT Highways|I won anyway
|c|☆ULT Highways|so w\/e
|c|☆Sun ~|oh
|choice||switch 4
|
|switch|p2a: Celebi|Celebi|281\/341
|-damage|p2a: Celebi|239\/341|[from] Stealth Rock
|turn|31
|c|☆Sun ~|yh
|c|☆ULT Highways|I mean
|c|☆ULT Highways|you can double flinch
|choice|move ironhead|move psychic
|
|move|p1a: Cobalion|Iron Head|p2a: Celebi
|-damage|p2a: Celebi|136\/341
|move|p2a: Celebi|Psychic|p1a: Cobalion
|-damage|p1a: Cobalion|0 fnt
|faint|p1a: Cobalion
|
|win|ULT Highways
|player|p1
|player|p2
|c|☆ULT Highways|gg
|c|☆Sun ~|gg
|l|Snou
|l|ULT Highways
|l|Rennyy ~
|l|Corckscrew</script>
</div>
<div class="battle-log battle-log-inline"><div class="inner"><div class="battle-options"></div><div class="inner"><div class="chat"><small>Sun ~ joined.</small></div><div class="chat"><small>ULT Highways joined.</small></div><div class=""><small>Format:</small> <br><strong>UU</strong></div><div class=""><small><em>Sleep Clause Mod:</em> Limit one foe put to sleep</small></div><div class=""><small><em>Species Clause:</em> Limit one of each Pokémon</small></div><div class=""><small><em>OHKO Clause:</em> OHKO moves are banned</small></div><div class=""><small><em>Moody Clause:</em> Moody is banned</small></div><div class=""><small><em>Evasion Moves Clause:</em> Evasion moves are banned</small></div><div class=""><small><em>Endless Battle Clause:</em> Forcing endless battles is banned</small></div><div class=""><small><em>HP Percentage Mod:</em> HP is shown in percentages</small></div><div class=""><small><em>Swagger Clause:</em> Swagger is banned</small></div><div class=""><small><em>Baton Pass Clause:</em> Limit one Baton Passer, can't pass Spe and other stats simultaneously</small></div><div class="chat battle-history"><strong>Sun ~'s team:</strong> <em style="color:#445566;display:block;">Klefki / Tornadus / Swampert / Celebi / Cobalion / Tentacruel</em></div><div class="chat battle-history"><strong>ULT Highways's team:</strong> <em style="color:#445566;display:block;">Heracross / Swampert / Crobat / Absol / Celebi / Klefki</em></div><div class="chat"><small>Rennyy ~ joined.</small></div><div class="chat"><small>Der Schweinsteiger joined.</small></div><div class="chat"><small>Der Schweinsteiger left.</small></div><div class="chat"><small>Corckscrew joined.</small></div><div class="chat chatmessage-ulthighways"><strong style="color:hsl(199,77%,47.75832578312011%)"><small>☆</small><span class="username" data-name="ULT Highways">ULT Highways</span>:</strong> <em>where are my flying resists :S</em></div><div class="chat chatmessage-ulthighways"><strong style="color:hsl(199,77%,47.75832578312011%)"><small>☆</small><span class="username" data-name="ULT Highways">ULT Highways</span>:</strong> <em>hf</em></div><div class="chat chatmessage-sun"><strong style="color:hsl(286,63%,49.961328291001244%)"><small>☆</small><span class="username" data-name="Sun ~">Sun ~</span>:</strong> <em>u2</em></div><div class="spacer battle-history"><br></div><div class="battle-history">Battle started between Sun ~ and ULT Highways!<br></div><div class="spacer battle-history"><br></div><div class="battle-history">Go! <strong>Cobalion</strong>!<br></div><div class="spacer battle-history"><br></div><div class="battle-history">ULT Highways sent out <strong>Crobat</strong>!<br></div><div class="spacer battle-history"><br></div><h2 class="battle-history">Turn 1</h2><div class="spacer battle-history"><br></div><div class="battle-history">The opposing Crobat used <strong>Acrobatics</strong>!<br></div><div class="battle-history"><small>(Cobalion lost <abbr title="−118/323">36.5%</abbr> of its health!)</small><br></div><div class="spacer battle-history"><br></div><div class="battle-history">Cobalion used <strong>Volt Switch</strong>!<br></div><div class="battle-history"><small>It's super effective!</small><br></div><div class="battle-history"><small>(The opposing Crobat lost <abbr title="−102/311">32.8%</abbr> of its health!)</small><br></div><div class="spacer battle-history"><br></div><div class="battle-history">Cobalion went back to Sun ~!<br></div><div class="battle-history">Go! <strong>Swampert</strong>!<br></div><div class="spacer battle-history"><br></div><h2 class="battle-history">Turn 2</h2><div class="spacer battle-history"><br></div><div class="battle-history"><small>Swampert's Swampertite is reacting to Sun ~'s Mega Bracelet!</small><br>Swampert has Mega Evolved into Mega Swampert!<br></div><div class="spacer battle-history"><br></div><div class="battle-history">The opposing Crobat used <strong>Roost</strong>!<br></div><div class="battle-history"><small>The opposing Crobat restored its HP.</small><br></div><div class="spacer battle-history"><br></div><div class="battle-history">Swampert used <strong>Ice Punch</strong>!<br></div><div class="battle-history"><small>(The opposing Crobat lost <abbr title="−132/311">42.4%</abbr> of its health!)</small><br></div><div class="spacer battle-history"><br></div><h2 class="battle-history">Turn 3</h2><div class="spacer battle-history"><br></div><div class="battle-history">The opposing Crobat used <strong>Acrobatics</strong>!<br></div><div class="battle-history"><small>(Swampert lost <abbr title="−147/341">43.1%</abbr> of its health!)</small><br></div><div class="spacer battle-history"><br></div><div class="battle-history">Swampert used <strong>Waterfall</strong>!<br></div><div class="battle-history"><small>(The opposing Crobat lost <abbr title="−179/311">57.6%</abbr> of its health!)</small><br></div><div class="spacer battle-history"><br></div><div class="battle-history">The opposing Crobat fainted!<br></div><div class="spacer battle-history"><br></div><div class="battle-history">ULT Highways sent out <strong>Celebi</strong>!<br></div><div class="spacer battle-history"><br></div><h2 class="battle-history">Turn 4</h2><div class="spacer battle-history"><br></div><div class="battle-history">ULT Highways withdrew Celebi!<br></div><div class="battle-history">ULT Highways sent out <strong>Swampert</strong>!<br></div><div class="spacer battle-history"><br></div><div class="battle-history">Swampert, come back!<br></div><div class="battle-history">Go! <strong>Tornadus</strong>!<br></div><div class="spacer battle-history"><br></div><h2 class="battle-history">Turn 5</h2><div class="chat chatmessage-ulthighways"><strong style="color:hsl(199,77%,47.75832578312011%)"><small>☆</small><span class="username" data-name="ULT Highways">ULT Highways</span>:</strong> <em>wha</em></div><div class="spacer battle-history"><br></div><div class="battle-history">ULT Highways withdrew Swampert!<br></div><div class="battle-history">ULT Highways sent out <strong>Klefki</strong>!<br></div><div class="spacer battle-history"><br></div><div class="battle-history">Tornadus used <strong>Grass Knot</strong>!<br></div><div class="battle-history"><small>It's not very effective...</small><br></div><div class="battle-history"><small>(The opposing Klefki lost <abbr title="−8/318">2.5%</abbr> of its health!)</small><br></div><div class="spacer battle-history"><br></div><div class="battle-history"><small>The opposing Klefki restored a little HP using its Leftovers!</small><br></div><div class="spacer battle-history"><br></div><h2 class="battle-history">Turn 6</h2><div class="spacer battle-history"><br></div><div class="battle-history">Tornadus, come back!<br></div><div class="battle-history">Go! Swampert (<strong>Swampert-Mega</strong>)!<br></div><div class="spacer battle-history"><br></div><div class="battle-history">ULT Highways withdrew Klefki!<br></div><div class="battle-history">ULT Highways sent out <strong>Heracross</strong>!<br></div><div class="spacer battle-history"><br></div><div class="battle-history"><small>The opposing Heracross was badly poisoned!</small><br></div><div class="spacer battle-history"><br></div><h2 class="battle-history">Turn 7</h2><div class="chat chatmessage-ulthighways"><strong style="color:hsl(199,77%,47.75832578312011%)"><small>☆</small><span class="username" data-name="ULT Highways">ULT Highways</span>:</strong> <em>bop</em></div><div class="spacer battle-history"><br></div><div class="battle-history">Swampert, come back!<br></div><div class="battle-history">Go! <strong>Tentacruel</strong>!<br></div><div class="spacer battle-history"><br></div><div class="battle-history">The opposing Heracross used <strong>Facade</strong>!<br></div><div class="battle-history"><small>(Tentacruel lost <abbr title="−221/361">61.2%</abbr> of its health!)</small><br></div><div class="spacer battle-history"><br></div><div class="battle-history"><small>Tentacruel restored a little HP using its Black Sludge!</small><br></div><div class="battle-history"><small>The opposing Heracross was hurt by poison!</small><br></div><div class="spacer battle-history"><br></div><h2 class="battle-history">Turn 8</h2><div class="spacer battle-history"><br></div><div class="battle-history">The opposing Heracross used <strong>Facade</strong>!<br></div><div class="battle-history"><small>(Tentacruel lost <abbr title="−162/361">44.9%</abbr> of its health!)</small><br></div><div class="spacer battle-history"><br></div><div class="battle-history">Tentacruel fainted!<br></div><div class="spacer battle-history"><br></div><div class="battle-history"><small>The opposing Heracross was hurt by poison!</small><br></div><div class="spacer battle-history"><br></div><div class="battle-history">Go! <strong>Tornadus</strong>!<br></div><div class="spacer battle-history"><br></div><h2 class="battle-history">Turn 9</h2><div class="spacer battle-history"><br></div><div class="battle-history">ULT Highways withdrew Heracross!<br></div><div class="battle-history">ULT Highways sent out <strong>Klefki</strong>!<br></div><div class="spacer battle-history"><br></div><div class="battle-history">Tornadus used <strong>U-turn</strong>!<br></div><div class="battle-history"><small>It's not very effective...</small><br></div><div class="battle-history"><small>(The opposing Klefki lost <abbr title="−19/318">6.0%</abbr> of its health!)</small><br></div><div class="spacer battle-history"><br></div><div class="battle-history">Tornadus went back to Sun ~!<br></div><div class="battle-history">Go! Swampert (<strong>Swampert-Mega</strong>)!<br></div><div class="spacer battle-history"><br></div><div class="battle-history"><small>The opposing Klefki restored a little HP using its Leftovers!</small><br></div><div class="spacer battle-history"><br></div><h2 class="battle-history">Turn 10</h2><div class="spacer battle-history"><br></div><div class="battle-history">ULT Highways withdrew Klefki!<br></div><div class="battle-history">ULT Highways sent out <strong>Swampert</strong>!<br></div><div class="spacer battle-history"><br></div><div class="battle-history">Swampert used <strong>Ice Punch</strong>!<br></div><div class="battle-history"><small>(The opposing Swampert lost <abbr title="−90/401">22.4%</abbr> of its health!)</small><br></div><div class="spacer battle-history"><br></div><div class="battle-history"><small>The opposing Swampert restored a little HP using its Leftovers!</small><br></div><div class="spacer battle-history"><br></div><h2 class="battle-history">Turn 11</h2><div class="spacer battle-history"><br></div><div class="battle-history">Swampert, come back!<br></div><div class="battle-history">Go! <strong>Celebi</strong>!<br></div><div class="spacer battle-history"><br></div><div class="battle-history">ULT Highways withdrew Swampert!<br></div><div class="battle-history">ULT Highways sent out <strong>Celebi</strong>!<br></div><div class="spacer battle-history"><br></div><h2 class="battle-history">Turn 12</h2><div class="spacer battle-history"><br></div><div class="battle-history">ULT Highways withdrew Celebi!<br></div><div class="battle-history">ULT Highways sent out <strong>Absol</strong>!<br></div><div class="spacer battle-history"><br></div><div class="battle-history">Celebi, come back!<br></div><div class="battle-history">Go! <strong>Tornadus</strong>!<br></div><div class="spacer battle-history"><br></div><h2 class="battle-history">Turn 13</h2><div class="spacer battle-history"><br></div><div class="battle-history">Tornadus, come back!<br></div><div class="battle-history">Go! <strong>Cobalion</strong>!<br></div><div class="spacer battle-history"><br></div><div class="battle-history">ULT Highways withdrew Absol!<br></div><div class="battle-history">ULT Highways sent out <strong>Klefki</strong>!<br></div><div class="spacer battle-history"><br></div><h2 class="battle-history">Turn 14</h2><div class="spacer battle-history"><br></div><div class="battle-history">Cobalion, come back!<br></div><div class="battle-history">Go! Swampert (<strong>Swampert-Mega</strong>)!<br></div><div class="spacer battle-history"><br></div><div class="battle-history">The opposing Klefki used <strong>Spikes</strong>!<br></div><div class="battle-history"><small>Spikes were scattered on the ground all around your team!</small><br></div><div class="spacer battle-history"><br></div><h2 class="battle-history">Turn 15</h2><div class="spacer battle-history"><br></div><div class="battle-history">ULT Highways withdrew Klefki!<br></div><div class="battle-history">ULT Highways sent out <strong>Celebi</strong>!<br></div><div class="spacer battle-history"><br></div><div class="battle-history">Swampert used <strong>Earthquake</strong>!<br></div><div class="battle-history"><small>It's not very effective...</small><br></div><div class="battle-history"><small>(The opposing Celebi lost <abbr title="−102/341">29.9%</abbr> of its health!)</small><br></div><div class="spacer battle-history"><br></div><div class="battle-history"><small>The opposing Celebi restored a little HP using its Leftovers!</small><br></div><div class="spacer battle-history"><br></div><h2 class="battle-history">Turn 16</h2><div class="spacer battle-history"><br></div><div class="battle-history">Swampert, come back!<br></div><div class="battle-history">Go! <strong>Tornadus</strong>!<br></div><div class="spacer battle-history"><br></div><div class="battle-history">The opposing Celebi used <strong>Psychic</strong>!<br></div><div class="battle-history"><small>(Tornadus lost <abbr title="−151/299">50.5%</abbr> of its health!)</small><br></div><div class="battle-history"><small>Tornadus's Special Defense fell!</small><br></div><div class="battle-history"><small>[Tornadus's Defiant]</small><br></div><div class="battle-history"><small>Tornadus's Attack rose sharply!</small><br></div><div class="spacer battle-history"><br></div><div class="battle-history"><small>The opposing Celebi restored a little HP using its Leftovers!</small><br></div><div class="spacer battle-history"><br></div><h2 class="battle-history">Turn 17</h2><div class="chat chatmessage-ulthighways"><strong style="color:hsl(199,77%,47.75832578312011%)"><small>☆</small><span class="username" data-name="ULT Highways">ULT Highways</span>:</strong> <em>oh no</em></div><div class="spacer battle-history"><br></div><div class="battle-history">ULT Highways withdrew Celebi!<br></div><div class="battle-history">ULT Highways sent out <strong>Klefki</strong>!<br></div><div class="spacer battle-history"><br></div><div class="battle-history">Tornadus used <strong>Acrobatics</strong>!<br></div><div class="battle-history"><small>It's not very effective...</small><br></div><div class="battle-history"><small>(The opposing Klefki lost <abbr title="−203/318">63.8%</abbr> of its health!)</small><br></div><div class="spacer battle-history"><br></div><div class="battle-history"><small>The opposing Klefki restored a little HP using its Leftovers!</small><br></div><div class="spacer battle-history"><br></div><h2 class="battle-history">Turn 18</h2><div class="chat chatmessage-ulthighways"><strong style="color:hsl(199,77%,47.75832578312011%)"><small>☆</small><span class="username" data-name="ULT Highways">ULT Highways</span>:</strong> <em>U-turn is doing 14 now</em></div><div class="chat chatmessage-sun"><strong style="color:hsl(286,63%,49.961328291001244%)"><small>☆</small><span class="username" data-name="Sun ~">Sun ~</span>:</strong> <em>lel</em></div><div class="chat chatmessage-rennyy"><strong style="color:hsl(344,85%,39%)"><small> </small><span class="username" data-name="Rennyy ~">Rennyy ~</span>:</strong> <em>lol</em></div><div class="chat chatmessage-ulthighways"><strong style="color:hsl(199,77%,47.75832578312011%)"><small>☆</small><span class="username" data-name="ULT Highways">ULT Highways</span>:</strong> <em>remember when</em></div><div class="spacer battle-history"><br></div><div class="battle-history">The opposing Klefki used <strong>Thunder Wave</strong>!<br></div><div class="battle-history"><small>Tornadus is paralyzed! It may be unable to move!</small><br></div><div class="spacer battle-history"><br></div><div class="battle-history">Tornadus used <strong>Acrobatics</strong>!<br></div><div class="battle-history"><small>It's not very effective...</small><br></div><div class="battle-history"><small>(The opposing Klefki lost <abbr title="−134/318">42.1%</abbr> of its health!)</small><br></div><div class="spacer battle-history"><br></div><div class="battle-history">The opposing Klefki fainted!<br></div><div class="chat chatmessage-ulthighways"><strong style="color:hsl(199,77%,47.75832578312011%)"><small>☆</small><span class="username" data-name="ULT Highways">ULT Highways</span>:</strong> <em>resisting a move meant something</em></div><div class="chat chatmessage-ulthighways"><strong style="color:hsl(199,77%,47.75832578312011%)"><small>☆</small><span class="username" data-name="ULT Highways">ULT Highways</span>:</strong> <em>I do</em></div><div class="spacer battle-history"><br></div><div class="battle-history">ULT Highways sent out <strong>Heracross</strong>!<br></div><div class="spacer battle-history"><br></div><h2 class="battle-history">Turn 19</h2><div class="spacer battle-history"><br></div><div class="battle-history">The opposing Heracross used <strong>Facade</strong>!<br></div><div class="battle-history"><small>(Tornadus lost <abbr title="−148/299">49.5%</abbr> of its health!)</small><br></div><div class="spacer battle-history"><br></div><div class="battle-history">Tornadus fainted!<br></div><div class="spacer battle-history"><br></div><div class="battle-history"><small>The opposing Heracross was hurt by poison!</small><br></div><div class="spacer battle-history"><br></div><div class="battle-history">Go! <strong>Cobalion</strong>!<br></div><div class="battle-history"><small>Cobalion is hurt by the spikes!</small><br></div><div class="spacer battle-history"><br></div><h2 class="battle-history">Turn 20</h2><div class="spacer battle-history"><br></div><div class="battle-history">ULT Highways withdrew Heracross!<br></div><div class="battle-history">ULT Highways sent out <strong>Swampert</strong>!<br></div><div class="spacer battle-history"><br></div><div class="battle-history">Cobalion used <strong>Iron Head</strong>!<br></div><div class="battle-history"><small>It's not very effective...</small><br></div><div class="battle-history"><small>(The opposing Swampert lost <abbr title="−43/401">10.7%</abbr> of its health!)</small><br></div><div class="spacer battle-history"><br></div><div class="battle-history"><small>The opposing Swampert restored a little HP using its Leftovers!</small><br></div><div class="spacer battle-history"><br></div><h2 class="battle-history">Turn 21</h2><div class="spacer battle-history"><br></div><div class="battle-history">Cobalion used <strong>Stealth Rock</strong>!<br></div><div class="battle-history"><small>Pointed stones float in the air around the opposing team!</small><br></div><div class="spacer battle-history"><br></div><div class="battle-history">The opposing Swampert used <strong>Stealth Rock</strong>!<br></div><div class="battle-history"><small>Pointed stones float in the air around your team!</small><br></div><div class="spacer battle-history"><br></div><div class="battle-history"><small>The opposing Swampert restored a little HP using its Leftovers!</small><br></div><div class="spacer battle-history"><br></div><h2 class="battle-history">Turn 22</h2><div class="chat chatmessage-corckscrew"><strong style="color:hsl(205,78%,42.755002096129594%)"><small> </small><span class="username" data-name="Corckscrew">Corckscrew</span>:</strong> <em>isn't flame orb just better on heracross in this gen? :o</em></div><div class="chat chatmessage-ulthighways"><strong style="color:hsl(199,77%,47.75832578312011%)"><small>☆</small><span class="username" data-name="ULT Highways">ULT Highways</span>:</strong> <em>no</em></div><div class="chat chatmessage-ulthighways"><strong style="color:hsl(199,77%,47.75832578312011%)"><small>☆</small><span class="username" data-name="ULT Highways">ULT Highways</span>:</strong> <em>this is gen 6</em></div><div class="chat chatmessage-corckscrew"><strong style="color:hsl(205,78%,42.755002096129594%)"><small> </small><span class="username" data-name="Corckscrew">Corckscrew</span>:</strong> <em>oh</em></div><div class="chat chatmessage-ulthighways"><strong style="color:hsl(199,77%,47.75832578312011%)"><small>☆</small><span class="username" data-name="ULT Highways">ULT Highways</span>:</strong> <em>in gen 7 yh, it's better</em></div><div class="chat chatmessage-corckscrew"><strong style="color:hsl(205,78%,42.755002096129594%)"><small> </small><span class="username" data-name="Corckscrew">Corckscrew</span>:</strong> <em>didn't notice</em></div><div class="spacer battle-history"><br></div><div class="battle-history">Cobalion, come back!<br></div><div class="battle-history">Go! <strong>Celebi</strong>!<br></div><div class="battle-history"><small>Pointed stones dug into Celebi!</small><br></div><div class="battle-history"><small>Celebi is hurt by the spikes!</small><br></div><div class="spacer battle-history"><br></div><div class="battle-history">The opposing Swampert used <strong>Roar</strong>!<br></div><div class="spacer battle-history"><br></div><div class="battle-history">Swampert (<strong>Swampert-Mega</strong>) was dragged out!<br></div><div class="battle-history"><small>Swampert is hurt by the spikes!</small><br></div><div class="battle-history"><small>Pointed stones dug into Swampert!</small><br></div><div class="spacer battle-history"><br></div><div class="battle-history"><small>The opposing Swampert restored a little HP using its Leftovers!</small><br></div><div class="spacer battle-history"><br></div><h2 class="battle-history">Turn 23</h2><div class="spacer battle-history"><br></div><div class="battle-history">Swampert used <strong>Waterfall</strong>!<br></div><div class="battle-history"><small>(The opposing Swampert lost <abbr title="−139/401">34.7%</abbr> of its health!)</small><br></div><div class="spacer battle-history"><br></div><div class="battle-history">The opposing Swampert flinched and couldn't move!<br></div><div class="spacer battle-history"><br></div><div class="battle-history"><small>The opposing Swampert restored a little HP using its Leftovers!</small><br></div><div class="spacer battle-history"><br></div><h2 class="battle-history">Turn 24</h2><div class="chat chatmessage-ulthighways"><strong style="color:hsl(199,77%,47.75832578312011%)"><small>☆</small><span class="username" data-name="ULT Highways">ULT Highways</span>:</strong> <em>I scalded</em></div><div class="chat chatmessage-sun"><strong style="color:hsl(286,63%,49.961328291001244%)"><small>☆</small><span class="username" data-name="Sun ~">Sun ~</span>:</strong> <em>sry</em></div><div class="chat chatmessage-ulthighways"><strong style="color:hsl(199,77%,47.75832578312011%)"><small>☆</small><span class="username" data-name="ULT Highways">ULT Highways</span>:</strong> <em>:pirate:</em></div><div class="chat chatmessage-ulthighways"><strong style="color:hsl(199,77%,47.75832578312011%)"><small>☆</small><span class="username" data-name="ULT Highways">ULT Highways</span>:</strong> <em>np</em></div><div class="chat chatmessage-ulthighways"><strong style="color:hsl(199,77%,47.75832578312011%)"><small>☆</small><span class="username" data-name="ULT Highways">ULT Highways</span>:</strong> <em>happens</em></div><div class="spacer battle-history"><br></div><div class="battle-history">Swampert used <strong>Earthquake</strong>!<br></div><div class="battle-history"><small>A critical hit!</small><br></div><div class="battle-history"><small>(The opposing Swampert lost <abbr title="−254/401">63.3%</abbr> of its health!)</small><br></div><div class="spacer battle-history"><br></div><div class="battle-history">The opposing Swampert fainted!<br></div><div class="chat chatmessage-ulthighways"><strong style="color:hsl(199,77%,47.75832578312011%)"><small>☆</small><span class="username" data-name="ULT Highways">ULT Highways</span>:</strong> <em>lmfao</em></div><div class="chat chatmessage-sun"><strong style="color:hsl(286,63%,49.961328291001244%)"><small>☆</small><span class="username" data-name="Sun ~">Sun ~</span>:</strong> <em>...</em></div><div class="spacer battle-history"><br></div><div class="battle-history">ULT Highways sent out <strong>Heracross</strong>!<br></div><div class="battle-history"><small>Pointed stones dug into the opposing Heracross!</small><br></div><div class="spacer battle-history"><br></div><h2 class="battle-history">Turn 25</h2><div class="spacer battle-history"><br></div><div class="battle-history">The opposing Heracross used <strong>Close Combat</strong>!<br></div><div class="battle-history"><small>(Swampert lost <abbr title="−131/341">38.4%</abbr> of its health!)</small><br></div><div class="battle-history"><small>The opposing Heracross's Defense fell!</small><br></div><div class="battle-history"><small>The opposing Heracross's Special Defense fell!</small><br></div><div class="spacer battle-history"><br></div><div class="battle-history">Swampert fainted!<br></div><div class="spacer battle-history"><br></div><div class="battle-history"><small>The opposing Heracross was hurt by poison!</small><br></div><div class="spacer battle-history"><br></div><div class="battle-history">Go! <strong>Celebi</strong>!<br></div><div class="battle-history"><small>Celebi is hurt by the spikes!</small><br></div><div class="battle-history"><small>Pointed stones dug into Celebi!</small><br></div><div class="spacer battle-history"><br></div><h2 class="battle-history">Turn 26</h2><div class="spacer battle-history"><br></div><div class="battle-history">ULT Highways withdrew Heracross!<br></div><div class="battle-history">ULT Highways sent out <strong>Absol</strong>!<br></div><div class="battle-history"><small>Pointed stones dug into the opposing Absol!</small><br></div><div class="spacer battle-history"><br></div><div class="battle-history">Celebi used <strong>Nasty Plot</strong>!<br></div><div class="battle-history"><small>Celebi's Special Attack rose sharply!</small><br></div><div class="spacer battle-history"><br></div><div class="battle-history"><small>Celebi restored a little HP using its Leftovers!</small><br></div><div class="spacer battle-history"><br></div><h2 class="battle-history">Turn 27</h2><div class="spacer battle-history"><br></div><div class="battle-history"><small>(Celebi is being withdrawn...)</small><br></div><div class="spacer battle-history"><br></div><div class="battle-history"><small>The opposing Absol's Absolite is reacting to ULT Highways's Mega Bracelet!</small><br>The opposing Absol has Mega Evolved into Mega Absol!<br></div><div class="spacer battle-history"><br></div><div class="battle-history">The opposing Absol used <strong>Pursuit</strong>!<br></div><div class="battle-history"><small>It's super effective!</small><br></div><div class="battle-history"><small>(Celebi lost <abbr title="−194/341">56.9%</abbr> of its health!)</small><br></div><div class="spacer battle-history"><br></div><div class="battle-history">Celebi fainted!<br></div><div class="spacer battle-history"><br></div><div class="battle-history">Go! <strong>Klefki</strong>!<br></div><div class="battle-history"><small>Pointed stones dug into Klefki!</small><br></div><div class="battle-history"><small>Klefki is hurt by the spikes!</small><br></div><div class="spacer battle-history"><br></div><h2 class="battle-history">Turn 28</h2><div class="chat chatmessage-sun"><strong style="color:hsl(286,63%,49.961328291001244%)"><small>☆</small><span class="username" data-name="Sun ~">Sun ~</span>:</strong> <em>got me</em></div><div class="chat chatmessage-ulthighways"><strong style="color:hsl(199,77%,47.75832578312011%)"><small>☆</small><span class="username" data-name="ULT Highways">ULT Highways</span>:</strong> <em>yh</em></div><div class="chat chatmessage-ulthighways"><strong style="color:hsl(199,77%,47.75832578312011%)"><small>☆</small><span class="username" data-name="ULT Highways">ULT Highways</span>:</strong> <em>I got you</em></div><div class="chat"><small>Snou joined.</small></div><div class="spacer battle-history"><br></div><div class="battle-history">The opposing Absol used <strong>Knock Off</strong>!<br></div><div class="battle-history"><small>It's not very effective...</small><br></div><div class="battle-history"><small>A critical hit!</small><br></div><div class="battle-history"><small>(Klefki lost <abbr title="−162/317">51.1%</abbr> of its health!)</small><br></div><div class="battle-history"><small>The opposing Absol knocked off Klefki's Leftovers!</small><br></div><div class="spacer battle-history"><br></div><div class="battle-history">Klefki used <strong>Dazzling Gleam</strong>!<br></div><div class="battle-history"><small>It's super effective!</small><br></div><div class="battle-history"><small>(The opposing Absol lost <abbr title="−236/271">87.1%</abbr> of its health!)</small><br></div><div class="spacer battle-history"><br></div><h2 class="battle-history">Turn 29</h2><div class="spacer battle-history"><br></div><div class="battle-history">The opposing Absol used <strong>Sucker Punch</strong>!<br></div><div class="battle-history"><small>It's not very effective...</small><br></div><div class="battle-history"><small>A critical hit!</small><br></div><div class="battle-history"><small>(Klefki lost <abbr title="−97/317">30.6%</abbr> of its health!)</small><br></div><div class="spacer battle-history"><br></div><div class="battle-history">Klefki fainted!<br></div><div class="chat chatmessage-ulthighways"><strong style="color:hsl(199,77%,47.75832578312011%)"><small>☆</small><span class="username" data-name="ULT Highways">ULT Highways</span>:</strong> <em>lmfao</em></div><div class="chat chatmessage-rennyy"><strong style="color:hsl(344,85%,39%)"><small> </small><span class="username" data-name="Rennyy ~">Rennyy ~</span>:</strong> <em>lol</em></div><div class="spacer battle-history"><br></div><div class="battle-history">Go! <strong>Cobalion</strong>!<br></div><div class="battle-history"><small>Pointed stones dug into Cobalion!</small><br></div><div class="battle-history"><small>Cobalion is hurt by the spikes!</small><br></div><div class="spacer battle-history"><br></div><h2 class="battle-history">Turn 30</h2><div class="spacer battle-history"><br></div><div class="battle-history">The opposing Absol used <strong>Play Rough</strong>!<br></div><div class="battle-history"><small>Cobalion avoided the attack!</small><br></div><div class="spacer battle-history"><br></div><div class="battle-history">Cobalion used <strong>Iron Head</strong>!<br></div><div class="battle-history"><small>(The opposing Absol lost <abbr title="−2/271">0.7%</abbr> of its health!)</small><br></div><div class="spacer battle-history"><br></div><div class="battle-history">The opposing Absol fainted!<br></div><div class="chat chatmessage-ulthighways"><strong style="color:hsl(199,77%,47.75832578312011%)"><small>☆</small><span class="username" data-name="ULT Highways">ULT Highways</span>:</strong> <em>I won anyway</em></div><div class="chat chatmessage-ulthighways"><strong style="color:hsl(199,77%,47.75832578312011%)"><small>☆</small><span class="username" data-name="ULT Highways">ULT Highways</span>:</strong> <em>so w/e</em></div><div class="chat chatmessage-sun"><strong style="color:hsl(286,63%,49.961328291001244%)"><small>☆</small><span class="username" data-name="Sun ~">Sun ~</span>:</strong> <em>oh</em></div><div class="spacer battle-history"><br></div><div class="battle-history">ULT Highways sent out <strong>Celebi</strong>!<br></div><div class="battle-history"><small>Pointed stones dug into the opposing Celebi!</small><br></div><div class="spacer battle-history"><br></div><h2 class="battle-history">Turn 31</h2><div class="chat chatmessage-sun"><strong style="color:hsl(286,63%,49.961328291001244%)"><small>☆</small><span class="username" data-name="Sun ~">Sun ~</span>:</strong> <em>yh</em></div><div class="chat chatmessage-ulthighways"><strong style="color:hsl(199,77%,47.75832578312011%)"><small>☆</small><span class="username" data-name="ULT Highways">ULT Highways</span>:</strong> <em>I mean</em></div><div class="chat chatmessage-ulthighways"><strong style="color:hsl(199,77%,47.75832578312011%)"><small>☆</small><span class="username" data-name="ULT Highways">ULT Highways</span>:</strong> <em>you can double flinch</em></div><div class="spacer battle-history"><br></div><div class="battle-history">Cobalion used <strong>Iron Head</strong>!<br></div><div class="battle-history"><small>(The opposing Celebi lost <abbr title="−103/341">30.2%</abbr> of its health!)</small><br></div><div class="spacer battle-history"><br></div><div class="battle-history">The opposing Celebi used <strong>Psychic</strong>!<br></div><div class="battle-history"><small>(Cobalion lost <abbr title="−115/323">35.6%</abbr> of its health!)</small><br></div><div class="spacer battle-history"><br></div><div class="battle-history">Cobalion fainted!<br></div><div class="spacer battle-history"><br></div><div class="battle-history"><strong>ULT Highways</strong> won the battle!<br></div><div class="chat chatmessage-ulthighways"><strong style="color:hsl(199,77%,47.75832578312011%)"><small>☆</small><span class="username" data-name="ULT Highways">ULT Highways</span>:</strong> <em>gg</em></div><div class="chat chatmessage-sun"><strong style="color:hsl(286,63%,49.961328291001244%)"><small>☆</small><span class="username" data-name="Sun ~">Sun ~</span>:</strong> <em>gg</em></div><div class="chat"><small>Snou left.</small></div><div class="chat"><small>ULT Highways left.</small></div><div class="chat"><small>Rennyy ~ left.</small></div><div class="chat"><small>Corckscrew left.</small></div></div><div class="inner-preempt"></div></div></div>
</div>
<script>
let daily = Math.floor(Date.now()/1000/60/60/24);document.write('<script src="https://play.pokemonshowdown.com/js/replay-embed.js?version'+daily+'"></'+'script>');
</script>
