<!DOCTYPE html>
<meta charset="utf-8" />
<!-- version 1 -->
<title>UU replay: Parnstar vs. vagita fajita</title>
<style>
html,body {font-family:Verdana, sans-serif;font-size:10pt;margin:0;padding:0;}body{padding:12px 0;} .battle-log {font-family:Verdana, sans-serif;font-size:10pt;} .battle-log-inline {border:1px solid #AAAAAA;background:#EEF2F5;color:black;max-width:640px;margin:0 auto 80px;padding-bottom:5px;} .battle-log .inner {padding:4px 8px 0px 8px;} .battle-log .inner-preempt {padding:0 8px 4px 8px;} .battle-log .inner-after {margin-top:0.5em;} .battle-log h2 {margin:0.5em -8px;padding:4px 8px;border:1px solid #AAAAAA;background:#E0E7EA;border-left:0;border-right:0;font-family:Verdana, sans-serif;font-size:13pt;} .battle-log .chat {vertical-align:middle;padding:3px 0 3px 0;font-size:8pt;} .battle-log .chat strong {color:#40576A;} .battle-log .chat em {padding:1px 4px 1px 3px;color:#000000;font-style:normal;} .chat.mine {background:rgba(0,0,0,0.05);margin-left:-8px;margin-right:-8px;padding-left:8px;padding-right:8px;} .spoiler {color:#BBBBBB;background:#BBBBBB;padding:0px 3px;} .spoiler:hover, .spoiler:active, .spoiler-shown {color:#000000;background:#E2E2E2;padding:0px 3px;} .spoiler a {color:#BBBBBB;} .spoiler:hover a, .spoiler:active a, .spoiler-shown a {color:#2288CC;} .chat code, .chat .spoiler:hover code, .chat .spoiler:active code, .chat .spoiler-shown code {border:1px solid #C0C0C0;background:#EEEEEE;color:black;padding:0 2px;} .chat .spoiler code {border:1px solid #CCCCCC;background:#CCCCCC;color:#CCCCCC;} .battle-log .rated {padding:3px 4px;} .battle-log .rated strong {color:white;background:#89A;padding:1px 4px;border-radius:4px;} .spacer {margin-top:0.5em;} .message-announce {background:#6688AA;color:white;padding:1px 4px 2px;} .message-announce a, .broadcast-green a, .broadcast-blue a, .broadcast-red a {color:#DDEEFF;} .broadcast-green {background-color:#559955;color:white;padding:2px 4px;} .broadcast-blue {background-color:#6688AA;color:white;padding:2px 4px;} .infobox {border:1px solid #6688AA;padding:2px 4px;} .infobox-limited {max-height:200px;overflow:auto;overflow-x:hidden;} .broadcast-red {background-color:#AA5544;color:white;padding:2px 4px;} .message-learn-canlearn {font-weight:bold;color:#228822;text-decoration:underline;} .message-learn-cannotlearn {font-weight:bold;color:#CC2222;text-decoration:underline;} .message-effect-weak {font-weight:bold;color:#CC2222;} .message-effect-resist {font-weight:bold;color:#6688AA;} .message-effect-immune {font-weight:bold;color:#666666;} .message-learn-list {margin-top:0;margin-bottom:0;} .message-throttle-notice, .message-error {color:#992222;} .message-overflow, .chat small.message-overflow {font-size:0pt;} .message-overflow::before {font-size:9pt;content:'...';} .subtle {color:#3A4A66;}
</style>
<div class="wrapper replay-wrapper" style="max-width:1180px;margin:0 auto">
<input type="hidden" name="replayid" value="uu-544024845" />
<div class="battle"></div><div class="battle-log"></div><div class="replay-controls"></div><div class="replay-controls-2"></div>
<h1 style="font-weight:normal;text-align:center"><strong>UU</strong><br /><a href="http://pokemonshowdown.com/users/parnstar" class="subtle" target="_blank">Parnstar</a> vs. <a href="http://pokemonshowdown.com/users/vagitafajita" class="subtle" target="_blank">vagita fajita</a></h1>
<script type="text/plain" class="battle-log-data">|j|Parnstar
|j|vagita fajita
|player|p1|Parnstar|21
|player|p2|vagita fajita|157
|gametype|singles
|gen|6
|tier|UU
|rated
|seed|38191,61474,1968,11315
|rule|Sleep Clause Mod: Limit one foe put to sleep
|rule|Species Clause: Limit one of each Pokémon
|rule|OHKO Clause: OHKO moves are banned
|rule|Moody Clause: Moody is banned
|rule|Evasion Moves Clause: Evasion moves are banned
|rule|Endless Battle Clause: Forcing endless battles is banned
|rule|HP Percentage Mod: HP is shown in percentages
|clearpoke
|poke|p1|Sceptile, M|item
|poke|p1|Mamoswine, F|item
|poke|p1|Mandibuzz, F|item
|poke|p1|Hydreigon, M|item
|poke|p1|Mienshao, M|item
|poke|p1|Kyurem|item
|poke|p2|Xatu, M|item
|poke|p2|Steelix, F|item
|poke|p2|Blissey, F|item
|poke|p2|Quagsire, F|item
|poke|p2|Sableye, F|item
|poke|p2|Venusaur, M|item
|rule|Swagger Clause: Swagger is banned
|rule|Baton Pass Clause: Limit one Baton Passer, can't pass Spe and other stats simultaneously
|teampreview
|choice|team 6, team 2, team 3, team 4, team 5, team 1|team 5, team 2, team 3, team 4, team 1, team 6
|
|start
|switch|p1a: Kyurem|Kyurem|405\/405
|switch|p2a: Dobby|Sableye, F|304\/304
|-ability|p1a: Kyurem|Pressure
|turn|1
|choice|move toxic|move taunt
|
|move|p2a: Dobby|Taunt|p1a: Kyurem
|-start|p1a: Kyurem|move: Taunt
|cant|p1a: Kyurem|move: Taunt|Toxic
|
|upkeep
|turn|2
|choice|move icebeam|move knockoff
|
|move|p1a: Kyurem|Ice Beam|p2a: Dobby
|-damage|p2a: Dobby|6\/304
|-damage|p1a: Kyurem|365\/405|[from] item: Life Orb
|move|p2a: Dobby|Knock Off|p1a: Kyurem
|-damage|p1a: Kyurem|269\/405
|-enditem|p1a: Kyurem|Life Orb|[from] move: Knock Off|[of] p2a: Dobby
|
|-heal|p2a: Dobby|25\/304|[from] item: Leftovers
|upkeep
|turn|3
|choice|move dracometeor|switch 3
|
|switch|p2a: Blissey|Blissey, F|714\/714
|move|p1a: Kyurem|Draco Meteor|p2a: Blissey
|-damage|p2a: Blissey|575\/714
|-unboost|p1a: Kyurem|spa|2
|
|-heal|p2a: Blissey|619\/714|[from] item: Leftovers
|-end|p1a: Kyurem|move: Taunt
|upkeep
|turn|4
|choice|move toxic|switch 5
|
|switch|p2a: Hyper Offense|Xatu, M|333\/333
|move|p1a: Kyurem|Toxic|p2a: Hyper Offense
|move|p2a: Hyper Offense|Toxic|p1a: Kyurem|[from]Magic Bounce
|-status|p1a: Kyurem|tox
|
|-damage|p1a: Kyurem|244\/405 tox|[from] psn
|upkeep
|turn|5
|choice|switch 2|move heatwave
|
|switch|p1a: Mamoswine|Mamoswine, F|361\/361
|move|p2a: Hyper Offense|Heat Wave|p1a: Mamoswine
|-supereffective|p1a: Mamoswine
|-damage|p1a: Mamoswine|249\/361
|
|upkeep
|turn|6
|choice|move iciclecrash|switch 4
|
|switch|p2a: Book|Quagsire, F|393\/393
|move|p1a: Mamoswine|Icicle Crash|p2a: Book
|-damage|p2a: Book|260\/393
|-damage|p1a: Mamoswine|213\/361|[from] item: Life Orb
|
|-heal|p2a: Book|284\/393|[from] item: Leftovers
|upkeep
|turn|7
|choice|switch 3|move toxic
|
|switch|p1a: Mandibuzz|Mandibuzz, F|424\/424
|move|p2a: Book|Toxic|p1a: Mandibuzz
|-status|p1a: Mandibuzz|tox
|
|-heal|p2a: Book|308\/393|[from] item: Leftovers
|-damage|p1a: Mandibuzz|398\/424 tox|[from] psn
|upkeep
|turn|8
|choice|move toxic|move scald
|
|move|p1a: Mandibuzz|Toxic|p2a: Book
|-status|p2a: Book|tox
|move|p2a: Book|Scald|p1a: Mandibuzz
|-damage|p1a: Mandibuzz|326\/424 tox
|
|-heal|p1a: Mandibuzz|352\/424 tox|[from] item: Leftovers
|-heal|p2a: Book|332\/393 tox|[from] item: Leftovers
|-damage|p1a: Mandibuzz|300\/424 tox|[from] psn
|-damage|p2a: Book|308\/393 tox|[from] psn
|upkeep
|turn|9
|choice|switch 2|move scald
|
|switch|p1a: Kyurem|Kyurem|244\/405 tox
|-ability|p1a: Kyurem|Pressure
|move|p2a: Book|Scald|p1a: Kyurem
|-resisted|p1a: Kyurem
|-crit|p1a: Kyurem
|-damage|p1a: Kyurem|187\/405 tox
|
|-heal|p2a: Book|332\/393 tox|[from] item: Leftovers
|-damage|p1a: Kyurem|162\/405 tox|[from] psn
|-damage|p2a: Book|284\/393 tox|[from] psn
|upkeep
|turn|10
|choice|move icebeam|switch 5
|
|switch|p2a: Blissey|Blissey, F|619\/714
|move|p1a: Kyurem|Ice Beam|p2a: Blissey
|-damage|p2a: Blissey|508\/714
|
|-heal|p2a: Blissey|552\/714|[from] item: Leftovers
|-damage|p1a: Kyurem|112\/405 tox|[from] psn
|upkeep
|turn|11
|choice|switch 5|move healbell
|
|switch|p1a: Mienshao|Mienshao, M|271\/271
|move|p2a: Blissey|Heal Bell|p2a: Blissey
|-activate|p2a: Blissey|move: Heal Bell
|-curestatus|p2: Book|tox|[msg]
|
|-heal|p2a: Blissey|596\/714|[from] item: Leftovers
|upkeep
|turn|12
|choice|move uturn|switch 5
|
|switch|p2a: Book|Quagsire, F|284\/393
|move|p1a: Mienshao|U-turn|p2a: Book
|-damage|p2a: Book|214\/393
|choice|switch 6|
|
|switch|p1a: Sceptile|Sceptile, M|281\/281
|
|-heal|p2a: Book|238\/393|[from] item: Leftovers
|upkeep
|turn|13
|choice|move leechseed|switch 6
|
|switch|p2a: Fungus Toad|Venusaur, M|364\/364
|move|p1a: Sceptile|Leech Seed|p2a: Fungus Toad
|-immune|p2a: Fungus Toad|[msg]
|
|upkeep
|turn|14
|choice|switch 2|move sludgebomb
|
|switch|p1a: Mandibuzz|Mandibuzz, F|300\/424 tox
|move|p2a: Fungus Toad|Sludge Bomb|p1a: Mandibuzz
|-damage|p1a: Mandibuzz|173\/424 tox
|
|-heal|p1a: Mandibuzz|199\/424 tox|[from] item: Leftovers
|-damage|p1a: Mandibuzz|173\/424 tox|[from] psn
|upkeep
|turn|15
|choice|move roost|switch 5
|
|switch|p2a: Blissey|Blissey, F|596\/714
|move|p1a: Mandibuzz|Roost|p1a: Mandibuzz
|-heal|p1a: Mandibuzz|385\/424 tox
|
|-heal|p1a: Mandibuzz|411\/424 tox|[from] item: Leftovers
|-heal|p2a: Blissey|640\/714|[from] item: Leftovers
|-damage|p1a: Mandibuzz|359\/424 tox|[from] psn
|upkeep
|turn|16
|choice|move toxic|move seismictoss
|
|move|p1a: Mandibuzz|Toxic|p2a: Blissey
|-status|p2a: Blissey|tox
|move|p2a: Blissey|Seismic Toss|p1a: Mandibuzz
|-damage|p1a: Mandibuzz|259\/424 tox
|
|-heal|p1a: Mandibuzz|285\/424 tox|[from] item: Leftovers
|-heal|p2a: Blissey|684\/714 tox|[from] item: Leftovers
|-damage|p1a: Mandibuzz|207\/424 tox|[from] psn
|-damage|p2a: Blissey|640\/714 tox|[from] psn
|upkeep
|turn|17
|choice|switch 2|move seismictoss
|
|switch|p1a: Sceptile|Sceptile, M|281\/281
|move|p2a: Blissey|Seismic Toss|p1a: Sceptile
|-damage|p1a: Sceptile|181\/281
|
|-heal|p2a: Blissey|684\/714 tox|[from] item: Leftovers
|-damage|p2a: Blissey|596\/714 tox|[from] psn
|upkeep
|turn|18
|choice|move dragonpulse mega|move healbell
|
|detailschange|p1a: Sceptile|Sceptile-Mega, M
|-mega|p1a: Sceptile|Sceptile|Sceptilite
|move|p1a: Sceptile|Dragon Pulse|p2a: Blissey
|-damage|p2a: Blissey|496\/714 tox
|move|p2a: Blissey|Heal Bell|p2a: Blissey
|-activate|p2a: Blissey|move: Heal Bell
|-curestatus|p2a: Blissey|tox|[msg]
|
|-heal|p2a: Blissey|540\/714|[from] item: Leftovers
|upkeep
|turn|19
|choice|move leechseed|move seismictoss
|
|move|p1a: Sceptile|Leech Seed|p2a: Blissey
|-start|p2a: Blissey|move: Leech Seed
|move|p2a: Blissey|Seismic Toss|p1a: Sceptile
|-damage|p1a: Sceptile|81\/281
|
|-heal|p2a: Blissey|584\/714|[from] item: Leftovers
|-damage|p2a: Blissey|495\/714|[from] Leech Seed|[of] p1a: Sceptile
|-heal|p1a: Sceptile|170\/281|[silent]
|upkeep
|turn|20
|choice|move energyball|switch 5
|
|switch|p2a: Fungus Toad|Venusaur, M|364\/364
|move|p1a: Sceptile|Energy Ball|p2a: Fungus Toad
|-resisted|p2a: Fungus Toad
|-damage|p2a: Fungus Toad|319\/364
|
|-heal|p2a: Fungus Toad|341\/364|[from] item: Black Sludge
|upkeep
|turn|21
|choice|switch 5|move sludgebomb
|
|switch|p1a: Kyurem|Kyurem|112\/405 tox
|-ability|p1a: Kyurem|Pressure
|move|p2a: Fungus Toad|Sludge Bomb|p1a: Kyurem
|-damage|p1a: Kyurem|0 fnt
|faint|p1a: Kyurem
|
|-heal|p2a: Fungus Toad|363\/364|[from] item: Black Sludge
|upkeep
|choice|switch 4|
|
|switch|p1a: Hydreigon|Hydreigon, M|325\/325
|turn|22
|choice|move irontail|switch 5
|
|switch|p2a: Blissey|Blissey, F|495\/714
|move|p1a: Hydreigon|Iron Tail|p2a: Blissey
|-damage|p2a: Blissey|162\/714
|-unboost|p2a: Blissey|def|1
|
|-heal|p2a: Blissey|206\/714|[from] item: Leftovers
|upkeep
|turn|23
|choice|move irontail|switch 5
|
|switch|p2a: Fungus Toad|Venusaur, M|363\/364
|move|p1a: Hydreigon|Iron Tail|p2a: Fungus Toad
|-damage|p2a: Fungus Toad|268\/364
|
|-heal|p2a: Fungus Toad|290\/364|[from] item: Black Sludge
|upkeep
|turn|24
|choice|switch 2|move sludgebomb
|
|switch|p1a: Mandibuzz|Mandibuzz, F|207\/424 tox
|move|p2a: Fungus Toad|Sludge Bomb|p1a: Mandibuzz
|-damage|p1a: Mandibuzz|62\/424 tox
|
|-heal|p2a: Fungus Toad|312\/364|[from] item: Black Sludge
|-heal|p1a: Mandibuzz|88\/424 tox|[from] item: Leftovers
|-damage|p1a: Mandibuzz|62\/424 tox|[from] psn
|upkeep
|turn|25
|choice|move foulplay|move sludgebomb
|
|move|p1a: Mandibuzz|Foul Play|p2a: Fungus Toad
|-damage|p2a: Fungus Toad|236\/364
|move|p2a: Fungus Toad|Sludge Bomb|p1a: Mandibuzz
|-damage|p1a: Mandibuzz|0 fnt
|faint|p1a: Mandibuzz
|
|-heal|p2a: Fungus Toad|258\/364|[from] item: Black Sludge
|upkeep
|choice|switch 3|
|
|switch|p1a: Mamoswine|Mamoswine, F|213\/361
|turn|26
|choice|move earthquake|switch 6
|
|switch|p2a: Book|Quagsire, F|238\/393
|move|p1a: Mamoswine|Earthquake|p2a: Book
|-damage|p2a: Book|85\/393
|-damage|p1a: Mamoswine|177\/361|[from] item: Life Orb
|
|-heal|p2a: Book|109\/393|[from] item: Leftovers
|upkeep
|turn|27
|choice|move earthquake|switch 6
|
|switch|p2a: Fungus Toad|Venusaur, M|258\/364
|move|p1a: Mamoswine|Earthquake|p2a: Fungus Toad
|-damage|p2a: Fungus Toad|46\/364
|-damage|p1a: Mamoswine|141\/361|[from] item: Life Orb
|
|-heal|p2a: Fungus Toad|68\/364|[from] item: Black Sludge
|upkeep
|turn|28
|choice|move iceshard|switch 4
|
|switch|p2a: Hyper Offense|Xatu, M|333\/333
|move|p1a: Mamoswine|Ice Shard|p2a: Hyper Offense
|-supereffective|p2a: Hyper Offense
|-damage|p2a: Hyper Offense|198\/333
|-damage|p1a: Mamoswine|105\/361|[from] item: Life Orb
|
|-heal|p2a: Hyper Offense|218\/333|[from] item: Leftovers
|upkeep
|turn|29
|choice|move iciclecrash|switch 2
|
|switch|p2a: The Power Of Love|Steelix, F|353\/353
|move|p1a: Mamoswine|Icicle Crash|p2a: The Power Of Love
|-damage|p2a: The Power Of Love|270\/353
|-damage|p1a: Mamoswine|69\/361|[from] item: Life Orb
|
|upkeep
|turn|30
|choice|move endeavor|move earthquake mega
|
|detailschange|p2a: The Power Of Love|Steelix-Mega, F
|-mega|p2a: The Power Of Love|Steelix|Steelixite
|move|p1a: Mamoswine|Endeavor|p2a: The Power Of Love
|-damage|p2a: The Power Of Love|69\/353
|-damage|p1a: Mamoswine|33\/361|[from] item: Life Orb
|move|p2a: The Power Of Love|Earthquake|p1a: Mamoswine
|-damage|p1a: Mamoswine|0 fnt
|faint|p1a: Mamoswine
|
|upkeep
|choice|switch 5|
|
|switch|p1a: Sceptile|Sceptile-Mega, M|170\/281
|turn|31
|choice|move energyball|switch 2
|
|switch|p2a: Hyper Offense|Xatu, M|218\/333
|move|p1a: Sceptile|Energy Ball|p2a: Hyper Offense
|-resisted|p2a: Hyper Offense
|-damage|p2a: Hyper Offense|101\/333
|
|-heal|p2a: Hyper Offense|121\/333|[from] item: Leftovers
|upkeep
|turn|32
|choice|move dragonpulse|switch 5
|
|switch|p2a: Blissey|Blissey, F|206\/714
|move|p1a: Sceptile|Dragon Pulse|p2a: Blissey
|-damage|p2a: Blissey|106\/714
|
|-heal|p2a: Blissey|150\/714|[from] item: Leftovers
|upkeep
|turn|33
|choice|move leechseed|move softboiled
|
|move|p1a: Sceptile|Leech Seed|p2a: Blissey
|-start|p2a: Blissey|move: Leech Seed
|move|p2a: Blissey|Soft-Boiled|p2a: Blissey
|-heal|p2a: Blissey|507\/714
|
|-heal|p2a: Blissey|551\/714|[from] item: Leftovers
|-damage|p2a: Blissey|462\/714|[from] Leech Seed|[of] p1a: Sceptile
|-heal|p1a: Sceptile|259\/281|[silent]
|upkeep
|turn|34
|choice|move energyball|move toxic
|
|move|p1a: Sceptile|Energy Ball|p2a: Blissey
|-damage|p2a: Blissey|357\/714
|move|p2a: Blissey|Toxic|p1a: Sceptile
|-status|p1a: Sceptile|tox
|
|-heal|p2a: Blissey|401\/714|[from] item: Leftovers
|-damage|p2a: Blissey|312\/714|[from] Leech Seed|[of] p1a: Sceptile
|-heal|p1a: Sceptile|281\/281 tox|[silent]
|-damage|p1a: Sceptile|264\/281 tox|[from] psn
|upkeep
|turn|35
|choice|move energyball|switch 4
|
|switch|p2a: Fungus Toad|Venusaur, M|68\/364
|move|p1a: Sceptile|Energy Ball|p2a: Fungus Toad
|-resisted|p2a: Fungus Toad
|-crit|p2a: Fungus Toad
|-damage|p2a: Fungus Toad|6\/364
|
|-heal|p2a: Fungus Toad|28\/364|[from] item: Black Sludge
|-damage|p1a: Sceptile|230\/281 tox|[from] psn
|upkeep
|turn|36
|choice|move energyball|switch 4
|
|switch|p2a: Blissey|Blissey, F|312\/714
|move|p1a: Sceptile|Energy Ball|p2a: Blissey
|-damage|p2a: Blissey|215\/714
|
|-heal|p2a: Blissey|259\/714|[from] item: Leftovers
|-damage|p1a: Sceptile|179\/281 tox|[from] psn
|upkeep
|turn|37
|choice|move leechseed|switch 5
|
|switch|p2a: Hyper Offense|Xatu, M|121\/333
|move|p1a: Sceptile|Leech Seed|p2a: Hyper Offense
|move|p2a: Hyper Offense|Leech Seed|p1a: Sceptile|[from]Magic Bounce
|-immune|p1a: Sceptile|[msg]
|
|-heal|p2a: Hyper Offense|141\/333|[from] item: Leftovers
|-damage|p1a: Sceptile|111\/281 tox|[from] psn
|upkeep
|turn|38
|choice|move dragonpulse|move roost
|
|move|p1a: Sceptile|Dragon Pulse|p2a: Hyper Offense
|-damage|p2a: Hyper Offense|0 fnt
|faint|p2a: Hyper Offense
|
|-damage|p1a: Sceptile|26\/281 tox|[from] psn
|upkeep
|choice||switch 5
|
|switch|p2a: Blissey|Blissey, F|259\/714
|turn|39
|choice|move leechseed|move softboiled
|
|move|p1a: Sceptile|Leech Seed|p2a: Blissey
|-start|p2a: Blissey|move: Leech Seed
|move|p2a: Blissey|Soft-Boiled|p2a: Blissey
|-heal|p2a: Blissey|616\/714
|
|-heal|p2a: Blissey|660\/714|[from] item: Leftovers
|-damage|p2a: Blissey|571\/714|[from] Leech Seed|[of] p1a: Sceptile
|-heal|p1a: Sceptile|115\/281 tox|[silent]
|-damage|p1a: Sceptile|13\/281 tox|[from] psn
|upkeep
|turn|40
|choice|move leafstorm|move seismictoss
|
|move|p1a: Sceptile|Leaf Storm|p2a: Blissey
|-damage|p2a: Blissey|426\/714
|-unboost|p1a: Sceptile|spa|2
|move|p2a: Blissey|Seismic Toss|p1a: Sceptile
|-damage|p1a: Sceptile|0 fnt
|faint|p1a: Sceptile
|
|-heal|p2a: Blissey|470\/714|[from] item: Leftovers
|upkeep
|choice|switch 6|
|
|switch|p1a: Mienshao|Mienshao, M|271\/271
|turn|41
|choice|move uturn|switch 3
|
|switch|p2a: Dobby|Sableye, F|25\/304
|move|p1a: Mienshao|U-turn|p2a: Dobby
|-damage|p2a: Dobby|0 fnt
|faint|p2a: Dobby
|choice|switch 2|
|
|switch|p1a: Hydreigon|Hydreigon, M|325\/325
|
|upkeep
|choice||switch 6
|
|switch|p2a: Book|Quagsire, F|109\/393
|turn|42
|choice|move darkpulse|move recover
|
|move|p1a: Hydreigon|Dark Pulse|p2a: Book
|-damage|p2a: Book|0 fnt
|faint|p2a: Book
|
|upkeep
|choice||switch 4
|
|switch|p2a: Fungus Toad|Venusaur, M|28\/364
|turn|43
|choice|move darkpulse|move synthesis
|
|move|p1a: Hydreigon|Dark Pulse|p2a: Fungus Toad
|-damage|p2a: Fungus Toad|0 fnt
|faint|p2a: Fungus Toad
|
|upkeep
|j|Overdragoon
|choice||switch 2
|
|switch|p2a: The Power Of Love|Steelix-Mega, F|69\/353
|turn|44
|choice|move darkpulse|move heavyslam
|
|move|p1a: Hydreigon|Dark Pulse|p2a: The Power Of Love
|-damage|p2a: The Power Of Love|0 fnt
|faint|p2a: The Power Of Love
|
|upkeep
|choice||switch 3
|
|switch|p2a: Blissey|Blissey, F|470\/714
|turn|45
|choice|switch 2|move seismictoss
|
|switch|p1a: Mienshao|Mienshao, M|271\/271
|move|p2a: Blissey|Seismic Toss|p1a: Mienshao
|-damage|p1a: Mienshao|171\/271
|
|-heal|p2a: Blissey|514\/714|[from] item: Leftovers
|upkeep
|turn|46
|c|☆Parnstar|Don't miss
|c|☆Parnstar|Plz
|choice|move highjumpkick|move seismictoss
|
|move|p1a: Mienshao|High Jump Kick|p2a: Blissey
|-supereffective|p2a: Blissey
|-damage|p2a: Blissey|0 fnt
|faint|p2a: Blissey
|
|win|Parnstar
|player|p1
|player|p2
|raw|Parnstar's rating: 1255 &rarr; <strong>1270<\/strong><br \/>(+15 for winning)
|raw|vagita fajita's rating: 1105 &rarr; <strong>1090<\/strong><br \/>(-15 for losing)
|c|☆Parnstar|Gg
|c|☆Parnstar|Stall destroyed!!!!</script>
</div>
<div class="battle-log battle-log-inline"><div class="inner"><div class="battle-options"></div><div class="inner"><div class="chat"><small>Parnstar joined.</small></div><div class="chat"><small>vagita fajita joined.</small></div><div class=""><small>Format:</small> <br><strong>UU</strong></div><div class="rated"><strong>Rated battle</strong></div><div class=""><small><em>Sleep Clause Mod:</em> Limit one foe put to sleep</small></div><div class=""><small><em>Species Clause:</em> Limit one of each Pokémon</small></div><div class=""><small><em>OHKO Clause:</em> OHKO moves are banned</small></div><div class=""><small><em>Moody Clause:</em> Moody is banned</small></div><div class=""><small><em>Evasion Moves Clause:</em> Evasion moves are banned</small></div><div class=""><small><em>Endless Battle Clause:</em> Forcing endless battles is banned</small></div><div class=""><small><em>HP Percentage Mod:</em> HP is shown in percentages</small></div><div class=""><small><em>Swagger Clause:</em> Swagger is banned</small></div><div class=""><small><em>Baton Pass Clause:</em> Limit one Baton Passer, can't pass Spe and other stats simultaneously</small></div><div class="chat battle-history"><strong>Parnstar's team:</strong> <em style="color:#445566;display:block;">Sceptile / Mamoswine / Mandibuzz / Hydreigon / Mienshao / Kyurem</em></div><div class="chat battle-history"><strong>vagita fajita's team:</strong> <em style="color:#445566;display:block;">Xatu / Steelix / Blissey / Quagsire / Sableye / Venusaur</em></div><div class="spacer battle-history"><br></div><div class="battle-history">Battle started between Parnstar and vagita fajita!<br></div><div class="spacer battle-history"><br></div><div class="battle-history">Go! <strong>Kyurem</strong>!<br></div><div class="spacer battle-history"><br></div><div class="battle-history">vagita fajita sent out Dobby (<strong>Sableye</strong>)!<br></div><div class="battle-history"><small>[Kyurem's Pressure]</small><br><small>Kyurem is exerting its pressure!</small><br></div><div class="spacer battle-history"><br></div><h2 class="battle-history">Turn 1</h2><div class="spacer battle-history"><br></div><div class="battle-history">The opposing Dobby used <strong>Taunt</strong>!<br></div><div class="battle-history"><small>Kyurem fell for the taunt!</small><br></div><div class="spacer battle-history"><br></div><div class="battle-history">Kyurem can't use Toxic after the taunt!<br></div><div class="spacer battle-history"><br></div><h2 class="battle-history">Turn 2</h2><div class="spacer battle-history"><br></div><div class="battle-history">Kyurem used <strong>Ice Beam</strong>!<br></div><div class="battle-history"><small>(The opposing Dobby lost <abbr title="−298/304">98.0%</abbr> of its health!)</small><br></div><div class="battle-history"><small>Kyurem lost some of its HP!</small><br></div><div class="spacer battle-history"><br></div><div class="battle-history">The opposing Dobby used <strong>Knock Off</strong>!<br></div><div class="battle-history"><small>(Kyurem lost <abbr title="−96/405">23.7%</abbr> of its health!)</small><br></div><div class="battle-history"><small>The opposing Dobby knocked off Kyurem's Life Orb!</small><br></div><div class="spacer battle-history"><br></div><div class="battle-history"><small>The opposing Dobby restored a little HP using its Leftovers!</small><br></div><div class="spacer battle-history"><br></div><h2 class="battle-history">Turn 3</h2><div class="spacer battle-history"><br></div><div class="battle-history">vagita fajita withdrew Dobby!<br></div><div class="battle-history">vagita fajita sent out <strong>Blissey</strong>!<br></div><div class="spacer battle-history"><br></div><div class="battle-history">Kyurem used <strong>Draco Meteor</strong>!<br></div><div class="battle-history"><small>(The opposing Blissey lost <abbr title="−139/714">19.5%</abbr> of its health!)</small><br></div><div class="battle-history"><small>Kyurem's Special Attack fell harshly!</small><br></div><div class="spacer battle-history"><br></div><div class="battle-history"><small>The opposing Blissey restored a little HP using its Leftovers!</small><br></div><div class="battle-history"><small>Kyurem's taunt wore off!</small><br></div><div class="spacer battle-history"><br></div><h2 class="battle-history">Turn 4</h2><div class="spacer battle-history"><br></div><div class="battle-history">vagita fajita withdrew Blissey!<br></div><div class="battle-history">vagita fajita sent out Hyper Offense (<strong>Xatu</strong>)!<br></div><div class="spacer battle-history"><br></div><div class="battle-history">Kyurem used <strong>Toxic</strong>!<br></div><div class="spacer battle-history"><br></div><div class="battle-history"><small>[The opposing Hyper Offense's Magic Bounce]</small><br>The opposing Hyper Offense bounced the Toxic back!<br></div><div class="battle-history"><small>Kyurem was badly poisoned!</small><br></div><div class="spacer battle-history"><br></div><div class="battle-history"><small>Kyurem was hurt by poison!</small><br></div><div class="spacer battle-history"><br></div><h2 class="battle-history">Turn 5</h2><div class="spacer battle-history"><br></div><div class="battle-history">Kyurem, come back!<br></div><div class="battle-history">Go! <strong>Mamoswine</strong>!<br></div><div class="spacer battle-history"><br></div><div class="battle-history">The opposing Hyper Offense used <strong>Heat Wave</strong>!<br></div><div class="battle-history"><small>It's super effective!</small><br></div><div class="battle-history"><small>(Mamoswine lost <abbr title="−112/361">31.0%</abbr> of its health!)</small><br></div><div class="spacer battle-history"><br></div><h2 class="battle-history">Turn 6</h2><div class="spacer battle-history"><br></div><div class="battle-history">vagita fajita withdrew Hyper Offense!<br></div><div class="battle-history">vagita fajita sent out Book (<strong>Quagsire</strong>)!<br></div><div class="spacer battle-history"><br></div><div class="battle-history">Mamoswine used <strong>Icicle Crash</strong>!<br></div><div class="battle-history"><small>(The opposing Book lost <abbr title="−133/393">33.8%</abbr> of its health!)</small><br></div><div class="battle-history"><small>Mamoswine lost some of its HP!</small><br></div><div class="spacer battle-history"><br></div><div class="battle-history"><small>The opposing Book restored a little HP using its Leftovers!</small><br></div><div class="spacer battle-history"><br></div><h2 class="battle-history">Turn 7</h2><div class="spacer battle-history"><br></div><div class="battle-history">Mamoswine, come back!<br></div><div class="battle-history">Go! <strong>Mandibuzz</strong>!<br></div><div class="spacer battle-history"><br></div><div class="battle-history">The opposing Book used <strong>Toxic</strong>!<br></div><div class="battle-history"><small>Mandibuzz was badly poisoned!</small><br></div><div class="spacer battle-history"><br></div><div class="battle-history"><small>The opposing Book restored a little HP using its Leftovers!</small><br></div><div class="battle-history"><small>Mandibuzz was hurt by poison!</small><br></div><div class="spacer battle-history"><br></div><h2 class="battle-history">Turn 8</h2><div class="spacer battle-history"><br></div><div class="battle-history">Mandibuzz used <strong>Toxic</strong>!<br></div><div class="battle-history"><small>The opposing Book was badly poisoned!</small><br></div><div class="spacer battle-history"><br></div><div class="battle-history">The opposing Book used <strong>Scald</strong>!<br></div><div class="battle-history"><small>(Mandibuzz lost <abbr title="−72/424">17.0%</abbr> of its health!)</small><br></div><div class="spacer battle-history"><br></div><div class="battle-history"><small>Mandibuzz restored a little HP using its Leftovers!</small><br></div><div class="battle-history"><small>The opposing Book restored a little HP using its Leftovers!</small><br></div><div class="battle-history"><small>Mandibuzz was hurt by poison!</small><br></div><div class="battle-history"><small>The opposing Book was hurt by poison!</small><br></div><div class="spacer battle-history"><br></div><h2 class="battle-history">Turn 9</h2><div class="spacer battle-history"><br></div><div class="battle-history">Mandibuzz, come back!<br></div><div class="battle-history">Go! <strong>Kyurem</strong>!<br></div><div class="battle-history"><small>[Kyurem's Pressure]</small><br><small>Kyurem is exerting its pressure!</small><br></div><div class="spacer battle-history"><br></div><div class="battle-history">The opposing Book used <strong>Scald</strong>!<br></div><div class="battle-history"><small>It's not very effective...</small><br></div><div class="battle-history"><small>A critical hit!</small><br></div><div class="battle-history"><small>(Kyurem lost <abbr title="−57/405">14.1%</abbr> of its health!)</small><br></div><div class="spacer battle-history"><br></div><div class="battle-history"><small>The opposing Book restored a little HP using its Leftovers!</small><br></div><div class="battle-history"><small>Kyurem was hurt by poison!</small><br></div><div class="battle-history"><small>The opposing Book was hurt by poison!</small><br></div><div class="spacer battle-history"><br></div><h2 class="battle-history">Turn 10</h2><div class="spacer battle-history"><br></div><div class="battle-history">vagita fajita withdrew Book!<br></div><div class="battle-history">vagita fajita sent out <strong>Blissey</strong>!<br></div><div class="spacer battle-history"><br></div><div class="battle-history">Kyurem used <strong>Ice Beam</strong>!<br></div><div class="battle-history"><small>(The opposing Blissey lost <abbr title="−111/714">15.5%</abbr> of its health!)</small><br></div><div class="spacer battle-history"><br></div><div class="battle-history"><small>The opposing Blissey restored a little HP using its Leftovers!</small><br></div><div class="battle-history"><small>Kyurem was hurt by poison!</small><br></div><div class="spacer battle-history"><br></div><h2 class="battle-history">Turn 11</h2><div class="spacer battle-history"><br></div><div class="battle-history">Kyurem, come back!<br></div><div class="battle-history">Go! <strong>Mienshao</strong>!<br></div><div class="spacer battle-history"><br></div><div class="battle-history">The opposing Blissey used <strong>Heal Bell</strong>!<br></div><div class="battle-history"><small>A bell chimed!</small><br></div><div class="battle-history"><small>The opposing Book was cured of its poisoning.</small><br></div><div class="spacer battle-history"><br></div><div class="battle-history"><small>The opposing Blissey restored a little HP using its Leftovers!</small><br></div><div class="spacer battle-history"><br></div><h2 class="battle-history">Turn 12</h2><div class="spacer battle-history"><br></div><div class="battle-history">vagita fajita withdrew Blissey!<br></div><div class="battle-history">vagita fajita sent out Book (<strong>Quagsire</strong>)!<br></div><div class="spacer battle-history"><br></div><div class="battle-history">Mienshao used <strong>U-turn</strong>!<br></div><div class="battle-history"><small>(The opposing Book lost <abbr title="−70/393">17.8%</abbr> of its health!)</small><br></div><div class="spacer battle-history"><br></div><div class="battle-history">Mienshao went back to Parnstar!<br></div><div class="battle-history">Go! <strong>Sceptile</strong>!<br></div><div class="spacer battle-history"><br></div><div class="battle-history"><small>The opposing Book restored a little HP using its Leftovers!</small><br></div><div class="spacer battle-history"><br></div><h2 class="battle-history">Turn 13</h2><div class="spacer battle-history"><br></div><div class="battle-history">vagita fajita withdrew Book!<br></div><div class="battle-history">vagita fajita sent out Fungus Toad (<strong>Venusaur</strong>)!<br></div><div class="spacer battle-history"><br></div><div class="battle-history">Sceptile used <strong>Leech Seed</strong>!<br></div><div class="battle-history"><small>It doesn't affect the opposing Fungus Toad...</small><br></div><div class="spacer battle-history"><br></div><h2 class="battle-history">Turn 14</h2><div class="spacer battle-history"><br></div><div class="battle-history">Sceptile, come back!<br></div><div class="battle-history">Go! <strong>Mandibuzz</strong>!<br></div><div class="spacer battle-history"><br></div><div class="battle-history">The opposing Fungus Toad used <strong>Sludge Bomb</strong>!<br></div><div class="battle-history"><small>(Mandibuzz lost <abbr title="−127/424">30.0%</abbr> of its health!)</small><br></div><div class="spacer battle-history"><br></div><div class="battle-history"><small>Mandibuzz restored a little HP using its Leftovers!</small><br></div><div class="battle-history"><small>Mandibuzz was hurt by poison!</small><br></div><div class="spacer battle-history"><br></div><h2 class="battle-history">Turn 15</h2><div class="spacer battle-history"><br></div><div class="battle-history">vagita fajita withdrew Fungus Toad!<br></div><div class="battle-history">vagita fajita sent out <strong>Blissey</strong>!<br></div><div class="spacer battle-history"><br></div><div class="battle-history">Mandibuzz used <strong>Roost</strong>!<br></div><div class="battle-history"><small>Mandibuzz restored its HP.</small><br></div><div class="spacer battle-history"><br></div><div class="battle-history"><small>Mandibuzz restored a little HP using its Leftovers!</small><br></div><div class="battle-history"><small>The opposing Blissey restored a little HP using its Leftovers!</small><br></div><div class="battle-history"><small>Mandibuzz was hurt by poison!</small><br></div><div class="spacer battle-history"><br></div><h2 class="battle-history">Turn 16</h2><div class="spacer battle-history"><br></div><div class="battle-history">Mandibuzz used <strong>Toxic</strong>!<br></div><div class="battle-history"><small>The opposing Blissey was badly poisoned!</small><br></div><div class="spacer battle-history"><br></div><div class="battle-history">The opposing Blissey used <strong>Seismic Toss</strong>!<br></div><div class="battle-history"><small>(Mandibuzz lost <abbr title="−100/424">23.6%</abbr> of its health!)</small><br></div><div class="spacer battle-history"><br></div><div class="battle-history"><small>Mandibuzz restored a little HP using its Leftovers!</small><br></div><div class="battle-history"><small>The opposing Blissey restored a little HP using its Leftovers!</small><br></div><div class="battle-history"><small>Mandibuzz was hurt by poison!</small><br></div><div class="battle-history"><small>The opposing Blissey was hurt by poison!</small><br></div><div class="spacer battle-history"><br></div><h2 class="battle-history">Turn 17</h2><div class="spacer battle-history"><br></div><div class="battle-history">Mandibuzz, come back!<br></div><div class="battle-history">Go! <strong>Sceptile</strong>!<br></div><div class="spacer battle-history"><br></div><div class="battle-history">The opposing Blissey used <strong>Seismic Toss</strong>!<br></div><div class="battle-history"><small>(Sceptile lost <abbr title="−100/281">35.6%</abbr> of its health!)</small><br></div><div class="spacer battle-history"><br></div><div class="battle-history"><small>The opposing Blissey restored a little HP using its Leftovers!</small><br></div><div class="battle-history"><small>The opposing Blissey was hurt by poison!</small><br></div><div class="spacer battle-history"><br></div><h2 class="battle-history">Turn 18</h2><div class="spacer battle-history"><br></div><div class="battle-history"><small>Sceptile's Sceptilite is reacting to Parnstar's Mega Bracelet!</small><br>Sceptile has Mega Evolved into Mega Sceptile!<br></div><div class="spacer battle-history"><br></div><div class="battle-history">Sceptile used <strong>Dragon Pulse</strong>!<br></div><div class="battle-history"><small>(The opposing Blissey lost <abbr title="−100/714">14.0%</abbr> of its health!)</small><br></div><div class="spacer battle-history"><br></div><div class="battle-history">The opposing Blissey used <strong>Heal Bell</strong>!<br></div><div class="battle-history"><small>A bell chimed!</small><br></div><div class="battle-history"><small>The opposing Blissey was cured of its poisoning.</small><br></div><div class="spacer battle-history"><br></div><div class="battle-history"><small>The opposing Blissey restored a little HP using its Leftovers!</small><br></div><div class="spacer battle-history"><br></div><h2 class="battle-history">Turn 19</h2><div class="spacer battle-history"><br></div><div class="battle-history">Sceptile used <strong>Leech Seed</strong>!<br></div><div class="battle-history"><small>The opposing Blissey was seeded!</small><br></div><div class="spacer battle-history"><br></div><div class="battle-history">The opposing Blissey used <strong>Seismic Toss</strong>!<br></div><div class="battle-history"><small>(Sceptile lost <abbr title="−100/281">35.6%</abbr> of its health!)</small><br></div><div class="spacer battle-history"><br></div><div class="battle-history"><small>The opposing Blissey restored a little HP using its Leftovers!</small><br></div><div class="battle-history"><small>The opposing Blissey's health is sapped by Leech Seed!</small><br></div><div class="spacer battle-history"><br></div><h2 class="battle-history">Turn 20</h2><div class="spacer battle-history"><br></div><div class="battle-history">vagita fajita withdrew Blissey!<br></div><div class="battle-history">vagita fajita sent out Fungus Toad (<strong>Venusaur</strong>)!<br></div><div class="spacer battle-history"><br></div><div class="battle-history">Sceptile used <strong>Energy Ball</strong>!<br></div><div class="battle-history"><small>It's not very effective...</small><br></div><div class="battle-history"><small>(The opposing Fungus Toad lost <abbr title="−45/364">12.4%</abbr> of its health!)</small><br></div><div class="spacer battle-history"><br></div><div class="battle-history"><small>The opposing Fungus Toad restored a little HP using its Black Sludge!</small><br></div><div class="spacer battle-history"><br></div><h2 class="battle-history">Turn 21</h2><div class="spacer battle-history"><br></div><div class="battle-history">Sceptile, come back!<br></div><div class="battle-history">Go! <strong>Kyurem</strong>!<br></div><div class="battle-history"><small>[Kyurem's Pressure]</small><br><small>Kyurem is exerting its pressure!</small><br></div><div class="spacer battle-history"><br></div><div class="battle-history">The opposing Fungus Toad used <strong>Sludge Bomb</strong>!<br></div><div class="battle-history"><small>(Kyurem lost <abbr title="−112/405">27.7%</abbr> of its health!)</small><br></div><div class="spacer battle-history"><br></div><div class="battle-history">Kyurem fainted!<br></div><div class="spacer battle-history"><br></div><div class="battle-history"><small>The opposing Fungus Toad restored a little HP using its Black Sludge!</small><br></div><div class="spacer battle-history"><br></div><div class="battle-history">Go! <strong>Hydreigon</strong>!<br></div><div class="spacer battle-history"><br></div><h2 class="battle-history">Turn 22</h2><div class="spacer battle-history"><br></div><div class="battle-history">vagita fajita withdrew Fungus Toad!<br></div><div class="battle-history">vagita fajita sent out <strong>Blissey</strong>!<br></div><div class="spacer battle-history"><br></div><div class="battle-history">Hydreigon used <strong>Iron Tail</strong>!<br></div><div class="battle-history"><small>(The opposing Blissey lost <abbr title="−333/714">46.6%</abbr> of its health!)</small><br></div><div class="battle-history"><small>The opposing Blissey's Defense fell!</small><br></div><div class="spacer battle-history"><br></div><div class="battle-history"><small>The opposing Blissey restored a little HP using its Leftovers!</small><br></div><div class="spacer battle-history"><br></div><h2 class="battle-history">Turn 23</h2><div class="spacer battle-history"><br></div><div class="battle-history">vagita fajita withdrew Blissey!<br></div><div class="battle-history">vagita fajita sent out Fungus Toad (<strong>Venusaur</strong>)!<br></div><div class="spacer battle-history"><br></div><div class="battle-history">Hydreigon used <strong>Iron Tail</strong>!<br></div><div class="battle-history"><small>(The opposing Fungus Toad lost <abbr title="−95/364">26.1%</abbr> of its health!)</small><br></div><div class="spacer battle-history"><br></div><div class="battle-history"><small>The opposing Fungus Toad restored a little HP using its Black Sludge!</small><br></div><div class="spacer battle-history"><br></div><h2 class="battle-history">Turn 24</h2><div class="spacer battle-history"><br></div><div class="battle-history">Hydreigon, come back!<br></div><div class="battle-history">Go! <strong>Mandibuzz</strong>!<br></div><div class="spacer battle-history"><br></div><div class="battle-history">The opposing Fungus Toad used <strong>Sludge Bomb</strong>!<br></div><div class="battle-history"><small>(Mandibuzz lost <abbr title="−145/424">34.2%</abbr> of its health!)</small><br></div><div class="spacer battle-history"><br></div><div class="battle-history"><small>The opposing Fungus Toad restored a little HP using its Black Sludge!</small><br></div><div class="battle-history"><small>Mandibuzz restored a little HP using its Leftovers!</small><br></div><div class="battle-history"><small>Mandibuzz was hurt by poison!</small><br></div><div class="spacer battle-history"><br></div><h2 class="battle-history">Turn 25</h2><div class="spacer battle-history"><br></div><div class="battle-history">Mandibuzz used <strong>Foul Play</strong>!<br></div><div class="battle-history"><small>(The opposing Fungus Toad lost <abbr title="−76/364">20.9%</abbr> of its health!)</small><br></div><div class="spacer battle-history"><br></div><div class="battle-history">The opposing Fungus Toad used <strong>Sludge Bomb</strong>!<br></div><div class="battle-history"><small>(Mandibuzz lost <abbr title="−62/424">14.6%</abbr> of its health!)</small><br></div><div class="spacer battle-history"><br></div><div class="battle-history">Mandibuzz fainted!<br></div><div class="spacer battle-history"><br></div><div class="battle-history"><small>The opposing Fungus Toad restored a little HP using its Black Sludge!</small><br></div><div class="spacer battle-history"><br></div><div class="battle-history">Go! <strong>Mamoswine</strong>!<br></div><div class="spacer battle-history"><br></div><h2 class="battle-history">Turn 26</h2><div class="spacer battle-history"><br></div><div class="battle-history">vagita fajita withdrew Fungus Toad!<br></div><div class="battle-history">vagita fajita sent out Book (<strong>Quagsire</strong>)!<br></div><div class="spacer battle-history"><br></div><div class="battle-history">Mamoswine used <strong>Earthquake</strong>!<br></div><div class="battle-history"><small>(The opposing Book lost <abbr title="−153/393">38.9%</abbr> of its health!)</small><br></div><div class="battle-history"><small>Mamoswine lost some of its HP!</small><br></div><div class="spacer battle-history"><br></div><div class="battle-history"><small>The opposing Book restored a little HP using its Leftovers!</small><br></div><div class="spacer battle-history"><br></div><h2 class="battle-history">Turn 27</h2><div class="spacer battle-history"><br></div><div class="battle-history">vagita fajita withdrew Book!<br></div><div class="battle-history">vagita fajita sent out Fungus Toad (<strong>Venusaur</strong>)!<br></div><div class="spacer battle-history"><br></div><div class="battle-history">Mamoswine used <strong>Earthquake</strong>!<br></div><div class="battle-history"><small>(The opposing Fungus Toad lost <abbr title="−212/364">58.2%</abbr> of its health!)</small><br></div><div class="battle-history"><small>Mamoswine lost some of its HP!</small><br></div><div class="spacer battle-history"><br></div><div class="battle-history"><small>The opposing Fungus Toad restored a little HP using its Black Sludge!</small><br></div><div class="spacer battle-history"><br></div><h2 class="battle-history">Turn 28</h2><div class="spacer battle-history"><br></div><div class="battle-history">vagita fajita withdrew Fungus Toad!<br></div><div class="battle-history">vagita fajita sent out Hyper Offense (<strong>Xatu</strong>)!<br></div><div class="spacer battle-history"><br></div><div class="battle-history">Mamoswine used <strong>Ice Shard</strong>!<br></div><div class="battle-history"><small>It's super effective!</small><br></div><div class="battle-history"><small>(The opposing Hyper Offense lost <abbr title="−135/333">40.5%</abbr> of its health!)</small><br></div><div class="battle-history"><small>Mamoswine lost some of its HP!</small><br></div><div class="spacer battle-history"><br></div><div class="battle-history"><small>The opposing Hyper Offense restored a little HP using its Leftovers!</small><br></div><div class="spacer battle-history"><br></div><h2 class="battle-history">Turn 29</h2><div class="spacer battle-history"><br></div><div class="battle-history">vagita fajita withdrew Hyper Offense!<br></div><div class="battle-history">vagita fajita sent out The Power Of Love (<strong>Steelix</strong>)!<br></div><div class="spacer battle-history"><br></div><div class="battle-history">Mamoswine used <strong>Icicle Crash</strong>!<br></div><div class="battle-history"><small>(The opposing The Power Of Love lost <abbr title="−83/353">23.5%</abbr> of its health!)</small><br></div><div class="battle-history"><small>Mamoswine lost some of its HP!</small><br></div><div class="spacer battle-history"><br></div><h2 class="battle-history">Turn 30</h2><div class="spacer battle-history"><br></div><div class="battle-history"><small>The opposing The Power Of Love's Steelixite is reacting to vagita fajita's Mega Bracelet!</small><br>The opposing The Power Of Love has Mega Evolved into Mega Steelix!<br></div><div class="spacer battle-history"><br></div><div class="battle-history">Mamoswine used <strong>Endeavor</strong>!<br></div><div class="battle-history"><small>(The opposing The Power Of Love lost <abbr title="−201/353">56.9%</abbr> of its health!)</small><br></div><div class="battle-history"><small>Mamoswine lost some of its HP!</small><br></div><div class="spacer battle-history"><br></div><div class="battle-history">The opposing The Power Of Love used <strong>Earthquake</strong>!<br></div><div class="battle-history"><small>(Mamoswine lost <abbr title="−33/361">9.1%</abbr> of its health!)</small><br></div><div class="spacer battle-history"><br></div><div class="battle-history">Mamoswine fainted!<br></div><div class="spacer battle-history"><br></div><div class="battle-history">Go! Sceptile (<strong>Sceptile-Mega</strong>)!<br></div><div class="spacer battle-history"><br></div><h2 class="battle-history">Turn 31</h2><div class="spacer battle-history"><br></div><div class="battle-history">vagita fajita withdrew The Power Of Love!<br></div><div class="battle-history">vagita fajita sent out Hyper Offense (<strong>Xatu</strong>)!<br></div><div class="spacer battle-history"><br></div><div class="battle-history">Sceptile used <strong>Energy Ball</strong>!<br></div><div class="battle-history"><small>It's not very effective...</small><br></div><div class="battle-history"><small>(The opposing Hyper Offense lost <abbr title="−117/333">35.1%</abbr> of its health!)</small><br></div><div class="spacer battle-history"><br></div><div class="battle-history"><small>The opposing Hyper Offense restored a little HP using its Leftovers!</small><br></div><div class="spacer battle-history"><br></div><h2 class="battle-history">Turn 32</h2><div class="spacer battle-history"><br></div><div class="battle-history">vagita fajita withdrew Hyper Offense!<br></div><div class="battle-history">vagita fajita sent out <strong>Blissey</strong>!<br></div><div class="spacer battle-history"><br></div><div class="battle-history">Sceptile used <strong>Dragon Pulse</strong>!<br></div><div class="battle-history"><small>(The opposing Blissey lost <abbr title="−100/714">14.0%</abbr> of its health!)</small><br></div><div class="spacer battle-history"><br></div><div class="battle-history"><small>The opposing Blissey restored a little HP using its Leftovers!</small><br></div><div class="spacer battle-history"><br></div><h2 class="battle-history">Turn 33</h2><div class="spacer battle-history"><br></div><div class="battle-history">Sceptile used <strong>Leech Seed</strong>!<br></div><div class="battle-history"><small>The opposing Blissey was seeded!</small><br></div><div class="spacer battle-history"><br></div><div class="battle-history">The opposing Blissey used <strong>Soft-Boiled</strong>!<br></div><div class="battle-history"><small>The opposing Blissey restored its HP.</small><br></div><div class="spacer battle-history"><br></div><div class="battle-history"><small>The opposing Blissey restored a little HP using its Leftovers!</small><br></div><div class="battle-history"><small>The opposing Blissey's health is sapped by Leech Seed!</small><br></div><div class="spacer battle-history"><br></div><h2 class="battle-history">Turn 34</h2><div class="spacer battle-history"><br></div><div class="battle-history">Sceptile used <strong>Energy Ball</strong>!<br></div><div class="battle-history"><small>(The opposing Blissey lost <abbr title="−105/714">14.7%</abbr> of its health!)</small><br></div><div class="spacer battle-history"><br></div><div class="battle-history">The opposing Blissey used <strong>Toxic</strong>!<br></div><div class="battle-history"><small>Sceptile was badly poisoned!</small><br></div><div class="spacer battle-history"><br></div><div class="battle-history"><small>The opposing Blissey restored a little HP using its Leftovers!</small><br></div><div class="battle-history"><small>The opposing Blissey's health is sapped by Leech Seed!</small><br></div><div class="battle-history"><small>Sceptile was hurt by poison!</small><br></div><div class="spacer battle-history"><br></div><h2 class="battle-history">Turn 35</h2><div class="spacer battle-history"><br></div><div class="battle-history">vagita fajita withdrew Blissey!<br></div><div class="battle-history">vagita fajita sent out Fungus Toad (<strong>Venusaur</strong>)!<br></div><div class="spacer battle-history"><br></div><div class="battle-history">Sceptile used <strong>Energy Ball</strong>!<br></div><div class="battle-history"><small>It's not very effective...</small><br></div><div class="battle-history"><small>A critical hit!</small><br></div><div class="battle-history"><small>(The opposing Fungus Toad lost <abbr title="−62/364">17.0%</abbr> of its health!)</small><br></div><div class="spacer battle-history"><br></div><div class="battle-history"><small>The opposing Fungus Toad restored a little HP using its Black Sludge!</small><br></div><div class="battle-history"><small>Sceptile was hurt by poison!</small><br></div><div class="spacer battle-history"><br></div><h2 class="battle-history">Turn 36</h2><div class="spacer battle-history"><br></div><div class="battle-history">vagita fajita withdrew Fungus Toad!<br></div><div class="battle-history">vagita fajita sent out <strong>Blissey</strong>!<br></div><div class="spacer battle-history"><br></div><div class="battle-history">Sceptile used <strong>Energy Ball</strong>!<br></div><div class="battle-history"><small>(The opposing Blissey lost <abbr title="−97/714">13.6%</abbr> of its health!)</small><br></div><div class="spacer battle-history"><br></div><div class="battle-history"><small>The opposing Blissey restored a little HP using its Leftovers!</small><br></div><div class="battle-history"><small>Sceptile was hurt by poison!</small><br></div><div class="spacer battle-history"><br></div><h2 class="battle-history">Turn 37</h2><div class="spacer battle-history"><br></div><div class="battle-history">vagita fajita withdrew Blissey!<br></div><div class="battle-history">vagita fajita sent out Hyper Offense (<strong>Xatu</strong>)!<br></div><div class="spacer battle-history"><br></div><div class="battle-history">Sceptile used <strong>Leech Seed</strong>!<br></div><div class="spacer battle-history"><br></div><div class="battle-history"><small>[The opposing Hyper Offense's Magic Bounce]</small><br>The opposing Hyper Offense bounced the Leech Seed back!<br></div><div class="battle-history"><small>It doesn't affect Sceptile...</small><br></div><div class="spacer battle-history"><br></div><div class="battle-history"><small>The opposing Hyper Offense restored a little HP using its Leftovers!</small><br></div><div class="battle-history"><small>Sceptile was hurt by poison!</small><br></div><div class="spacer battle-history"><br></div><h2 class="battle-history">Turn 38</h2><div class="spacer battle-history"><br></div><div class="battle-history">Sceptile used <strong>Dragon Pulse</strong>!<br></div><div class="battle-history"><small>(The opposing Hyper Offense lost <abbr title="−141/333">42.3%</abbr> of its health!)</small><br></div><div class="spacer battle-history"><br></div><div class="battle-history">The opposing Hyper Offense fainted!<br></div><div class="spacer battle-history"><br></div><div class="battle-history"><small>Sceptile was hurt by poison!</small><br></div><div class="spacer battle-history"><br></div><div class="battle-history">vagita fajita sent out <strong>Blissey</strong>!<br></div><div class="spacer battle-history"><br></div><h2 class="battle-history">Turn 39</h2><div class="spacer battle-history"><br></div><div class="battle-history">Sceptile used <strong>Leech Seed</strong>!<br></div><div class="battle-history"><small>The opposing Blissey was seeded!</small><br></div><div class="spacer battle-history"><br></div><div class="battle-history">The opposing Blissey used <strong>Soft-Boiled</strong>!<br></div><div class="battle-history"><small>The opposing Blissey restored its HP.</small><br></div><div class="spacer battle-history"><br></div><div class="battle-history"><small>The opposing Blissey restored a little HP using its Leftovers!</small><br></div><div class="battle-history"><small>The opposing Blissey's health is sapped by Leech Seed!</small><br></div><div class="battle-history"><small>Sceptile was hurt by poison!</small><br></div><div class="spacer battle-history"><br></div><h2 class="battle-history">Turn 40</h2><div class="spacer battle-history"><br></div><div class="battle-history">Sceptile used <strong>Leaf Storm</strong>!<br></div><div class="battle-history"><small>(The opposing Blissey lost <abbr title="−145/714">20.3%</abbr> of its health!)</small><br></div><div class="battle-history"><small>Sceptile's Special Attack fell harshly!</small><br></div><div class="spacer battle-history"><br></div><div class="battle-history">The opposing Blissey used <strong>Seismic Toss</strong>!<br></div><div class="battle-history"><small>(Sceptile lost <abbr title="−13/281">4.6%</abbr> of its health!)</small><br></div><div class="spacer battle-history"><br></div><div class="battle-history">Sceptile fainted!<br></div><div class="spacer battle-history"><br></div><div class="battle-history"><small>The opposing Blissey restored a little HP using its Leftovers!</small><br></div><div class="spacer battle-history"><br></div><div class="battle-history">Go! <strong>Mienshao</strong>!<br></div><div class="spacer battle-history"><br></div><h2 class="battle-history">Turn 41</h2><div class="spacer battle-history"><br></div><div class="battle-history">vagita fajita withdrew Blissey!<br></div><div class="battle-history">vagita fajita sent out Dobby (<strong>Sableye</strong>)!<br></div><div class="spacer battle-history"><br></div><div class="battle-history">Mienshao used <strong>U-turn</strong>!<br></div><div class="battle-history"><small>(The opposing Dobby lost <abbr title="−25/304">8.2%</abbr> of its health!)</small><br></div><div class="spacer battle-history"><br></div><div class="battle-history">The opposing Dobby fainted!<br></div><div class="spacer battle-history"><br></div><div class="battle-history">Mienshao went back to Parnstar!<br></div><div class="battle-history">Go! <strong>Hydreigon</strong>!<br></div><div class="spacer battle-history"><br></div><div class="battle-history">vagita fajita sent out Book (<strong>Quagsire</strong>)!<br></div><div class="spacer battle-history"><br></div><h2 class="battle-history">Turn 42</h2><div class="spacer battle-history"><br></div><div class="battle-history">Hydreigon used <strong>Dark Pulse</strong>!<br></div><div class="battle-history"><small>(The opposing Book lost <abbr title="−109/393">27.7%</abbr> of its health!)</small><br></div><div class="spacer battle-history"><br></div><div class="battle-history">The opposing Book fainted!<br></div><div class="spacer battle-history"><br></div><div class="battle-history">vagita fajita sent out Fungus Toad (<strong>Venusaur</strong>)!<br></div><div class="spacer battle-history"><br></div><h2 class="battle-history">Turn 43</h2><div class="spacer battle-history"><br></div><div class="battle-history">Hydreigon used <strong>Dark Pulse</strong>!<br></div><div class="battle-history"><small>(The opposing Fungus Toad lost <abbr title="−28/364">7.7%</abbr> of its health!)</small><br></div><div class="spacer battle-history"><br></div><div class="battle-history">The opposing Fungus Toad fainted!<br></div><div class="chat"><small>Overdragoon joined.</small></div><div class="spacer battle-history"><br></div><div class="battle-history">vagita fajita sent out The Power Of Love (<strong>Steelix-Mega</strong>)!<br></div><div class="spacer battle-history"><br></div><h2 class="battle-history">Turn 44</h2><div class="spacer battle-history"><br></div><div class="battle-history">Hydreigon used <strong>Dark Pulse</strong>!<br></div><div class="battle-history"><small>(The opposing The Power Of Love lost <abbr title="−69/353">19.5%</abbr> of its health!)</small><br></div><div class="spacer battle-history"><br></div><div class="battle-history">The opposing The Power Of Love fainted!<br></div><div class="spacer battle-history"><br></div><div class="battle-history">vagita fajita sent out <strong>Blissey</strong>!<br></div><div class="spacer battle-history"><br></div><h2 class="battle-history">Turn 45</h2><div class="spacer battle-history"><br></div><div class="battle-history">Hydreigon, come back!<br></div><div class="battle-history">Go! <strong>Mienshao</strong>!<br></div><div class="spacer battle-history"><br></div><div class="battle-history">The opposing Blissey used <strong>Seismic Toss</strong>!<br></div><div class="battle-history"><small>(Mienshao lost <abbr title="−100/271">36.9%</abbr> of its health!)</small><br></div><div class="spacer battle-history"><br></div><div class="battle-history"><small>The opposing Blissey restored a little HP using its Leftovers!</small><br></div><div class="spacer battle-history"><br></div><h2 class="battle-history">Turn 46</h2><div class="chat chatmessage-parnstar"><strong style="color:hsl(41,84%,41.163999978976825%)"><small>☆</small><span class="username" data-name="Parnstar">Parnstar</span>:</strong> <em>Don't miss</em></div><div class="chat chatmessage-parnstar"><strong style="color:hsl(41,84%,41.163999978976825%)"><small>☆</small><span class="username" data-name="Parnstar">Parnstar</span>:</strong> <em>Plz</em></div><div class="spacer battle-history"><br></div><div class="battle-history">Mienshao used <strong>High Jump Kick</strong>!<br></div><div class="battle-history"><small>It's super effective!</small><br></div><div class="battle-history"><small>(The opposing Blissey lost <abbr title="−514/714">72.0%</abbr> of its health!)</small><br></div><div class="spacer battle-history"><br></div><div class="battle-history">The opposing Blissey fainted!<br></div><div class="spacer battle-history"><br></div><div class="battle-history"><strong>Parnstar</strong> won the battle!<br></div><div class="chat">Parnstar's rating: 1255 → <strong>1270</strong><br>(+15 for winning)</div><div class="chat">vagita fajita's rating: 1105 → <strong>1090</strong><br>(-15 for losing)</div><div class="chat chatmessage-parnstar"><strong style="color:hsl(41,84%,41.163999978976825%)"><small>☆</small><span class="username" data-name="Parnstar">Parnstar</span>:</strong> <em>Gg</em></div><div class="chat chatmessage-parnstar"><strong style="color:hsl(41,84%,41.163999978976825%)"><small>☆</small><span class="username" data-name="Parnstar">Parnstar</span>:</strong> <em>Stall destroyed!!!!</em></div></div><div class="inner-preempt"></div></div></div>
</div>
<script>
let daily = Math.floor(Date.now()/1000/60/60/24);document.write('<script src="https://play.pokemonshowdown.com/js/replay-embed.js?version'+daily+'"></'+'script>');
</script>
