<!DOCTYPE html>
<meta charset="utf-8" />
<!-- version 1 -->
<title>UU replay: Parnstar vs. leeleelalolu</title>
<style>
html,body {font-family:Verdana, sans-serif;font-size:10pt;margin:0;padding:0;}body{padding:12px 0;} .battle-log {font-family:Verdana, sans-serif;font-size:10pt;} .battle-log-inline {border:1px solid #AAAAAA;background:#EEF2F5;color:black;max-width:640px;margin:0 auto 80px;padding-bottom:5px;} .battle-log .inner {padding:4px 8px 0px 8px;} .battle-log .inner-preempt {padding:0 8px 4px 8px;} .battle-log .inner-after {margin-top:0.5em;} .battle-log h2 {margin:0.5em -8px;padding:4px 8px;border:1px solid #AAAAAA;background:#E0E7EA;border-left:0;border-right:0;font-family:Verdana, sans-serif;font-size:13pt;} .battle-log .chat {vertical-align:middle;padding:3px 0 3px 0;font-size:8pt;} .battle-log .chat strong {color:#40576A;} .battle-log .chat em {padding:1px 4px 1px 3px;color:#000000;font-style:normal;} .chat.mine {background:rgba(0,0,0,0.05);margin-left:-8px;margin-right:-8px;padding-left:8px;padding-right:8px;} .spoiler {color:#BBBBBB;background:#BBBBBB;padding:0px 3px;} .spoiler:hover, .spoiler:active, .spoiler-shown {color:#000000;background:#E2E2E2;padding:0px 3px;} .spoiler a {color:#BBBBBB;} .spoiler:hover a, .spoiler:active a, .spoiler-shown a {color:#2288CC;} .chat code, .chat .spoiler:hover code, .chat .spoiler:active code, .chat .spoiler-shown code {border:1px solid #C0C0C0;background:#EEEEEE;color:black;padding:0 2px;} .chat .spoiler code {border:1px solid #CCCCCC;background:#CCCCCC;color:#CCCCCC;} .battle-log .rated {padding:3px 4px;} .battle-log .rated strong {color:white;background:#89A;padding:1px 4px;border-radius:4px;} .spacer {margin-top:0.5em;} .message-announce {background:#6688AA;color:white;padding:1px 4px 2px;} .message-announce a, .broadcast-green a, .broadcast-blue a, .broadcast-red a {color:#DDEEFF;} .broadcast-green {background-color:#559955;color:white;padding:2px 4px;} .broadcast-blue {background-color:#6688AA;color:white;padding:2px 4px;} .infobox {border:1px solid #6688AA;padding:2px 4px;} .infobox-limited {max-height:200px;overflow:auto;overflow-x:hidden;} .broadcast-red {background-color:#AA5544;color:white;padding:2px 4px;} .message-learn-canlearn {font-weight:bold;color:#228822;text-decoration:underline;} .message-learn-cannotlearn {font-weight:bold;color:#CC2222;text-decoration:underline;} .message-effect-weak {font-weight:bold;color:#CC2222;} .message-effect-resist {font-weight:bold;color:#6688AA;} .message-effect-immune {font-weight:bold;color:#666666;} .message-learn-list {margin-top:0;margin-bottom:0;} .message-throttle-notice, .message-error {color:#992222;} .message-overflow, .chat small.message-overflow {font-size:0pt;} .message-overflow::before {font-size:9pt;content:'...';} .subtle {color:#3A4A66;}
</style>
<div class="wrapper replay-wrapper" style="max-width:1180px;margin:0 auto">
<input type="hidden" name="replayid" value="uu-566185742" />
<div class="battle"></div><div class="battle-log"></div><div class="replay-controls"></div><div class="replay-controls-2"></div>
<h1 style="font-weight:normal;text-align:center"><strong>UU</strong><br /><a href="http://pokemonshowdown.com/users/parnstar" class="subtle" target="_blank">Parnstar</a> vs. <a href="http://pokemonshowdown.com/users/leeleelalolu" class="subtle" target="_blank">leeleelalolu</a></h1>
<script type="text/plain" class="battle-log-data">|j|Parnstar
|j|leeleelalolu
|player|p1|Parnstar|1
|player|p2|leeleelalolu|264
|gametype|singles
|gen|6
|tier|UU
|rated
|seed|53134,13727,20144,6702
|rule|Sleep Clause Mod: Limit one foe put to sleep
|rule|Species Clause: Limit one of each Pokémon
|rule|OHKO Clause: OHKO moves are banned
|rule|Moody Clause: Moody is banned
|rule|Evasion Moves Clause: Evasion moves are banned
|rule|Endless Battle Clause: Forcing endless battles is banned
|rule|HP Percentage Mod: HP is shown in percentages
|clearpoke
|poke|p1|Crawdaunt, M|item
|poke|p1|Whimsicott, F|item
|poke|p1|Toxicroak, F|item
|poke|p1|Donphan, M|item
|poke|p1|Mamoswine, M|item
|poke|p1|Heliolisk, M|item
|poke|p2|Crobat, M|item
|poke|p2|Cloyster, F|item
|poke|p2|Forretress, F|item
|poke|p2|Hydreigon, M|item
|poke|p2|Yanmega, M|item
|poke|p2|Snorlax, F|item
|rule|Swagger Clause: Swagger is banned
|rule|Baton Pass Clause: Limit one Baton Passer, can't pass Spe and other stats simultaneously
|teampreview
|choice|team 1, team 2, team 3, team 4, team 5, team 6|team 6, team 2, team 3, team 4, team 5, team 1
|
|start
|switch|p1a: Crawdaunt|Crawdaunt, M|267\/267
|switch|p2a: Snorlax|Snorlax, F|523\/523
|turn|1
|choice|move dragondance|move superpower
|
|move|p1a: Crawdaunt|Dragon Dance|p1a: Crawdaunt
|-boost|p1a: Crawdaunt|atk|1
|-boost|p1a: Crawdaunt|spe|1
|move|p2a: Snorlax|Superpower|p1a: Crawdaunt
|-supereffective|p1a: Crawdaunt
|-enditem|p1a: Crawdaunt|Focus Sash
|-damage|p1a: Crawdaunt|1\/267
|-unboost|p2a: Snorlax|atk|1
|-unboost|p2a: Snorlax|def|1
|
|upkeep
|turn|2
|choice|move waterfall|move thunderpunch
|
|move|p1a: Crawdaunt|Waterfall|p2a: Snorlax
|-crit|p2a: Snorlax
|-damage|p2a: Snorlax|0 fnt
|faint|p2a: Snorlax
|
|upkeep
|choice||switch 6
|
|switch|p2a: Crobat|Crobat, M|311\/311
|turn|3
|choice|move aquajet|move airslash
|
|move|p1a: Crawdaunt|Aqua Jet|p2a: Crobat
|-damage|p2a: Crobat|129\/311
|move|p2a: Crobat|Air Slash|p1a: Crawdaunt
|-damage|p1a: Crawdaunt|0 fnt
|faint|p1a: Crawdaunt
|
|-heal|p2a: Crobat|148\/311|[from] item: Leftovers
|upkeep
|choice|switch 6|
|
|switch|p1a: Heliolisk|Heliolisk, M|265\/265
|-item|p1a: Heliolisk|Air Balloon
|turn|4
|choice|move voltswitch|move heatwave
|
|move|p2a: Crobat|Heat Wave|p1a: Heliolisk
|-damage|p1a: Heliolisk|157\/265
|-enditem|p1a: Heliolisk|Air Balloon
|move|p1a: Heliolisk|Volt Switch|p2a: Crobat
|-supereffective|p2a: Crobat
|-damage|p2a: Crobat|0 fnt
|faint|p2a: Crobat
|choice|switch 3|
|
|switch|p1a: Toxicroak|Toxicroak, F|307\/307
|
|upkeep
|choice||switch 2
|
|switch|p2a: Cloyster|Cloyster, F|304\/304
|turn|5
|choice|move drainpunch|move substitute
|
|move|p1a: Toxicroak|Drain Punch|p2a: Cloyster
|-supereffective|p2a: Cloyster
|-damage|p2a: Cloyster|114\/304
|-damage|p1a: Toxicroak|256\/307|[from] item: Rocky Helmet|[of] p2a: Cloyster
|-damage|p1a: Toxicroak|226\/307|[from] item: Life Orb
|move|p2a: Cloyster|Substitute|p2a: Cloyster
|-start|p2a: Cloyster|Substitute
|-damage|p2a: Cloyster|38\/304
|
|upkeep
|turn|6
|choice|move drainpunch|move spikes
|
|move|p1a: Toxicroak|Drain Punch|p2a: Cloyster
|-supereffective|p2a: Cloyster
|-crit|p2a: Cloyster
|-end|p2a: Cloyster|Substitute
|-heal|p1a: Toxicroak|264\/307|[from] drain|[of] p2a: Cloyster
|-damage|p1a: Toxicroak|234\/307|[from] item: Life Orb
|move|p2a: Cloyster|Spikes|p1a: Toxicroak
|-sidestart|p1: Parnstar|Spikes
|
|upkeep
|turn|7
|choice|move drainpunch|move spikes
|
|move|p1a: Toxicroak|Drain Punch|p2a: Cloyster
|-supereffective|p2a: Cloyster
|-damage|p2a: Cloyster|0 fnt
|-heal|p1a: Toxicroak|253\/307|[from] drain|[of] p2a: Cloyster
|-damage|p1a: Toxicroak|202\/307|[from] item: Rocky Helmet|[of] p2a: Cloyster
|-damage|p1a: Toxicroak|172\/307|[from] item: Life Orb
|faint|p2a: Cloyster
|
|upkeep
|choice||switch 3
|
|switch|p2a: Forretress|Forretress, F|354\/354
|turn|8
|choice|move swordsdance|move stealthrock
|
|move|p1a: Toxicroak|Swords Dance|p1a: Toxicroak
|-boost|p1a: Toxicroak|atk|2
|move|p2a: Forretress|Stealth Rock|p1a: Toxicroak
|-sidestart|p1: Parnstar|move: Stealth Rock
|
|upkeep
|turn|9
|choice|move drainpunch|move spikes
|
|move|p1a: Toxicroak|Drain Punch|p2a: Forretress
|-damage|p2a: Forretress|175\/354
|-heal|p1a: Toxicroak|262\/307|[from] drain|[of] p2a: Forretress
|-damage|p1a: Toxicroak|232\/307|[from] item: Life Orb
|move|p2a: Forretress|Spikes|p1a: Toxicroak
|-sidestart|p1: Parnstar|Spikes
|
|-heal|p2a: Forretress|197\/354|[from] item: Leftovers
|upkeep
|turn|10
|choice|move swordsdance|move spikes
|
|move|p1a: Toxicroak|Swords Dance|p1a: Toxicroak
|-boost|p1a: Toxicroak|atk|2
|move|p2a: Forretress|Spikes|p1a: Toxicroak
|-sidestart|p1: Parnstar|Spikes
|
|-heal|p2a: Forretress|219\/354|[from] item: Leftovers
|upkeep
|turn|11
|choice|move drainpunch|move toxicspikes
|
|move|p1a: Toxicroak|Drain Punch|p2a: Forretress
|-damage|p2a: Forretress|0 fnt
|-heal|p1a: Toxicroak|307\/307|[from] drain|[of] p2a: Forretress
|-damage|p1a: Toxicroak|277\/307|[from] item: Life Orb
|faint|p2a: Forretress
|
|upkeep
|choice||switch 4
|
|switch|p2a: Hydreigon|Hydreigon, M|325\/325
|turn|12
|choice|move suckerpunch|move dracometeor
|
|move|p1a: Toxicroak|Sucker Punch|p2a: Hydreigon
|-resisted|p2a: Hydreigon
|-damage|p2a: Hydreigon|135\/325
|-damage|p1a: Toxicroak|247\/307|[from] item: Life Orb
|move|p2a: Hydreigon|Draco Meteor|p1a: Toxicroak
|-damage|p1a: Toxicroak|0 fnt
|-unboost|p2a: Hydreigon|spa|2
|faint|p1a: Toxicroak
|
|-heal|p2a: Hydreigon|155\/325|[from] item: Leftovers
|upkeep
|choice|switch 4|
|
|switch|p1a: Donphan|Donphan, M|340\/340
|-damage|p1a: Donphan|255\/340|[from] Spikes
|-damage|p1a: Donphan|234\/340|[from] Stealth Rock
|turn|13
|choice|move stealthrock|move thunderwave
|
|move|p2a: Hydreigon|Thunder Wave|p1a: Donphan
|-immune|p1a: Donphan|[msg]
|move|p1a: Donphan|Stealth Rock|p2a: Hydreigon
|-sidestart|p2: leeleelalolu|move: Stealth Rock
|
|-heal|p2a: Hydreigon|175\/325|[from] item: Leftovers
|upkeep
|turn|14
|c|☆Parnstar|Huh
|choice|move roar|move stoneedge
|
|move|p2a: Hydreigon|Stone Edge|p1a: Donphan|[miss]
|-miss|p2a: Hydreigon|p1a: Donphan
|move|p1a: Donphan|Roar|p2a: Hydreigon
|drag|p2a: Yanmega|Yanmega, M|313\/313
|-damage|p2a: Yanmega|157\/313|[from] Stealth Rock
|
|-heal|p2a: Yanmega|176\/313|[from] item: Leftovers
|upkeep
|turn|15
|c|☆leeleelalolu|huh
|choice|move roar|move toxic
|
|move|p2a: Yanmega|Toxic|p1a: Donphan
|-status|p1a: Donphan|tox
|move|p1a: Donphan|Roar|p2a: Yanmega
|drag|p2a: Hydreigon|Hydreigon, M|175\/325
|-damage|p2a: Hydreigon|135\/325|[from] Stealth Rock
|
|-heal|p2a: Hydreigon|155\/325|[from] item: Leftovers
|-damage|p1a: Donphan|213\/340 tox|[from] psn
|upkeep
|turn|16
|choice|switch 3|move dracometeor
|
|switch|p1a: Heliolisk|Heliolisk, M|157\/265
|-damage|p1a: Heliolisk|91\/265|[from] Spikes
|-damage|p1a: Heliolisk|58\/265|[from] Stealth Rock
|move|p2a: Hydreigon|Draco Meteor|p1a: Heliolisk
|-damage|p1a: Heliolisk|0 fnt
|-unboost|p2a: Hydreigon|spa|2
|faint|p1a: Heliolisk
|
|-heal|p2a: Hydreigon|175\/325|[from] item: Leftovers
|upkeep
|choice|switch 3|
|
|switch|p1a: Donphan|Donphan, M|213\/340 tox
|-damage|p1a: Donphan|192\/340 tox|[from] Stealth Rock
|-damage|p1a: Donphan|107\/340 tox|[from] Spikes
|turn|17
|choice|move rapidspin|move stoneedge
|
|move|p2a: Hydreigon|Stone Edge|p1a: Donphan
|-resisted|p1a: Donphan
|-damage|p1a: Donphan|68\/340 tox
|move|p1a: Donphan|Rapid Spin|p2a: Hydreigon
|-damage|p2a: Hydreigon|150\/325
|-sideend|p1: Parnstar|Spikes|[from] move: Rapid Spin|[of] p1a: Donphan
|-sideend|p1: Parnstar|Stealth Rock|[from] move: Rapid Spin|[of] p1a: Donphan
|
|-heal|p2a: Hydreigon|170\/325|[from] item: Leftovers
|-damage|p1a: Donphan|47\/340 tox|[from] psn
|upkeep
|turn|18
|choice|switch 2|move dracometeor
|
|switch|p1a: Whimsicott|Whimsicott, F|261\/261
|move|p2a: Hydreigon|Draco Meteor|p1a: Whimsicott
|-immune|p1a: Whimsicott|[msg]
|
|-heal|p2a: Hydreigon|190\/325|[from] item: Leftovers
|upkeep
|turn|19
|choice|move encore|move thunderwave
|
|move|p1a: Whimsicott|Encore|p2a: Hydreigon
|-start|p2a: Hydreigon|Encore
|move|p2a: Hydreigon|Draco Meteor|p1a: Whimsicott
|-immune|p1a: Whimsicott|[msg]
|
|-heal|p2a: Hydreigon|210\/325|[from] item: Leftovers
|upkeep
|turn|20
|choice|move moonblast|switch 5
|
|switch|p2a: Yanmega|Yanmega, M|176\/313
|-damage|p2a: Yanmega|20\/313|[from] Stealth Rock
|move|p1a: Whimsicott|Moonblast|p2a: Yanmega
|-damage|p2a: Yanmega|0 fnt
|faint|p2a: Yanmega
|
|upkeep
|-message|leeleelalolu forfeited.
|
|win|Parnstar
|l|leeleelalolu
|raw|Parnstar's rating: 1434 &rarr; <strong>1437<\/strong><br \/>(+3 for winning)
|raw|leeleelalolu's rating: 1000 &rarr; <strong>1000<\/strong><br \/>(+0 for losing)</script>
</div>
<div class="battle-log battle-log-inline"><div class="inner"><div class="battle-options"></div><div class="inner"><div class="chat"><small>Parnstar joined.</small></div><div class="chat"><small>leeleelalolu joined.</small></div><div class=""><small>Format:</small> <br><strong>UU</strong></div><div class="rated"><strong>Rated battle</strong></div><div class=""><small><em>Sleep Clause Mod:</em> Limit one foe put to sleep</small></div><div class=""><small><em>Species Clause:</em> Limit one of each Pokémon</small></div><div class=""><small><em>OHKO Clause:</em> OHKO moves are banned</small></div><div class=""><small><em>Moody Clause:</em> Moody is banned</small></div><div class=""><small><em>Evasion Moves Clause:</em> Evasion moves are banned</small></div><div class=""><small><em>Endless Battle Clause:</em> Forcing endless battles is banned</small></div><div class=""><small><em>HP Percentage Mod:</em> HP is shown in percentages</small></div><div class=""><small><em>Swagger Clause:</em> Swagger is banned</small></div><div class=""><small><em>Baton Pass Clause:</em> Limit one Baton Passer, can't pass Spe and other stats simultaneously</small></div><div class="chat battle-history"><strong>Parnstar's team:</strong> <em style="color:#445566;display:block;">Crawdaunt / Whimsicott / Toxicroak / Donphan / Mamoswine / Heliolisk</em></div><div class="chat battle-history"><strong>leeleelalolu's team:</strong> <em style="color:#445566;display:block;">Crobat / Cloyster / Forretress / Hydreigon / Yanmega / Snorlax</em></div><div class="spacer battle-history"><br></div><div class="battle-history">Battle started between Parnstar and leeleelalolu!<br></div><div class="spacer battle-history"><br></div><div class="battle-history">Go! <strong>Crawdaunt</strong>!<br></div><div class="spacer battle-history"><br></div><div class="battle-history">leeleelalolu sent out <strong>Snorlax</strong>!<br></div><div class="spacer battle-history"><br></div><h2 class="battle-history">Turn 1</h2><div class="spacer battle-history"><br></div><div class="battle-history">Crawdaunt used <strong>Dragon Dance</strong>!<br></div><div class="battle-history"><small>Crawdaunt's Attack rose!</small><br></div><div class="battle-history"><small>Crawdaunt's Speed rose!</small><br></div><div class="spacer battle-history"><br></div><div class="battle-history">The opposing Snorlax used <strong>Superpower</strong>!<br></div><div class="battle-history"><small>It's super effective!</small><br></div><div class="battle-history"><small>Crawdaunt hung on using its Focus Sash!</small><br></div><div class="battle-history"><small>(Crawdaunt lost <abbr title="−266/267">99.6%</abbr> of its health!)</small><br></div><div class="battle-history"><small>The opposing Snorlax's Attack fell!</small><br></div><div class="battle-history"><small>The opposing Snorlax's Defense fell!</small><br></div><div class="spacer battle-history"><br></div><h2 class="battle-history">Turn 2</h2><div class="spacer battle-history"><br></div><div class="battle-history">Crawdaunt used <strong>Waterfall</strong>!<br></div><div class="battle-history"><small>A critical hit!</small><br></div><div class="battle-history"><small>(The opposing Snorlax lost <abbr title="−523/523">100%</abbr> of its health!)</small><br></div><div class="spacer battle-history"><br></div><div class="battle-history">The opposing Snorlax fainted!<br></div><div class="spacer battle-history"><br></div><div class="battle-history">leeleelalolu sent out <strong>Crobat</strong>!<br></div><div class="spacer battle-history"><br></div><h2 class="battle-history">Turn 3</h2><div class="spacer battle-history"><br></div><div class="battle-history">Crawdaunt used <strong>Aqua Jet</strong>!<br></div><div class="battle-history"><small>(The opposing Crobat lost <abbr title="−182/311">58.5%</abbr> of its health!)</small><br></div><div class="spacer battle-history"><br></div><div class="battle-history">The opposing Crobat used <strong>Air Slash</strong>!<br></div><div class="battle-history"><small>(Crawdaunt lost <abbr title="−1/267">0.4%</abbr> of its health!)</small><br></div><div class="spacer battle-history"><br></div><div class="battle-history">Crawdaunt fainted!<br></div><div class="spacer battle-history"><br></div><div class="battle-history"><small>The opposing Crobat restored a little HP using its Leftovers!</small><br></div><div class="spacer battle-history"><br></div><div class="battle-history">Go! <strong>Heliolisk</strong>!<br></div><div class="battle-history"><small>Heliolisk floats in the air with its Air Balloon!</small><br></div><div class="spacer battle-history"><br></div><h2 class="battle-history">Turn 4</h2><div class="spacer battle-history"><br></div><div class="battle-history">The opposing Crobat used <strong>Heat Wave</strong>!<br></div><div class="battle-history"><small>(Heliolisk lost <abbr title="−108/265">40.8%</abbr> of its health!)</small><br></div><div class="battle-history"><small>Heliolisk's Air Balloon popped!</small><br></div><div class="spacer battle-history"><br></div><div class="battle-history">Heliolisk used <strong>Volt Switch</strong>!<br></div><div class="battle-history"><small>It's super effective!</small><br></div><div class="battle-history"><small>(The opposing Crobat lost <abbr title="−148/311">47.6%</abbr> of its health!)</small><br></div><div class="spacer battle-history"><br></div><div class="battle-history">The opposing Crobat fainted!<br></div><div class="spacer battle-history"><br></div><div class="battle-history">Heliolisk went back to Parnstar!<br></div><div class="battle-history">Go! <strong>Toxicroak</strong>!<br></div><div class="spacer battle-history"><br></div><div class="battle-history">leeleelalolu sent out <strong>Cloyster</strong>!<br></div><div class="spacer battle-history"><br></div><h2 class="battle-history">Turn 5</h2><div class="spacer battle-history"><br></div><div class="battle-history">Toxicroak used <strong>Drain Punch</strong>!<br></div><div class="battle-history"><small>It's super effective!</small><br></div><div class="battle-history"><small>(The opposing Cloyster lost <abbr title="−190/304">62.5%</abbr> of its health!)</small><br></div><div class="battle-history"><small>Toxicroak was hurt by the Rocky Helmet!</small><br></div><div class="battle-history"><small>Toxicroak lost some of its HP!</small><br></div><div class="spacer battle-history"><br></div><div class="battle-history">The opposing Cloyster used <strong>Substitute</strong>!<br></div><div class="battle-history"><small>The opposing Cloyster put in a substitute!</small><br></div><div class="battle-history"><small>(The opposing Cloyster lost <abbr title="−76/304">25%</abbr> of its health!)</small><br></div><div class="spacer battle-history"><br></div><h2 class="battle-history">Turn 6</h2><div class="spacer battle-history"><br></div><div class="battle-history">Toxicroak used <strong>Drain Punch</strong>!<br></div><div class="battle-history"><small>It's super effective!</small><br></div><div class="battle-history"><small>A critical hit!</small><br></div><div class="battle-history"><small>The opposing Cloyster's substitute faded!</small><br></div><div class="battle-history"><small>The opposing Cloyster had its energy drained!</small><br></div><div class="battle-history"><small>Toxicroak lost some of its HP!</small><br></div><div class="spacer battle-history"><br></div><div class="battle-history">The opposing Cloyster used <strong>Spikes</strong>!<br></div><div class="battle-history"><small>Spikes were scattered on the ground all around your team!</small><br></div><div class="spacer battle-history"><br></div><h2 class="battle-history">Turn 7</h2><div class="spacer battle-history"><br></div><div class="battle-history">Toxicroak used <strong>Drain Punch</strong>!<br></div><div class="battle-history"><small>It's super effective!</small><br></div><div class="battle-history"><small>(The opposing Cloyster lost <abbr title="−38/304">12.5%</abbr> of its health!)</small><br></div><div class="battle-history"><small>The opposing Cloyster had its energy drained!</small><br></div><div class="battle-history"><small>Toxicroak was hurt by the Rocky Helmet!</small><br></div><div class="battle-history"><small>Toxicroak lost some of its HP!</small><br></div><div class="spacer battle-history"><br></div><div class="battle-history">The opposing Cloyster fainted!<br></div><div class="spacer battle-history"><br></div><div class="battle-history">leeleelalolu sent out <strong>Forretress</strong>!<br></div><div class="spacer battle-history"><br></div><h2 class="battle-history">Turn 8</h2><div class="spacer battle-history"><br></div><div class="battle-history">Toxicroak used <strong>Swords Dance</strong>!<br></div><div class="battle-history"><small>Toxicroak's Attack rose sharply!</small><br></div><div class="spacer battle-history"><br></div><div class="battle-history">The opposing Forretress used <strong>Stealth Rock</strong>!<br></div><div class="battle-history"><small>Pointed stones float in the air around your team!</small><br></div><div class="spacer battle-history"><br></div><h2 class="battle-history">Turn 9</h2><div class="spacer battle-history"><br></div><div class="battle-history">Toxicroak used <strong>Drain Punch</strong>!<br></div><div class="battle-history"><small>(The opposing Forretress lost <abbr title="−179/354">50.6%</abbr> of its health!)</small><br></div><div class="battle-history"><small>The opposing Forretress had its energy drained!</small><br></div><div class="battle-history"><small>Toxicroak lost some of its HP!</small><br></div><div class="spacer battle-history"><br></div><div class="battle-history">The opposing Forretress used <strong>Spikes</strong>!<br></div><div class="battle-history"><small>Spikes were scattered on the ground all around your team!</small><br></div><div class="spacer battle-history"><br></div><div class="battle-history"><small>The opposing Forretress restored a little HP using its Leftovers!</small><br></div><div class="spacer battle-history"><br></div><h2 class="battle-history">Turn 10</h2><div class="spacer battle-history"><br></div><div class="battle-history">Toxicroak used <strong>Swords Dance</strong>!<br></div><div class="battle-history"><small>Toxicroak's Attack rose sharply!</small><br></div><div class="spacer battle-history"><br></div><div class="battle-history">The opposing Forretress used <strong>Spikes</strong>!<br></div><div class="battle-history"><small>Spikes were scattered on the ground all around your team!</small><br></div><div class="spacer battle-history"><br></div><div class="battle-history"><small>The opposing Forretress restored a little HP using its Leftovers!</small><br></div><div class="spacer battle-history"><br></div><h2 class="battle-history">Turn 11</h2><div class="spacer battle-history"><br></div><div class="battle-history">Toxicroak used <strong>Drain Punch</strong>!<br></div><div class="battle-history"><small>(The opposing Forretress lost <abbr title="−219/354">61.9%</abbr> of its health!)</small><br></div><div class="battle-history"><small>The opposing Forretress had its energy drained!</small><br></div><div class="battle-history"><small>Toxicroak lost some of its HP!</small><br></div><div class="spacer battle-history"><br></div><div class="battle-history">The opposing Forretress fainted!<br></div><div class="spacer battle-history"><br></div><div class="battle-history">leeleelalolu sent out <strong>Hydreigon</strong>!<br></div><div class="spacer battle-history"><br></div><h2 class="battle-history">Turn 12</h2><div class="spacer battle-history"><br></div><div class="battle-history">Toxicroak used <strong>Sucker Punch</strong>!<br></div><div class="battle-history"><small>It's not very effective...</small><br></div><div class="battle-history"><small>(The opposing Hydreigon lost <abbr title="−190/325">58.5%</abbr> of its health!)</small><br></div><div class="battle-history"><small>Toxicroak lost some of its HP!</small><br></div><div class="spacer battle-history"><br></div><div class="battle-history">The opposing Hydreigon used <strong>Draco Meteor</strong>!<br></div><div class="battle-history"><small>(Toxicroak lost <abbr title="−247/307">80.5%</abbr> of its health!)</small><br></div><div class="battle-history"><small>The opposing Hydreigon's Special Attack fell harshly!</small><br></div><div class="spacer battle-history"><br></div><div class="battle-history">Toxicroak fainted!<br></div><div class="spacer battle-history"><br></div><div class="battle-history"><small>The opposing Hydreigon restored a little HP using its Leftovers!</small><br></div><div class="spacer battle-history"><br></div><div class="battle-history">Go! <strong>Donphan</strong>!<br></div><div class="battle-history"><small>Donphan is hurt by the spikes!</small><br></div><div class="battle-history"><small>Pointed stones dug into Donphan!</small><br></div><div class="spacer battle-history"><br></div><h2 class="battle-history">Turn 13</h2><div class="spacer battle-history"><br></div><div class="battle-history">The opposing Hydreigon used <strong>Thunder Wave</strong>!<br></div><div class="battle-history"><small>It doesn't affect Donphan...</small><br></div><div class="spacer battle-history"><br></div><div class="battle-history">Donphan used <strong>Stealth Rock</strong>!<br></div><div class="battle-history"><small>Pointed stones float in the air around the opposing team!</small><br></div><div class="spacer battle-history"><br></div><div class="battle-history"><small>The opposing Hydreigon restored a little HP using its Leftovers!</small><br></div><div class="spacer battle-history"><br></div><h2 class="battle-history">Turn 14</h2><div class="chat chatmessage-parnstar"><strong style="color:hsl(41,84%,41.163999978976825%)"><small>☆</small><span class="username" data-name="Parnstar">Parnstar</span>:</strong> <em>Huh</em></div><div class="spacer battle-history"><br></div><div class="battle-history">The opposing Hydreigon used <strong>Stone Edge</strong>!<br></div><div class="battle-history"><small>Donphan avoided the attack!</small><br></div><div class="spacer battle-history"><br></div><div class="battle-history">Donphan used <strong>Roar</strong>!<br></div><div class="spacer battle-history"><br></div><div class="battle-history"><strong>Yanmega</strong> was dragged out!<br></div><div class="battle-history"><small>Pointed stones dug into the opposing Yanmega!</small><br></div><div class="spacer battle-history"><br></div><div class="battle-history"><small>The opposing Yanmega restored a little HP using its Leftovers!</small><br></div><div class="spacer battle-history"><br></div><h2 class="battle-history">Turn 15</h2><div class="chat chatmessage-leeleelalolu"><strong style="color:hsl(118,74%,37%)"><small>☆</small><span class="username" data-name="leeleelalolu">leeleelalolu</span>:</strong> <em>huh</em></div><div class="spacer battle-history"><br></div><div class="battle-history">The opposing Yanmega used <strong>Toxic</strong>!<br></div><div class="battle-history"><small>Donphan was badly poisoned!</small><br></div><div class="spacer battle-history"><br></div><div class="battle-history">Donphan used <strong>Roar</strong>!<br></div><div class="spacer battle-history"><br></div><div class="battle-history"><strong>Hydreigon</strong> was dragged out!<br></div><div class="battle-history"><small>Pointed stones dug into the opposing Hydreigon!</small><br></div><div class="spacer battle-history"><br></div><div class="battle-history"><small>The opposing Hydreigon restored a little HP using its Leftovers!</small><br></div><div class="battle-history"><small>Donphan was hurt by poison!</small><br></div><div class="spacer battle-history"><br></div><h2 class="battle-history">Turn 16</h2><div class="spacer battle-history"><br></div><div class="battle-history">Donphan, come back!<br></div><div class="battle-history">Go! <strong>Heliolisk</strong>!<br></div><div class="battle-history"><small>Heliolisk is hurt by the spikes!</small><br></div><div class="battle-history"><small>Pointed stones dug into Heliolisk!</small><br></div><div class="spacer battle-history"><br></div><div class="battle-history">The opposing Hydreigon used <strong>Draco Meteor</strong>!<br></div><div class="battle-history"><small>(Heliolisk lost <abbr title="−58/265">21.9%</abbr> of its health!)</small><br></div><div class="battle-history"><small>The opposing Hydreigon's Special Attack fell harshly!</small><br></div><div class="spacer battle-history"><br></div><div class="battle-history">Heliolisk fainted!<br></div><div class="spacer battle-history"><br></div><div class="battle-history"><small>The opposing Hydreigon restored a little HP using its Leftovers!</small><br></div><div class="spacer battle-history"><br></div><div class="battle-history">Go! <strong>Donphan</strong>!<br></div><div class="battle-history"><small>Pointed stones dug into Donphan!</small><br></div><div class="battle-history"><small>Donphan is hurt by the spikes!</small><br></div><div class="spacer battle-history"><br></div><h2 class="battle-history">Turn 17</h2><div class="spacer battle-history"><br></div><div class="battle-history">The opposing Hydreigon used <strong>Stone Edge</strong>!<br></div><div class="battle-history"><small>It's not very effective...</small><br></div><div class="battle-history"><small>(Donphan lost <abbr title="−39/340">11.5%</abbr> of its health!)</small><br></div><div class="spacer battle-history"><br></div><div class="battle-history">Donphan used <strong>Rapid Spin</strong>!<br></div><div class="battle-history"><small>(The opposing Hydreigon lost <abbr title="−25/325">7.7%</abbr> of its health!)</small><br></div><div class="battle-history"><small>The spikes disappeared from the ground around your team!</small><br></div><div class="battle-history"><small>The pointed stones disappeared from around your team!</small><br></div><div class="spacer battle-history"><br></div><div class="battle-history"><small>The opposing Hydreigon restored a little HP using its Leftovers!</small><br></div><div class="battle-history"><small>Donphan was hurt by poison!</small><br></div><div class="spacer battle-history"><br></div><h2 class="battle-history">Turn 18</h2><div class="spacer battle-history"><br></div><div class="battle-history">Donphan, come back!<br></div><div class="battle-history">Go! <strong>Whimsicott</strong>!<br></div><div class="spacer battle-history"><br></div><div class="battle-history">The opposing Hydreigon used <strong>Draco Meteor</strong>!<br></div><div class="battle-history"><small>It doesn't affect Whimsicott...</small><br></div><div class="spacer battle-history"><br></div><div class="battle-history"><small>The opposing Hydreigon restored a little HP using its Leftovers!</small><br></div><div class="spacer battle-history"><br></div><h2 class="battle-history">Turn 19</h2><div class="spacer battle-history"><br></div><div class="battle-history">Whimsicott used <strong>Encore</strong>!<br></div><div class="battle-history"><small>The opposing Hydreigon received an encore!</small><br></div><div class="spacer battle-history"><br></div><div class="battle-history">The opposing Hydreigon used <strong>Draco Meteor</strong>!<br></div><div class="battle-history"><small>It doesn't affect Whimsicott...</small><br></div><div class="spacer battle-history"><br></div><div class="battle-history"><small>The opposing Hydreigon restored a little HP using its Leftovers!</small><br></div><div class="spacer battle-history"><br></div><h2 class="battle-history">Turn 20</h2><div class="spacer battle-history"><br></div><div class="battle-history">leeleelalolu withdrew Hydreigon!<br></div><div class="battle-history">leeleelalolu sent out <strong>Yanmega</strong>!<br></div><div class="battle-history"><small>Pointed stones dug into the opposing Yanmega!</small><br></div><div class="spacer battle-history"><br></div><div class="battle-history">Whimsicott used <strong>Moonblast</strong>!<br></div><div class="battle-history"><small>(The opposing Yanmega lost <abbr title="−20/313">6.4%</abbr> of its health!)</small><br></div><div class="spacer battle-history"><br></div><div class="battle-history">The opposing Yanmega fainted!<br></div><div class="spacer battle-history"><br></div><div class="battle-history"><small>leeleelalolu forfeited.</small><br></div><div class="spacer battle-history"><br></div><div class="battle-history"><strong>Parnstar</strong> won the battle!<br></div><div class="chat"><small>leeleelalolu left.</small></div><div class="chat">Parnstar's rating: 1434 → <strong>1437</strong><br>(+3 for winning)</div><div class="chat">leeleelalolu's rating: 1000 → <strong>1000</strong><br>(+0 for losing)</div></div><div class="inner-preempt"></div></div></div>
</div>
<script>
let daily = Math.floor(Date.now()/1000/60/60/24);document.write('<script src="https://play.pokemonshowdown.com/js/replay-embed.js?version'+daily+'"></'+'script>');
</script>
