<!DOCTYPE html>
<meta charset="utf-8" />
<!-- version 1 -->
<title>UU replay: Mexyqshnr vs. JermaineLamarCole</title>
<style>
html,body {font-family:Verdana, sans-serif;font-size:10pt;margin:0;padding:0;}body{padding:12px 0;} .battle-log {font-family:Verdana, sans-serif;font-size:10pt;} .battle-log-inline {border:1px solid #AAAAAA;background:#EEF2F5;color:black;max-width:640px;margin:0 auto 80px;padding-bottom:5px;} .battle-log .inner {padding:4px 8px 0px 8px;} .battle-log .inner-preempt {padding:0 8px 4px 8px;} .battle-log .inner-after {margin-top:0.5em;} .battle-log h2 {margin:0.5em -8px;padding:4px 8px;border:1px solid #AAAAAA;background:#E0E7EA;border-left:0;border-right:0;font-family:Verdana, sans-serif;font-size:13pt;} .battle-log .chat {vertical-align:middle;padding:3px 0 3px 0;font-size:8pt;} .battle-log .chat strong {color:#40576A;} .battle-log .chat em {padding:1px 4px 1px 3px;color:#000000;font-style:normal;} .chat.mine {background:rgba(0,0,0,0.05);margin-left:-8px;margin-right:-8px;padding-left:8px;padding-right:8px;} .spoiler {color:#BBBBBB;background:#BBBBBB;padding:0px 3px;} .spoiler:hover, .spoiler:active, .spoiler-shown {color:#000000;background:#E2E2E2;padding:0px 3px;} .spoiler a {color:#BBBBBB;} .spoiler:hover a, .spoiler:active a, .spoiler-shown a {color:#2288CC;} .chat code, .chat .spoiler:hover code, .chat .spoiler:active code, .chat .spoiler-shown code {border:1px solid #C0C0C0;background:#EEEEEE;color:black;padding:0 2px;} .chat .spoiler code {border:1px solid #CCCCCC;background:#CCCCCC;color:#CCCCCC;} .battle-log .rated {padding:3px 4px;} .battle-log .rated strong {color:white;background:#89A;padding:1px 4px;border-radius:4px;} .spacer {margin-top:0.5em;} .message-announce {background:#6688AA;color:white;padding:1px 4px 2px;} .message-announce a, .broadcast-green a, .broadcast-blue a, .broadcast-red a {color:#DDEEFF;} .broadcast-green {background-color:#559955;color:white;padding:2px 4px;} .broadcast-blue {background-color:#6688AA;color:white;padding:2px 4px;} .infobox {border:1px solid #6688AA;padding:2px 4px;} .infobox-limited {max-height:200px;overflow:auto;overflow-x:hidden;} .broadcast-red {background-color:#AA5544;color:white;padding:2px 4px;} .message-learn-canlearn {font-weight:bold;color:#228822;text-decoration:underline;} .message-learn-cannotlearn {font-weight:bold;color:#CC2222;text-decoration:underline;} .message-effect-weak {font-weight:bold;color:#CC2222;} .message-effect-resist {font-weight:bold;color:#6688AA;} .message-effect-immune {font-weight:bold;color:#666666;} .message-learn-list {margin-top:0;margin-bottom:0;} .message-throttle-notice, .message-error {color:#992222;} .message-overflow, .chat small.message-overflow {font-size:0pt;} .message-overflow::before {font-size:9pt;content:'...';} .subtle {color:#3A4A66;}
</style>
<div class="wrapper replay-wrapper" style="max-width:1180px;margin:0 auto">
<input type="hidden" name="replayid" value="uu-536186298" />
<div class="battle"></div><div class="battle-log"></div><div class="replay-controls"></div><div class="replay-controls-2"></div>
<h1 style="font-weight:normal;text-align:center"><strong>UU</strong><br /><a href="http://pokemonshowdown.com/users/mexyqshnr" class="subtle" target="_blank">Mexyqshnr</a> vs. <a href="http://pokemonshowdown.com/users/jermainelamarcole" class="subtle" target="_blank">JermaineLamarCole</a></h1>
<script type="text/plain" class="battle-log-data">|j|Mexyqshnr
|j|JermaineLamarCole
|player|p1|Mexyqshnr|49
|player|p2|JermaineLamarCole|154
|gametype|singles
|gen|6
|tier|UU
|rated
|seed|19590,32426,7302,33745
|rule|Sleep Clause Mod: Limit one foe put to sleep
|rule|Species Clause: Limit one of each Pokémon
|rule|OHKO Clause: OHKO moves are banned
|rule|Moody Clause: Moody is banned
|rule|Evasion Moves Clause: Evasion moves are banned
|rule|Endless Battle Clause: Forcing endless battles is banned
|rule|HP Percentage Mod: HP is shown in percentages
|clearpoke
|poke|p1|Nidoking, M, shiny|item
|poke|p1|Ursaring, F|item
|poke|p1|Houndoom, M|item
|poke|p1|Aggron, F, shiny|item
|poke|p1|Gallade, M|item
|poke|p1|Braviary, M|item
|poke|p2|Kyurem|item
|poke|p2|Metagross|item
|poke|p2|Empoleon, M|item
|poke|p2|Mandibuzz, F|item
|poke|p2|Liepard, F|item
|poke|p2|Lucario, M|item
|rule|Swagger Clause: Swagger is banned
|rule|Baton Pass Clause: Limit one Baton Passer, can't pass Spe and other stats simultaneously
|teampreview
|choice|team 4, team 2, team 3, team 1, team 5, team 6|team 1, team 2, team 3, team 4, team 5, team 6
|
|start
|switch|p1a: Aggron|Aggron, F, shiny|340\/340
|switch|p2a: Kyurem|Kyurem|391\/391
|-ability|p2a: Kyurem|Pressure
|turn|1
|choice|move heavyslam mega|move earthpower
|
|detailschange|p1a: Aggron|Aggron-Mega, F, shiny
|-mega|p1a: Aggron|Aggron|Aggronite
|move|p2a: Kyurem|Earth Power|p1a: Aggron
|-supereffective|p1a: Aggron
|-damage|p1a: Aggron|136\/340
|-unboost|p1a: Aggron|spd|1
|move|p1a: Aggron|Heavy Slam|p2a: Kyurem
|-supereffective|p2a: Kyurem
|-damage|p2a: Kyurem|257\/391
|
|upkeep
|turn|2
|choice|move heavyslam|move earthpower
|
|move|p2a: Kyurem|Earth Power|p1a: Aggron
|-supereffective|p1a: Aggron
|-damage|p1a: Aggron|0 fnt
|faint|p1a: Aggron
|
|upkeep
|choice|switch 2|
|
|switch|p1a: Ursaring|Ursaring, F|321\/321
|turn|3
|choice|move protect|switch 4
|
|switch|p2a: Mandibuzz|Mandibuzz, F|423\/423
|move|p1a: Ursaring|Protect|p1a: Ursaring
|-fail|p1a: Ursaring
|
|-status|p1a: Ursaring|tox|[from] item: Toxic Orb
|upkeep
|turn|4
|choice|move facade|move foulplay
|
|move|p1a: Ursaring|Facade|p2a: Mandibuzz
|-damage|p2a: Mandibuzz|233\/423
|-damage|p1a: Ursaring|268\/321 tox|[from] item: Rocky Helmet|[of] p2a: Mandibuzz
|move|p2a: Mandibuzz|Foul Play|p1a: Ursaring
|-damage|p1a: Ursaring|54\/321 tox
|
|-damage|p1a: Ursaring|34\/321 tox|[from] psn
|upkeep
|turn|5
|choice|move facade|move uturn
|
|move|p1a: Ursaring|Facade|p2a: Mandibuzz
|-damage|p2a: Mandibuzz|55\/423
|-damage|p1a: Ursaring|0 fnt|[from] item: Rocky Helmet|[of] p2a: Mandibuzz
|faint|p1a: Ursaring
|move|p2a: Mandibuzz|U-turn|p1: Ursaring|[notarget]
|-notarget
|
|upkeep
|choice|switch 4|
|
|switch|p1a: Nidoking|Nidoking, M, shiny|303\/303
|turn|6
|choice|move icebeam|move foulplay
|
|move|p1a: Nidoking|Ice Beam|p2a: Mandibuzz
|-supereffective|p2a: Mandibuzz
|-damage|p2a: Mandibuzz|0 fnt
|faint|p2a: Mandibuzz
|
|upkeep
|choice||switch 4
|
|switch|p2a: Kyurem|Kyurem|257\/391
|-ability|p2a: Kyurem|Pressure
|turn|7
|choice|move focusblast|move dracometeor
|
|move|p2a: Kyurem|Draco Meteor|p1a: Nidoking
|-damage|p1a: Nidoking|0 fnt
|-unboost|p2a: Kyurem|spa|2
|faint|p1a: Nidoking
|
|upkeep
|choice|switch 5|
|
|switch|p1a: Gallade|Gallade, M|277\/277
|turn|8
|choice|move swordsdance|switch 2
|
|switch|p2a: Metagross|Metagross|361\/361
|move|p1a: Gallade|Swords Dance|p1a: Gallade
|-boost|p1a: Gallade|atk|2
|
|upkeep
|turn|9
|l|Mexyqshnr
|player|p1
|j|Mexyqshnr
|player|p1|Mexyqshnr|49
|choice|move knockoff|move bulletpunch
|
|move|p2a: Metagross|Bullet Punch|p1a: Gallade
|-damage|p1a: Gallade|214\/277
|move|p1a: Gallade|Knock Off|p2a: Metagross
|-supereffective|p2a: Metagross
|-damage|p2a: Metagross|43\/361
|-enditem|p2a: Metagross|Assault Vest|[from] move: Knock Off|[of] p1a: Gallade
|
|-heal|p1a: Gallade|231\/277|[from] item: Leftovers
|upkeep
|turn|10
|choice|move drainpunch|move explosion
|
|move|p1a: Gallade|Drain Punch|p2a: Metagross
|-damage|p2a: Metagross|0 fnt
|-heal|p1a: Gallade|253\/277|[from] drain|[of] p2a: Metagross
|faint|p2a: Metagross
|
|-heal|p1a: Gallade|270\/277|[from] item: Leftovers
|upkeep
|choice||switch 5
|
|switch|p2a: Liepard|Liepard, F|269\/269
|turn|11
|choice|move drainpunch|move foulplay
|
|move|p2a: Liepard|Foul Play|p1a: Gallade
|-damage|p1a: Gallade|15\/277
|-ability|p1a: Gallade|Justified|boost
|-boost|p1a: Gallade|atk|1
|move|p1a: Gallade|Drain Punch|p2a: Liepard
|-supereffective|p2a: Liepard
|-enditem|p2a: Liepard|Focus Sash
|-damage|p2a: Liepard|1\/269
|-heal|p1a: Gallade|149\/277|[from] drain|[of] p2a: Liepard
|
|-heal|p1a: Gallade|166\/277|[from] item: Leftovers
|upkeep
|turn|12
|choice|move drainpunch|move suckerpunch
|
|move|p2a: Liepard|Sucker Punch|p1a: Gallade
|-damage|p1a: Gallade|57\/277
|-ability|p1a: Gallade|Justified|boost
|-boost|p1a: Gallade|atk|1
|move|p1a: Gallade|Drain Punch|p2a: Liepard
|-supereffective|p2a: Liepard
|-damage|p2a: Liepard|0 fnt
|-heal|p1a: Gallade|58\/277|[from] drain|[of] p2a: Liepard
|faint|p2a: Liepard
|
|-heal|p1a: Gallade|75\/277|[from] item: Leftovers
|upkeep
|choice||switch 6
|
|switch|p2a: Lucario|Lucario, M|281\/281
|turn|13
|l|Mexyqshnr
|player|p1
|j|Mexyqshnr
|player|p1|Mexyqshnr|49
|choice|move drainpunch|switch 3
|
|switch|p2a: Empoleon|Empoleon, M|372\/372
|move|p1a: Gallade|Drain Punch|p2a: Empoleon
|-supereffective|p2a: Empoleon
|-damage|p2a: Empoleon|0 fnt
|-heal|p1a: Gallade|261\/277|[from] drain|[of] p2a: Empoleon
|faint|p2a: Empoleon
|
|-heal|p1a: Gallade|277\/277|[from] item: Leftovers
|upkeep
|choice||switch 2
|
|switch|p2a: Kyurem|Kyurem|257\/391
|-ability|p2a: Kyurem|Pressure
|turn|14
|choice|move drainpunch|move dracometeor
|
|move|p2a: Kyurem|Draco Meteor|p1a: Gallade
|-damage|p1a: Gallade|0 fnt
|-unboost|p2a: Kyurem|spa|2
|faint|p1a: Gallade
|
|upkeep
|choice|switch 3|
|
|switch|p1a: Houndoom|Houndoom, M|291\/291
|turn|15
|choice|move flamethrower|move dracometeor
|
|move|p2a: Kyurem|Draco Meteor|p1a: Houndoom
|-damage|p1a: Houndoom|161\/291
|-unboost|p2a: Kyurem|spa|2
|move|p1a: Houndoom|Flamethrower|p2a: Kyurem
|-damage|p2a: Kyurem|116\/391
|
|upkeep
|turn|16
|choice|move flamethrower|move dracometeor
|
|move|p2a: Kyurem|Draco Meteor|p1a: Houndoom
|-damage|p1a: Houndoom|67\/291
|-unboost|p2a: Kyurem|spa|2
|move|p1a: Houndoom|Flamethrower|p2a: Kyurem
|-damage|p2a: Kyurem|0 fnt
|faint|p2a: Kyurem
|
|upkeep
|choice||switch 3
|
|switch|p2a: Lucario|Lucario, M|281\/281
|turn|17
|choice|move flamethrower|move vacuumwave
|
|move|p2a: Lucario|Vacuum Wave|p1a: Houndoom
|-supereffective|p1a: Houndoom
|-damage|p1a: Houndoom|0 fnt
|-damage|p2a: Lucario|253\/281|[from] item: Life Orb
|faint|p1a: Houndoom
|
|upkeep
|choice|switch 6|
|
|switch|p1a: Braviary|Braviary, M|341\/341
|turn|18
|choice|move bravebird|move flashcannon
|
|move|p2a: Lucario|Flash Cannon|p1a: Braviary
|-damage|p1a: Braviary|168\/341
|-unboost|p1a: Braviary|spd|1
|-ability|p1a: Braviary|Defiant|boost
|-boost|p1a: Braviary|atk|2
|-damage|p2a: Lucario|225\/281|[from] item: Life Orb
|move|p1a: Braviary|Brave Bird|p2a: Lucario
|-damage|p2a: Lucario|0 fnt
|-damage|p1a: Braviary|94\/341|[from] recoil|[of] p2a: Lucario
|faint|p2a: Lucario
|
|win|Mexyqshnr
|player|p1
|player|p2
|raw|Mexyqshnr's rating: 1188 &rarr; <strong>1223<\/strong><br \/>(+35 for winning)
|raw|JermaineLamarCole's rating: 1343 &rarr; <strong>1314<\/strong><br \/>(-29 for losing)
|l|JermaineLamarCole</script>
</div>
<div class="battle-log battle-log-inline"><div class="inner"><div class="battle-options"></div><div class="inner"><div class="chat"><small>Mexyqshnr joined.</small></div><div class="chat"><small>JermaineLamarCole joined.</small></div><div class=""><small>Format:</small> <br><strong>UU</strong></div><div class="rated"><strong>Rated battle</strong></div><div class=""><small><em>Sleep Clause Mod:</em> Limit one foe put to sleep</small></div><div class=""><small><em>Species Clause:</em> Limit one of each Pokémon</small></div><div class=""><small><em>OHKO Clause:</em> OHKO moves are banned</small></div><div class=""><small><em>Moody Clause:</em> Moody is banned</small></div><div class=""><small><em>Evasion Moves Clause:</em> Evasion moves are banned</small></div><div class=""><small><em>Endless Battle Clause:</em> Forcing endless battles is banned</small></div><div class=""><small><em>HP Percentage Mod:</em> HP is shown in percentages</small></div><div class=""><small><em>Swagger Clause:</em> Swagger is banned</small></div><div class=""><small><em>Baton Pass Clause:</em> Limit one Baton Passer, can't pass Spe and other stats simultaneously</small></div><div class="chat battle-history"><strong>Mexyqshnr's team:</strong> <em style="color:#445566;display:block;">Nidoking / Ursaring / Houndoom / Aggron / Gallade / Braviary</em></div><div class="chat battle-history"><strong>JermaineLamarCole's team:</strong> <em style="color:#445566;display:block;">Kyurem / Metagross / Empoleon / Mandibuzz / Liepard / Lucario</em></div><div class="spacer battle-history"><br></div><div class="battle-history">Battle started between Mexyqshnr and JermaineLamarCole!<br></div><div class="spacer battle-history"><br></div><div class="battle-history">Go! <strong>Aggron</strong>!<br></div><div class="spacer battle-history"><br></div><div class="battle-history">JermaineLamarCole sent out <strong>Kyurem</strong>!<br></div><div class="battle-history"><small>[The opposing Kyurem's Pressure]</small><br><small>The opposing Kyurem is exerting its pressure!</small><br></div><div class="spacer battle-history"><br></div><h2 class="battle-history">Turn 1</h2><div class="spacer battle-history"><br></div><div class="battle-history"><small>Aggron's Aggronite is reacting to Mexyqshnr's Mega Bracelet!</small><br>Aggron has Mega Evolved into Mega Aggron!<br></div><div class="spacer battle-history"><br></div><div class="battle-history">The opposing Kyurem used <strong>Earth Power</strong>!<br></div><div class="battle-history"><small>It's super effective!</small><br></div><div class="battle-history"><small>(Aggron lost <abbr title="−204/340">60%</abbr> of its health!)</small><br></div><div class="battle-history"><small>Aggron's Special Defense fell!</small><br></div><div class="spacer battle-history"><br></div><div class="battle-history">Aggron used <strong>Heavy Slam</strong>!<br></div><div class="battle-history"><small>It's super effective!</small><br></div><div class="battle-history"><small>(The opposing Kyurem lost <abbr title="−134/391">34.3%</abbr> of its health!)</small><br></div><div class="spacer battle-history"><br></div><h2 class="battle-history">Turn 2</h2><div class="spacer battle-history"><br></div><div class="battle-history">The opposing Kyurem used <strong>Earth Power</strong>!<br></div><div class="battle-history"><small>It's super effective!</small><br></div><div class="battle-history"><small>(Aggron lost <abbr title="−136/340">40%</abbr> of its health!)</small><br></div><div class="spacer battle-history"><br></div><div class="battle-history">Aggron fainted!<br></div><div class="spacer battle-history"><br></div><div class="battle-history">Go! <strong>Ursaring</strong>!<br></div><div class="spacer battle-history"><br></div><h2 class="battle-history">Turn 3</h2><div class="spacer battle-history"><br></div><div class="battle-history">JermaineLamarCole withdrew Kyurem!<br></div><div class="battle-history">JermaineLamarCole sent out <strong>Mandibuzz</strong>!<br></div><div class="spacer battle-history"><br></div><div class="battle-history">Ursaring used <strong>Protect</strong>!<br></div><div class="battle-history"><small>But it failed!</small><br></div><div class="spacer battle-history"><br></div><div class="battle-history"><small>Ursaring was badly poisoned!</small><br></div><div class="spacer battle-history"><br></div><h2 class="battle-history">Turn 4</h2><div class="spacer battle-history"><br></div><div class="battle-history">Ursaring used <strong>Facade</strong>!<br></div><div class="battle-history"><small>(The opposing Mandibuzz lost <abbr title="−190/423">44.9%</abbr> of its health!)</small><br></div><div class="battle-history"><small>Ursaring was hurt by the Rocky Helmet!</small><br></div><div class="spacer battle-history"><br></div><div class="battle-history">The opposing Mandibuzz used <strong>Foul Play</strong>!<br></div><div class="battle-history"><small>(Ursaring lost <abbr title="−214/321">66.7%</abbr> of its health!)</small><br></div><div class="spacer battle-history"><br></div><div class="battle-history"><small>Ursaring was hurt by poison!</small><br></div><div class="spacer battle-history"><br></div><h2 class="battle-history">Turn 5</h2><div class="spacer battle-history"><br></div><div class="battle-history">Ursaring used <strong>Facade</strong>!<br></div><div class="battle-history"><small>(The opposing Mandibuzz lost <abbr title="−178/423">42.1%</abbr> of its health!)</small><br></div><div class="battle-history"><small>Ursaring was hurt by the Rocky Helmet!</small><br></div><div class="spacer battle-history"><br></div><div class="battle-history">Ursaring fainted!<br></div><div class="battle-history">The opposing Mandibuzz used <strong>U-turn</strong>!<br></div><div class="battle-history"><small>But there was no target...</small><br></div><div class="spacer battle-history"><br></div><div class="battle-history">Go! <strong>Nidoking</strong>!<br></div><div class="spacer battle-history"><br></div><h2 class="battle-history">Turn 6</h2><div class="spacer battle-history"><br></div><div class="battle-history">Nidoking used <strong>Ice Beam</strong>!<br></div><div class="battle-history"><small>It's super effective!</small><br></div><div class="battle-history"><small>(The opposing Mandibuzz lost <abbr title="−55/423">13.0%</abbr> of its health!)</small><br></div><div class="spacer battle-history"><br></div><div class="battle-history">The opposing Mandibuzz fainted!<br></div><div class="spacer battle-history"><br></div><div class="battle-history">JermaineLamarCole sent out <strong>Kyurem</strong>!<br></div><div class="battle-history"><small>[The opposing Kyurem's Pressure]</small><br><small>The opposing Kyurem is exerting its pressure!</small><br></div><div class="spacer battle-history"><br></div><h2 class="battle-history">Turn 7</h2><div class="spacer battle-history"><br></div><div class="battle-history">The opposing Kyurem used <strong>Draco Meteor</strong>!<br></div><div class="battle-history"><small>(Nidoking lost <abbr title="−303/303">100%</abbr> of its health!)</small><br></div><div class="battle-history"><small>The opposing Kyurem's Special Attack fell harshly!</small><br></div><div class="spacer battle-history"><br></div><div class="battle-history">Nidoking fainted!<br></div><div class="spacer battle-history"><br></div><div class="battle-history">Go! <strong>Gallade</strong>!<br></div><div class="spacer battle-history"><br></div><h2 class="battle-history">Turn 8</h2><div class="spacer battle-history"><br></div><div class="battle-history">JermaineLamarCole withdrew Kyurem!<br></div><div class="battle-history">JermaineLamarCole sent out <strong>Metagross</strong>!<br></div><div class="spacer battle-history"><br></div><div class="battle-history">Gallade used <strong>Swords Dance</strong>!<br></div><div class="battle-history"><small>Gallade's Attack rose sharply!</small><br></div><div class="spacer battle-history"><br></div><h2 class="battle-history">Turn 9</h2><div class="chat"><small>Mexyqshnr left.</small></div><div class="chat"><small>Mexyqshnr joined.</small></div><div class="spacer battle-history"><br></div><div class="battle-history">The opposing Metagross used <strong>Bullet Punch</strong>!<br></div><div class="battle-history"><small>(Gallade lost <abbr title="−63/277">22.7%</abbr> of its health!)</small><br></div><div class="spacer battle-history"><br></div><div class="battle-history">Gallade used <strong>Knock Off</strong>!<br></div><div class="battle-history"><small>It's super effective!</small><br></div><div class="battle-history"><small>(The opposing Metagross lost <abbr title="−318/361">88.1%</abbr> of its health!)</small><br></div><div class="battle-history"><small>Gallade knocked off the opposing Metagross's Assault Vest!</small><br></div><div class="spacer battle-history"><br></div><div class="battle-history"><small>Gallade restored a little HP using its Leftovers!</small><br></div><div class="spacer battle-history"><br></div><h2 class="battle-history">Turn 10</h2><div class="spacer battle-history"><br></div><div class="battle-history">Gallade used <strong>Drain Punch</strong>!<br></div><div class="battle-history"><small>(The opposing Metagross lost <abbr title="−43/361">11.9%</abbr> of its health!)</small><br></div><div class="battle-history"><small>The opposing Metagross had its energy drained!</small><br></div><div class="spacer battle-history"><br></div><div class="battle-history">The opposing Metagross fainted!<br></div><div class="spacer battle-history"><br></div><div class="battle-history"><small>Gallade restored a little HP using its Leftovers!</small><br></div><div class="spacer battle-history"><br></div><div class="battle-history">JermaineLamarCole sent out <strong>Liepard</strong>!<br></div><div class="spacer battle-history"><br></div><h2 class="battle-history">Turn 11</h2><div class="spacer battle-history"><br></div><div class="battle-history">The opposing Liepard used <strong>Foul Play</strong>!<br></div><div class="battle-history"><small>(Gallade lost <abbr title="−255/277">92.1%</abbr> of its health!)</small><br></div><div class="battle-history"><small>[Gallade's Justified]</small><br></div><div class="battle-history"><small>Gallade's Attack rose!</small><br></div><div class="spacer battle-history"><br></div><div class="battle-history">Gallade used <strong>Drain Punch</strong>!<br></div><div class="battle-history"><small>It's super effective!</small><br></div><div class="battle-history"><small>The opposing Liepard hung on using its Focus Sash!</small><br></div><div class="battle-history"><small>(The opposing Liepard lost <abbr title="−268/269">99.6%</abbr> of its health!)</small><br></div><div class="battle-history"><small>The opposing Liepard had its energy drained!</small><br></div><div class="spacer battle-history"><br></div><div class="battle-history"><small>Gallade restored a little HP using its Leftovers!</small><br></div><div class="spacer battle-history"><br></div><h2 class="battle-history">Turn 12</h2><div class="spacer battle-history"><br></div><div class="battle-history">The opposing Liepard used <strong>Sucker Punch</strong>!<br></div><div class="battle-history"><small>(Gallade lost <abbr title="−109/277">39.4%</abbr> of its health!)</small><br></div><div class="battle-history"><small>[Gallade's Justified]</small><br></div><div class="battle-history"><small>Gallade's Attack rose!</small><br></div><div class="spacer battle-history"><br></div><div class="battle-history">Gallade used <strong>Drain Punch</strong>!<br></div><div class="battle-history"><small>It's super effective!</small><br></div><div class="battle-history"><small>(The opposing Liepard lost <abbr title="−1/269">0.4%</abbr> of its health!)</small><br></div><div class="battle-history"><small>The opposing Liepard had its energy drained!</small><br></div><div class="spacer battle-history"><br></div><div class="battle-history">The opposing Liepard fainted!<br></div><div class="spacer battle-history"><br></div><div class="battle-history"><small>Gallade restored a little HP using its Leftovers!</small><br></div><div class="spacer battle-history"><br></div><div class="battle-history">JermaineLamarCole sent out <strong>Lucario</strong>!<br></div><div class="spacer battle-history"><br></div><h2 class="battle-history">Turn 13</h2><div class="chat"><small>Mexyqshnr left.</small></div><div class="chat"><small>Mexyqshnr joined.</small></div><div class="spacer battle-history"><br></div><div class="battle-history">JermaineLamarCole withdrew Lucario!<br></div><div class="battle-history">JermaineLamarCole sent out <strong>Empoleon</strong>!<br></div><div class="spacer battle-history"><br></div><div class="battle-history">Gallade used <strong>Drain Punch</strong>!<br></div><div class="battle-history"><small>It's super effective!</small><br></div><div class="battle-history"><small>(The opposing Empoleon lost <abbr title="−372/372">100%</abbr> of its health!)</small><br></div><div class="battle-history"><small>The opposing Empoleon had its energy drained!</small><br></div><div class="spacer battle-history"><br></div><div class="battle-history">The opposing Empoleon fainted!<br></div><div class="spacer battle-history"><br></div><div class="battle-history"><small>Gallade restored a little HP using its Leftovers!</small><br></div><div class="spacer battle-history"><br></div><div class="battle-history">JermaineLamarCole sent out <strong>Kyurem</strong>!<br></div><div class="battle-history"><small>[The opposing Kyurem's Pressure]</small><br><small>The opposing Kyurem is exerting its pressure!</small><br></div><div class="spacer battle-history"><br></div><h2 class="battle-history">Turn 14</h2><div class="spacer battle-history"><br></div><div class="battle-history">The opposing Kyurem used <strong>Draco Meteor</strong>!<br></div><div class="battle-history"><small>(Gallade lost <abbr title="−277/277">100%</abbr> of its health!)</small><br></div><div class="battle-history"><small>The opposing Kyurem's Special Attack fell harshly!</small><br></div><div class="spacer battle-history"><br></div><div class="battle-history">Gallade fainted!<br></div><div class="spacer battle-history"><br></div><div class="battle-history">Go! <strong>Houndoom</strong>!<br></div><div class="spacer battle-history"><br></div><h2 class="battle-history">Turn 15</h2><div class="spacer battle-history"><br></div><div class="battle-history">The opposing Kyurem used <strong>Draco Meteor</strong>!<br></div><div class="battle-history"><small>(Houndoom lost <abbr title="−130/291">44.7%</abbr> of its health!)</small><br></div><div class="battle-history"><small>The opposing Kyurem's Special Attack fell harshly!</small><br></div><div class="spacer battle-history"><br></div><div class="battle-history">Houndoom used <strong>Flamethrower</strong>!<br></div><div class="battle-history"><small>(The opposing Kyurem lost <abbr title="−141/391">36.1%</abbr> of its health!)</small><br></div><div class="spacer battle-history"><br></div><h2 class="battle-history">Turn 16</h2><div class="spacer battle-history"><br></div><div class="battle-history">The opposing Kyurem used <strong>Draco Meteor</strong>!<br></div><div class="battle-history"><small>(Houndoom lost <abbr title="−94/291">32.3%</abbr> of its health!)</small><br></div><div class="battle-history"><small>The opposing Kyurem's Special Attack fell harshly!</small><br></div><div class="spacer battle-history"><br></div><div class="battle-history">Houndoom used <strong>Flamethrower</strong>!<br></div><div class="battle-history"><small>(The opposing Kyurem lost <abbr title="−116/391">29.7%</abbr> of its health!)</small><br></div><div class="spacer battle-history"><br></div><div class="battle-history">The opposing Kyurem fainted!<br></div><div class="spacer battle-history"><br></div><div class="battle-history">JermaineLamarCole sent out <strong>Lucario</strong>!<br></div><div class="spacer battle-history"><br></div><h2 class="battle-history">Turn 17</h2><div class="spacer battle-history"><br></div><div class="battle-history">The opposing Lucario used <strong>Vacuum Wave</strong>!<br></div><div class="battle-history"><small>It's super effective!</small><br></div><div class="battle-history"><small>(Houndoom lost <abbr title="−67/291">23.0%</abbr> of its health!)</small><br></div><div class="battle-history"><small>The opposing Lucario lost some of its HP!</small><br></div><div class="spacer battle-history"><br></div><div class="battle-history">Houndoom fainted!<br></div><div class="spacer battle-history"><br></div><div class="battle-history">Go! <strong>Braviary</strong>!<br></div><div class="spacer battle-history"><br></div><h2 class="battle-history">Turn 18</h2><div class="spacer battle-history"><br></div><div class="battle-history">The opposing Lucario used <strong>Flash Cannon</strong>!<br></div><div class="battle-history"><small>(Braviary lost <abbr title="−173/341">50.7%</abbr> of its health!)</small><br></div><div class="battle-history"><small>Braviary's Special Defense fell!</small><br></div><div class="battle-history"><small>[Braviary's Defiant]</small><br></div><div class="battle-history"><small>Braviary's Attack rose sharply!</small><br></div><div class="battle-history"><small>The opposing Lucario lost some of its HP!</small><br></div><div class="spacer battle-history"><br></div><div class="battle-history">Braviary used <strong>Brave Bird</strong>!<br></div><div class="battle-history"><small>(The opposing Lucario lost <abbr title="−225/281">80.1%</abbr> of its health!)</small><br></div><div class="battle-history"><small>Braviary is damaged by the recoil!</small><br></div><div class="spacer battle-history"><br></div><div class="battle-history">The opposing Lucario fainted!<br></div><div class="spacer battle-history"><br></div><div class="battle-history"><strong>Mexyqshnr</strong> won the battle!<br></div><div class="chat">Mexyqshnr's rating: 1188 → <strong>1223</strong><br>(+35 for winning)</div><div class="chat">JermaineLamarCole's rating: 1343 → <strong>1314</strong><br>(-29 for losing)</div><div class="chat"><small>JermaineLamarCole left.</small></div></div><div class="inner-preempt"></div></div></div>
</div>
<script>
let daily = Math.floor(Date.now()/1000/60/60/24);document.write('<script src="https://play.pokemonshowdown.com/js/replay-embed.js?version'+daily+'"></'+'script>');
</script>
