<!DOCTYPE html>
<meta charset="utf-8" />
<!-- version 1 -->
<title>UU replay: Parnstar vs. Angelo01996</title>
<style>
html,body {font-family:Verdana, sans-serif;font-size:10pt;margin:0;padding:0;}body{padding:12px 0;} .battle-log {font-family:Verdana, sans-serif;font-size:10pt;} .battle-log-inline {border:1px solid #AAAAAA;background:#EEF2F5;color:black;max-width:640px;margin:0 auto 80px;padding-bottom:5px;} .battle-log .inner {padding:4px 8px 0px 8px;} .battle-log .inner-preempt {padding:0 8px 4px 8px;} .battle-log .inner-after {margin-top:0.5em;} .battle-log h2 {margin:0.5em -8px;padding:4px 8px;border:1px solid #AAAAAA;background:#E0E7EA;border-left:0;border-right:0;font-family:Verdana, sans-serif;font-size:13pt;} .battle-log .chat {vertical-align:middle;padding:3px 0 3px 0;font-size:8pt;} .battle-log .chat strong {color:#40576A;} .battle-log .chat em {padding:1px 4px 1px 3px;color:#000000;font-style:normal;} .chat.mine {background:rgba(0,0,0,0.05);margin-left:-8px;margin-right:-8px;padding-left:8px;padding-right:8px;} .spoiler {color:#BBBBBB;background:#BBBBBB;padding:0px 3px;} .spoiler:hover, .spoiler:active, .spoiler-shown {color:#000000;background:#E2E2E2;padding:0px 3px;} .spoiler a {color:#BBBBBB;} .spoiler:hover a, .spoiler:active a, .spoiler-shown a {color:#2288CC;} .chat code, .chat .spoiler:hover code, .chat .spoiler:active code, .chat .spoiler-shown code {border:1px solid #C0C0C0;background:#EEEEEE;color:black;padding:0 2px;} .chat .spoiler code {border:1px solid #CCCCCC;background:#CCCCCC;color:#CCCCCC;} .battle-log .rated {padding:3px 4px;} .battle-log .rated strong {color:white;background:#89A;padding:1px 4px;border-radius:4px;} .spacer {margin-top:0.5em;} .message-announce {background:#6688AA;color:white;padding:1px 4px 2px;} .message-announce a, .broadcast-green a, .broadcast-blue a, .broadcast-red a {color:#DDEEFF;} .broadcast-green {background-color:#559955;color:white;padding:2px 4px;} .broadcast-blue {background-color:#6688AA;color:white;padding:2px 4px;} .infobox {border:1px solid #6688AA;padding:2px 4px;} .infobox-limited {max-height:200px;overflow:auto;overflow-x:hidden;} .broadcast-red {background-color:#AA5544;color:white;padding:2px 4px;} .message-learn-canlearn {font-weight:bold;color:#228822;text-decoration:underline;} .message-learn-cannotlearn {font-weight:bold;color:#CC2222;text-decoration:underline;} .message-effect-weak {font-weight:bold;color:#CC2222;} .message-effect-resist {font-weight:bold;color:#6688AA;} .message-effect-immune {font-weight:bold;color:#666666;} .message-learn-list {margin-top:0;margin-bottom:0;} .message-throttle-notice, .message-error {color:#992222;} .message-overflow, .chat small.message-overflow {font-size:0pt;} .message-overflow::before {font-size:9pt;content:'...';} .subtle {color:#3A4A66;}
</style>
<div class="wrapper replay-wrapper" style="max-width:1180px;margin:0 auto">
<input type="hidden" name="replayid" value="uu-581922803" />
<div class="battle"></div><div class="battle-log"></div><div class="replay-controls"></div><div class="replay-controls-2"></div>
<h1 style="font-weight:normal;text-align:center"><strong>UU</strong><br /><a href="http://pokemonshowdown.com/users/parnstar" class="subtle" target="_blank">Parnstar</a> vs. <a href="http://pokemonshowdown.com/users/angelo01996" class="subtle" target="_blank">Angelo01996</a></h1>
<script type="text/plain" class="battle-log-data">|j|Parnstar
|j|Angelo01996
|player|p1|Parnstar|21
|teamsize|p1|6
|player|p2|Angelo01996|238
|teamsize|p2|6
|gametype|singles
|gen|6
|tier|UU
|rated
|seed|29197,10352,51651,15417
|rule|Sleep Clause Mod: Limit one foe put to sleep
|rule|Species Clause: Limit one of each Pokémon
|rule|OHKO Clause: OHKO moves are banned
|rule|Moody Clause: Moody is banned
|rule|Evasion Moves Clause: Evasion moves are banned
|rule|Endless Battle Clause: Forcing endless battles is banned
|rule|HP Percentage Mod: HP is shown in percentages
|clearpoke
|poke|p1|Crawdaunt, M|item
|poke|p1|Mamoswine, F|item
|poke|p1|Whimsicott, M|item
|poke|p1|Heliolisk, M|item
|poke|p1|Toxicroak, F|item
|poke|p1|Donphan, F|item
|poke|p2|Scrafty, M|item
|poke|p2|Beedrill, F|item
|poke|p2|Vaporeon, M|item
|poke|p2|Arcanine, M|item
|poke|p2|Espeon, F|item
|poke|p2|Galvantula, F, shiny|item
|rule|Swagger Clause: Swagger is banned
|rule|Baton Pass Clause: Limit one Baton Passer, can't pass Spe and other stats simultaneously
|teampreview
|choice|team 1, team 2, team 3, team 4, team 5, team 6|team 6, team 2, team 3, team 4, team 5, team 1
|
|start
|switch|p1a: nipple pinchy|Crawdaunt, M|267\/267
|switch|p2a: Galvantula|Galvantula, F, shiny|282\/282
|turn|1
|choice|move knockoff|move stickyweb
|
|move|p2a: Galvantula|Sticky Web|p1a: nipple pinchy
|-sidestart|p1: Parnstar|move: Sticky Web
|move|p1a: nipple pinchy|Knock Off|p2a: Galvantula
|-enditem|p2a: Galvantula|Focus Sash
|-damage|p2a: Galvantula|1\/282
|
|upkeep
|turn|2
|choice|move aquajet|move thunder
|
|move|p1a: nipple pinchy|Aqua Jet|p2a: Galvantula
|-damage|p2a: Galvantula|0 fnt
|faint|p2a: Galvantula
|
|upkeep
|choice||switch 4
|
|switch|p2a: Arcanine|Arcanine, M|384\/384
|-ability|p2a: Arcanine|Intimidate|boost
|-unboost|p1a: nipple pinchy|atk|1
|turn|3
|choice|move dragondance|move willowisp
|
|move|p2a: Arcanine|Will-O-Wisp|p1a: nipple pinchy
|-status|p1a: nipple pinchy|brn
|move|p1a: nipple pinchy|Dragon Dance|p1a: nipple pinchy
|-boost|p1a: nipple pinchy|atk|1
|-boost|p1a: nipple pinchy|spe|1
|
|-damage|p1a: nipple pinchy|234\/267 brn|[from] brn
|upkeep
|turn|4
|choice|move waterfall|move sunnyday
|
|move|p1a: nipple pinchy|Waterfall|p2a: Arcanine
|-supereffective|p2a: Arcanine
|-damage|p2a: Arcanine|214\/384
|-damage|p1a: nipple pinchy|190\/267 brn|[from] item: Rocky Helmet|[of] p2a: Arcanine
|move|p2a: Arcanine|Sunny Day|p2a: Arcanine
|-weather|SunnyDay
|
|-weather|SunnyDay|[upkeep]
|-damage|p1a: nipple pinchy|157\/267 brn|[from] brn
|upkeep
|turn|5
|choice|move dragondance|move solarbeam
|
|move|p1a: nipple pinchy|Dragon Dance|p1a: nipple pinchy
|-boost|p1a: nipple pinchy|atk|1
|-boost|p1a: nipple pinchy|spe|1
|move|p2a: Arcanine|Solar Beam|p1a: nipple pinchy|[still]
|-prepare|p2a: Arcanine|Solar Beam|p1a: nipple pinchy
|-anim|p2a: Arcanine|Solar Beam|p1a: nipple pinchy
|-supereffective|p1a: nipple pinchy
|-damage|p1a: nipple pinchy|0 fnt
|faint|p1a: nipple pinchy
|
|-weather|SunnyDay|[upkeep]
|upkeep
|choice|switch 6|
|
|switch|p1a: the janitor|Donphan, F|345\/345
|-activate|p1a: the janitor|move: Sticky Web
|-unboost|p1a: the janitor|spe|1
|turn|6
|choice|move earthquake|move solarbeam
|
|move|p2a: Arcanine|Solar Beam|p1a: the janitor|[still]
|-prepare|p2a: Arcanine|Solar Beam|p1a: the janitor
|-anim|p2a: Arcanine|Solar Beam|p1a: the janitor
|-supereffective|p1a: the janitor
|-damage|p1a: the janitor|35\/345
|move|p1a: the janitor|Earthquake|p2a: Arcanine
|-supereffective|p2a: Arcanine
|-damage|p2a: Arcanine|0 fnt
|faint|p2a: Arcanine
|
|-weather|SunnyDay|[upkeep]
|upkeep
|choice||switch 6
|
|switch|p2a: Scrafty|Scrafty, M|272\/272
|turn|7
|choice|move rapidspin|move dragondance
|-enditem|p1a: the janitor|Custap Berry|[eat]
|-activate|p1a: the janitor|item: Custap Berry
|
|move|p1a: the janitor|Rapid Spin|p2a: Scrafty
|-damage|p2a: Scrafty|250\/272
|-sideend|p1: Parnstar|stickyweb|[from] move: Rapid Spin|[of] p1a: the janitor
|move|p2a: Scrafty|Dragon Dance|p2a: Scrafty
|-boost|p2a: Scrafty|atk|1
|-boost|p2a: Scrafty|spe|1
|
|-weather|SunnyDay|[upkeep]
|-heal|p2a: Scrafty|267\/272|[from] item: Leftovers
|upkeep
|turn|8
|choice|move roar|move icepunch
|
|move|p2a: Scrafty|Ice Punch|p1a: the janitor
|-supereffective|p1a: the janitor
|-damage|p1a: the janitor|0 fnt
|faint|p1a: the janitor
|-ability|p2a: Scrafty|Moxie|boost
|-boost|p2a: Scrafty|atk|1
|
|-weather|none
|-heal|p2a: Scrafty|272\/272|[from] item: Leftovers
|upkeep
|choice|switch 2|
|
|switch|p1a: dragon slayer|Mamoswine, F|361\/361
|turn|9
|choice|move endeavor|move drainpunch
|
|move|p2a: Scrafty|Drain Punch|p1a: dragon slayer
|-supereffective|p1a: dragon slayer
|-enditem|p1a: dragon slayer|Focus Sash
|-damage|p1a: dragon slayer|1\/361
|move|p1a: dragon slayer|Endeavor|p2a: Scrafty
|-damage|p2a: Scrafty|1\/272
|
|-heal|p2a: Scrafty|18\/272|[from] item: Leftovers
|upkeep
|turn|10
|choice|move iceshard|move drainpunch
|
|move|p1a: dragon slayer|Ice Shard|p2a: Scrafty
|-damage|p2a: Scrafty|0 fnt
|faint|p2a: Scrafty
|
|upkeep
|choice||switch 2
|
|switch|p2a: Beedrill|Beedrill, F|272\/272
|turn|11
|choice|move iceshard|move protect mega
|
|detailschange|p2a: Beedrill|Beedrill-Mega, F
|-mega|p2a: Beedrill|Beedrill|Beedrillite
|move|p2a: Beedrill|Protect|p2a: Beedrill
|-singleturn|p2a: Beedrill|Protect
|move|p1a: dragon slayer|Ice Shard|p2a: Beedrill
|-activate|p2a: Beedrill|move: Protect
|
|upkeep
|turn|12
|choice|move iceshard|move uturn
|
|move|p1a: dragon slayer|Ice Shard|p2a: Beedrill
|-damage|p2a: Beedrill|113\/272
|move|p2a: Beedrill|U-turn|p1a: dragon slayer
|-damage|p1a: dragon slayer|0 fnt
|faint|p1a: dragon slayer
|choice||switch 5
|
|switch|p2a: Espeon|Espeon, F|272\/272
|
|upkeep
|choice|switch 4|
|
|switch|p1a: ima lizzare|Heliolisk, M|265\/265
|-item|p1a: ima lizzare|Air Balloon
|turn|13
|choice|move hypervoice|move psyshock
|
|move|p2a: Espeon|Psyshock|p1a: ima lizzare
|-damage|p1a: ima lizzare|0 fnt
|-enditem|p1a: ima lizzare|Air Balloon
|faint|p1a: ima lizzare
|
|upkeep
|choice|switch 5|
|
|switch|p1a: arse gaper|Toxicroak, F|307\/307
|turn|14
|choice|move suckerpunch|move psyshock
|
|move|p1a: arse gaper|Sucker Punch|p2a: Espeon
|-supereffective|p2a: Espeon
|-damage|p2a: Espeon|0 fnt
|-damage|p1a: arse gaper|277\/307|[from] item: Life Orb
|faint|p2a: Espeon
|
|upkeep
|choice||switch 5
|
|switch|p2a: Beedrill|Beedrill-Mega, F|113\/272
|turn|15
|choice|move suckerpunch|move toxicspikes
|
|move|p1a: arse gaper|Sucker Punch|p2a: Beedrill|[still]
|-fail|p1a: arse gaper
|move|p2a: Beedrill|Toxic Spikes|p1a: arse gaper
|-sidestart|p1: Parnstar|move: Toxic Spikes
|
|upkeep
|turn|16
|choice|move suckerpunch|move protect
|
|move|p2a: Beedrill|Protect|p2a: Beedrill
|-singleturn|p2a: Beedrill|Protect
|move|p1a: arse gaper|Sucker Punch|p2a: Beedrill|[still]
|-fail|p1a: arse gaper
|
|upkeep
|turn|17
|choice|move suckerpunch|move uturn
|
|move|p1a: arse gaper|Sucker Punch|p2a: Beedrill
|-damage|p2a: Beedrill|0 fnt
|-damage|p1a: arse gaper|247\/307|[from] item: Life Orb
|faint|p2a: Beedrill
|
|upkeep
|choice||switch 3
|
|switch|p2a: Vaporeon|Vaporeon, M|464\/464
|turn|18
|choice|move gunkshot|move scald
|
|move|p1a: arse gaper|Gunk Shot|p2a: Vaporeon|[miss]
|-miss|p1a: arse gaper|p2a: Vaporeon
|move|p2a: Vaporeon|Scald|p1a: arse gaper
|-heal|p1a: arse gaper|307\/307|[from] ability: Dry Skin|[of] p2a: Vaporeon
|
|upkeep
|turn|19
|-message|Angelo01996 forfeited.
|
|win|Parnstar
|l|Angelo01996</script>
</div>
<div class="battle-log battle-log-inline"><div class="inner"><div class="battle-options"></div><div class="inner"><div class="chat"><small>Parnstar joined.</small></div><div class="chat"><small>Angelo01996 joined.</small></div><div class=""><small>Format:</small> <br><strong>UU</strong></div><div class="rated"><strong>Rated battle</strong></div><div class=""><small><em>Sleep Clause Mod:</em> Limit one foe put to sleep</small></div><div class=""><small><em>Species Clause:</em> Limit one of each Pokémon</small></div><div class=""><small><em>OHKO Clause:</em> OHKO moves are banned</small></div><div class=""><small><em>Moody Clause:</em> Moody is banned</small></div><div class=""><small><em>Evasion Moves Clause:</em> Evasion moves are banned</small></div><div class=""><small><em>Endless Battle Clause:</em> Forcing endless battles is banned</small></div><div class=""><small><em>HP Percentage Mod:</em> HP is shown in percentages</small></div><div class=""><small><em>Swagger Clause:</em> Swagger is banned</small></div><div class=""><small><em>Baton Pass Clause:</em> Limit one Baton Passer, can't pass Spe and other stats simultaneously</small></div><div class="chat battle-history"><strong>Parnstar's team:</strong> <em style="color:#445566;display:block;">Crawdaunt / Mamoswine / Whimsicott / Heliolisk / Toxicroak / Donphan</em></div><div class="chat battle-history"><strong>Angelo01996's team:</strong> <em style="color:#445566;display:block;">Scrafty / Beedrill / Vaporeon / Arcanine / Espeon / Galvantula</em></div><div class="spacer battle-history"><br></div><div class="battle-history">Battle started between Parnstar and Angelo01996!<br></div><div class="spacer battle-history"><br></div><div class="battle-history">Go! nipple pinchy (<strong>Crawdaunt</strong>)!<br></div><div class="spacer battle-history"><br></div><div class="battle-history">Angelo01996 sent out <strong>Galvantula</strong>!<br></div><div class="spacer battle-history"><br></div><h2 class="battle-history">Turn 1</h2><div class="spacer battle-history"><br></div><div class="battle-history">The opposing Galvantula used <strong>Sticky Web</strong>!<br></div><div class="battle-history"><small>A sticky web spreads out on the ground around your team!</small><br></div><div class="spacer battle-history"><br></div><div class="battle-history">nipple pinchy used <strong>Knock Off</strong>!<br></div><div class="battle-history"><small>The opposing Galvantula hung on using its Focus Sash!</small><br></div><div class="battle-history"><small>(The opposing Galvantula lost <abbr title="−281/282">99.6%</abbr> of its health!)</small><br></div><div class="spacer battle-history"><br></div><h2 class="battle-history">Turn 2</h2><div class="spacer battle-history"><br></div><div class="battle-history">nipple pinchy used <strong>Aqua Jet</strong>!<br></div><div class="battle-history"><small>(The opposing Galvantula lost <abbr title="−1/282">0.4%</abbr> of its health!)</small><br></div><div class="spacer battle-history"><br></div><div class="battle-history">The opposing Galvantula fainted!<br></div><div class="spacer battle-history"><br></div><div class="battle-history">Angelo01996 sent out <strong>Arcanine</strong>!<br></div><div class="battle-history"><small>[The opposing Arcanine's Intimidate]</small><br></div><div class="battle-history"><small>nipple pinchy's Attack fell!</small><br></div><div class="spacer battle-history"><br></div><h2 class="battle-history">Turn 3</h2><div class="spacer battle-history"><br></div><div class="battle-history">The opposing Arcanine used <strong>Will-O-Wisp</strong>!<br></div><div class="battle-history"><small>nipple pinchy was burned!</small><br></div><div class="spacer battle-history"><br></div><div class="battle-history">nipple pinchy used <strong>Dragon Dance</strong>!<br></div><div class="battle-history"><small>nipple pinchy's Attack rose!</small><br></div><div class="battle-history"><small>nipple pinchy's Speed rose!</small><br></div><div class="spacer battle-history"><br></div><div class="battle-history"><small>nipple pinchy was hurt by its burn!</small><br></div><div class="spacer battle-history"><br></div><h2 class="battle-history">Turn 4</h2><div class="spacer battle-history"><br></div><div class="battle-history">nipple pinchy used <strong>Waterfall</strong>!<br></div><div class="battle-history"><small>It's super effective!</small><br></div><div class="battle-history"><small>(The opposing Arcanine lost <abbr title="−170/384">44.3%</abbr> of its health!)</small><br></div><div class="battle-history"><small>nipple pinchy was hurt by the Rocky Helmet!</small><br></div><div class="spacer battle-history"><br></div><div class="battle-history">The opposing Arcanine used <strong>Sunny Day</strong>!<br></div><div class="battle-history"><small>The sunlight turned harsh!</small><br></div><div class="spacer battle-history"><br></div><div class="battle-history"><small>(The sunlight is strong!)</small><br></div><div class="battle-history"><small>nipple pinchy was hurt by its burn!</small><br></div><div class="spacer battle-history"><br></div><h2 class="battle-history">Turn 5</h2><div class="spacer battle-history"><br></div><div class="battle-history">nipple pinchy used <strong>Dragon Dance</strong>!<br></div><div class="battle-history"><small>nipple pinchy's Attack rose!</small><br></div><div class="battle-history"><small>nipple pinchy's Speed rose!</small><br></div><div class="spacer battle-history"><br></div><div class="battle-history">The opposing Arcanine used <strong>Solar Beam</strong>!<br></div><div class="battle-history"><small>The opposing Arcanine absorbed light!</small><br></div><div class="battle-history"><small>It's super effective!</small><br></div><div class="battle-history"><small>(nipple pinchy lost <abbr title="−157/267">58.8%</abbr> of its health!)</small><br></div><div class="spacer battle-history"><br></div><div class="battle-history">nipple pinchy fainted!<br></div><div class="spacer battle-history"><br></div><div class="battle-history"><small>(The sunlight is strong!)</small><br></div><div class="spacer battle-history"><br></div><div class="battle-history">Go! the janitor (<strong>Donphan</strong>)!<br></div><div class="battle-history"><small>the janitor was caught in a sticky web!</small><br></div><div class="battle-history"><small>the janitor's Speed fell!</small><br></div><div class="spacer battle-history"><br></div><h2 class="battle-history">Turn 6</h2><div class="spacer battle-history"><br></div><div class="battle-history">The opposing Arcanine used <strong>Solar Beam</strong>!<br></div><div class="battle-history"><small>The opposing Arcanine absorbed light!</small><br></div><div class="battle-history"><small>It's super effective!</small><br></div><div class="battle-history"><small>(the janitor lost <abbr title="−310/345">89.9%</abbr> of its health!)</small><br></div><div class="spacer battle-history"><br></div><div class="battle-history">the janitor used <strong>Earthquake</strong>!<br></div><div class="battle-history"><small>It's super effective!</small><br></div><div class="battle-history"><small>(The opposing Arcanine lost <abbr title="−214/384">55.7%</abbr> of its health!)</small><br></div><div class="spacer battle-history"><br></div><div class="battle-history">The opposing Arcanine fainted!<br></div><div class="spacer battle-history"><br></div><div class="battle-history"><small>(The sunlight is strong!)</small><br></div><div class="spacer battle-history"><br></div><div class="battle-history">Angelo01996 sent out <strong>Scrafty</strong>!<br></div><div class="spacer battle-history"><br></div><h2 class="battle-history">Turn 7</h2><div class="spacer battle-history"><br></div><div class="battle-history"><small>the janitor ate its Custap Berry!</small><br></div><div class="battle-history"><small>the janitor's Custap Berry let it move first!</small><br></div><div class="spacer battle-history"><br></div><div class="battle-history">the janitor used <strong>Rapid Spin</strong>!<br></div><div class="battle-history"><small>(The opposing Scrafty lost <abbr title="−22/272">8.1%</abbr> of its health!)</small><br></div><div class="battle-history"><small>The sticky web has disappeared from the ground around your team!</small><br></div><div class="spacer battle-history"><br></div><div class="battle-history">The opposing Scrafty used <strong>Dragon Dance</strong>!<br></div><div class="battle-history"><small>The opposing Scrafty's Attack rose!</small><br></div><div class="battle-history"><small>The opposing Scrafty's Speed rose!</small><br></div><div class="spacer battle-history"><br></div><div class="battle-history"><small>(The sunlight is strong!)</small><br></div><div class="battle-history"><small>The opposing Scrafty restored a little HP using its Leftovers!</small><br></div><div class="spacer battle-history"><br></div><h2 class="battle-history">Turn 8</h2><div class="spacer battle-history"><br></div><div class="battle-history">The opposing Scrafty used <strong>Ice Punch</strong>!<br></div><div class="battle-history"><small>It's super effective!</small><br></div><div class="battle-history"><small>(the janitor lost <abbr title="−35/345">10.1%</abbr> of its health!)</small><br></div><div class="spacer battle-history"><br></div><div class="battle-history">the janitor fainted!<br></div><div class="battle-history"><small>[The opposing Scrafty's Moxie]</small><br></div><div class="battle-history"><small>The opposing Scrafty's Attack rose!</small><br></div><div class="spacer battle-history"><br></div><div class="battle-history"><small>The sunlight faded.</small><br></div><div class="battle-history"><small>The opposing Scrafty restored a little HP using its Leftovers!</small><br></div><div class="spacer battle-history"><br></div><div class="battle-history">Go! dragon slayer (<strong>Mamoswine</strong>)!<br></div><div class="spacer battle-history"><br></div><h2 class="battle-history">Turn 9</h2><div class="spacer battle-history"><br></div><div class="battle-history">The opposing Scrafty used <strong>Drain Punch</strong>!<br></div><div class="battle-history"><small>It's super effective!</small><br></div><div class="battle-history"><small>dragon slayer hung on using its Focus Sash!</small><br></div><div class="battle-history"><small>(dragon slayer lost <abbr title="−360/361">99.7%</abbr> of its health!)</small><br></div><div class="spacer battle-history"><br></div><div class="battle-history">dragon slayer used <strong>Endeavor</strong>!<br></div><div class="battle-history"><small>(The opposing Scrafty lost <abbr title="−271/272">99.6%</abbr> of its health!)</small><br></div><div class="spacer battle-history"><br></div><div class="battle-history"><small>The opposing Scrafty restored a little HP using its Leftovers!</small><br></div><div class="spacer battle-history"><br></div><h2 class="battle-history">Turn 10</h2><div class="spacer battle-history"><br></div><div class="battle-history">dragon slayer used <strong>Ice Shard</strong>!<br></div><div class="battle-history"><small>(The opposing Scrafty lost <abbr title="−18/272">6.6%</abbr> of its health!)</small><br></div><div class="spacer battle-history"><br></div><div class="battle-history">The opposing Scrafty fainted!<br></div><div class="spacer battle-history"><br></div><div class="battle-history">Angelo01996 sent out <strong>Beedrill</strong>!<br></div><div class="spacer battle-history"><br></div><h2 class="battle-history">Turn 11</h2><div class="spacer battle-history"><br></div><div class="battle-history"><small>The opposing Beedrill's Beedrillite is reacting to Angelo01996's Mega Bracelet!</small><br>The opposing Beedrill has Mega Evolved into Mega Beedrill!<br></div><div class="spacer battle-history"><br></div><div class="battle-history">The opposing Beedrill used <strong>Protect</strong>!<br></div><div class="battle-history"><small>The opposing Beedrill protected itself!</small><br></div><div class="spacer battle-history"><br></div><div class="battle-history">dragon slayer used <strong>Ice Shard</strong>!<br></div><div class="battle-history"><small>The opposing Beedrill protected itself!</small><br></div><div class="spacer battle-history"><br></div><h2 class="battle-history">Turn 12</h2><div class="spacer battle-history"><br></div><div class="battle-history">dragon slayer used <strong>Ice Shard</strong>!<br></div><div class="battle-history"><small>(The opposing Beedrill lost <abbr title="−159/272">58.5%</abbr> of its health!)</small><br></div><div class="spacer battle-history"><br></div><div class="battle-history">The opposing Beedrill used <strong>U-turn</strong>!<br></div><div class="battle-history"><small>(dragon slayer lost <abbr title="−1/361">0.3%</abbr> of its health!)</small><br></div><div class="spacer battle-history"><br></div><div class="battle-history">dragon slayer fainted!<br></div><div class="spacer battle-history"><br></div><div class="battle-history">The opposing Beedrill went back to Angelo01996!<br></div><div class="battle-history">Angelo01996 sent out <strong>Espeon</strong>!<br></div><div class="spacer battle-history"><br></div><div class="battle-history">Go! ima lizzare (<strong>Heliolisk</strong>)!<br></div><div class="battle-history"><small>ima lizzare floats in the air with its Air Balloon!</small><br></div><div class="spacer battle-history"><br></div><h2 class="battle-history">Turn 13</h2><div class="spacer battle-history"><br></div><div class="battle-history">The opposing Espeon used <strong>Psyshock</strong>!<br></div><div class="battle-history"><small>(ima lizzare lost <abbr title="−265/265">100%</abbr> of its health!)</small><br></div><div class="battle-history"><small>ima lizzare's Air Balloon popped!</small><br></div><div class="spacer battle-history"><br></div><div class="battle-history">ima lizzare fainted!<br></div><div class="spacer battle-history"><br></div><div class="battle-history">Go! arse gaper (<strong>Toxicroak</strong>)!<br></div><div class="spacer battle-history"><br></div><h2 class="battle-history">Turn 14</h2><div class="spacer battle-history"><br></div><div class="battle-history">arse gaper used <strong>Sucker Punch</strong>!<br></div><div class="battle-history"><small>It's super effective!</small><br></div><div class="battle-history"><small>(The opposing Espeon lost <abbr title="−272/272">100%</abbr> of its health!)</small><br></div><div class="battle-history"><small>arse gaper lost some of its HP!</small><br></div><div class="spacer battle-history"><br></div><div class="battle-history">The opposing Espeon fainted!<br></div><div class="spacer battle-history"><br></div><div class="battle-history">Angelo01996 sent out Beedrill (<strong>Beedrill-Mega</strong>)!<br></div><div class="spacer battle-history"><br></div><h2 class="battle-history">Turn 15</h2><div class="spacer battle-history"><br></div><div class="battle-history">arse gaper used <strong>Sucker Punch</strong>!<br></div><div class="battle-history"><small>But it failed!</small><br></div><div class="spacer battle-history"><br></div><div class="battle-history">The opposing Beedrill used <strong>Toxic Spikes</strong>!<br></div><div class="battle-history"><small>Poison spikes were scattered on the ground all around your team!</small><br></div><div class="spacer battle-history"><br></div><h2 class="battle-history">Turn 16</h2><div class="spacer battle-history"><br></div><div class="battle-history">The opposing Beedrill used <strong>Protect</strong>!<br></div><div class="battle-history"><small>The opposing Beedrill protected itself!</small><br></div><div class="spacer battle-history"><br></div><div class="battle-history">arse gaper used <strong>Sucker Punch</strong>!<br></div><div class="battle-history"><small>But it failed!</small><br></div><div class="spacer battle-history"><br></div><h2 class="battle-history">Turn 17</h2><div class="spacer battle-history"><br></div><div class="battle-history">arse gaper used <strong>Sucker Punch</strong>!<br></div><div class="battle-history"><small>(The opposing Beedrill lost <abbr title="−113/272">41.5%</abbr> of its health!)</small><br></div><div class="battle-history"><small>arse gaper lost some of its HP!</small><br></div><div class="spacer battle-history"><br></div><div class="battle-history">The opposing Beedrill fainted!<br></div><div class="spacer battle-history"><br></div><div class="battle-history">Angelo01996 sent out <strong>Vaporeon</strong>!<br></div><div class="spacer battle-history"><br></div><h2 class="battle-history">Turn 18</h2><div class="spacer battle-history"><br></div><div class="battle-history">arse gaper used <strong>Gunk Shot</strong>!<br></div><div class="battle-history"><small>The opposing Vaporeon avoided the attack!</small><br></div><div class="spacer battle-history"><br></div><div class="battle-history">The opposing Vaporeon used <strong>Scald</strong>!<br></div><div class="battle-history"><small>[arse gaper's Dry Skin]</small><br><small>arse gaper restored its HP.</small><br></div><div class="spacer battle-history"><br></div><h2 class="battle-history">Turn 19</h2><div class="spacer battle-history"><br></div><div class="battle-history"><small>Angelo01996 forfeited.</small><br></div><div class="spacer battle-history"><br></div><div class="battle-history"><strong>Parnstar</strong> won the battle!<br></div><div class="chat"><small>Angelo01996 left.</small></div></div><div class="inner-preempt"></div></div></div>
</div>
<script>
let daily = Math.floor(Date.now()/1000/60/60/24);document.write('<script src="https://play.pokemonshowdown.com/js/replay-embed.js?version'+daily+'"></'+'script>');
</script>
