<!DOCTYPE html>
<meta charset="utf-8" />
<!-- version 1 -->
<title>UU replay: tfw bleve vs. Baylss</title>
<style>
html,body {font-family:Verdana, sans-serif;font-size:10pt;margin:0;padding:0;}body{padding:12px 0;} .battle-log {font-family:Verdana, sans-serif;font-size:10pt;} .battle-log-inline {border:1px solid #AAAAAA;background:#EEF2F5;color:black;max-width:640px;margin:0 auto 80px;padding-bottom:5px;} .battle-log .inner {padding:4px 8px 0px 8px;} .battle-log .inner-preempt {padding:0 8px 4px 8px;} .battle-log .inner-after {margin-top:0.5em;} .battle-log h2 {margin:0.5em -8px;padding:4px 8px;border:1px solid #AAAAAA;background:#E0E7EA;border-left:0;border-right:0;font-family:Verdana, sans-serif;font-size:13pt;} .battle-log .chat {vertical-align:middle;padding:3px 0 3px 0;font-size:8pt;} .battle-log .chat strong {color:#40576A;} .battle-log .chat em {padding:1px 4px 1px 3px;color:#000000;font-style:normal;} .chat.mine {background:rgba(0,0,0,0.05);margin-left:-8px;margin-right:-8px;padding-left:8px;padding-right:8px;} .spoiler {color:#BBBBBB;background:#BBBBBB;padding:0px 3px;} .spoiler:hover, .spoiler:active, .spoiler-shown {color:#000000;background:#E2E2E2;padding:0px 3px;} .spoiler a {color:#BBBBBB;} .spoiler:hover a, .spoiler:active a, .spoiler-shown a {color:#2288CC;} .chat code, .chat .spoiler:hover code, .chat .spoiler:active code, .chat .spoiler-shown code {border:1px solid #C0C0C0;background:#EEEEEE;color:black;padding:0 2px;} .chat .spoiler code {border:1px solid #CCCCCC;background:#CCCCCC;color:#CCCCCC;} .battle-log .rated {padding:3px 4px;} .battle-log .rated strong {color:white;background:#89A;padding:1px 4px;border-radius:4px;} .spacer {margin-top:0.5em;} .message-announce {background:#6688AA;color:white;padding:1px 4px 2px;} .message-announce a, .broadcast-green a, .broadcast-blue a, .broadcast-red a {color:#DDEEFF;} .broadcast-green {background-color:#559955;color:white;padding:2px 4px;} .broadcast-blue {background-color:#6688AA;color:white;padding:2px 4px;} .infobox {border:1px solid #6688AA;padding:2px 4px;} .infobox-limited {max-height:200px;overflow:auto;overflow-x:hidden;} .broadcast-red {background-color:#AA5544;color:white;padding:2px 4px;} .message-learn-canlearn {font-weight:bold;color:#228822;text-decoration:underline;} .message-learn-cannotlearn {font-weight:bold;color:#CC2222;text-decoration:underline;} .message-effect-weak {font-weight:bold;color:#CC2222;} .message-effect-resist {font-weight:bold;color:#6688AA;} .message-effect-immune {font-weight:bold;color:#666666;} .message-learn-list {margin-top:0;margin-bottom:0;} .message-throttle-notice, .message-error {color:#992222;} .message-overflow, .chat small.message-overflow {font-size:0pt;} .message-overflow::before {font-size:9pt;content:'...';} .subtle {color:#3A4A66;}
</style>
<div class="wrapper replay-wrapper" style="max-width:1180px;margin:0 auto">
<input type="hidden" name="replayid" value="uu-562618772" />
<div class="battle"></div><div class="battle-log"></div><div class="replay-controls"></div><div class="replay-controls-2"></div>
<h1 style="font-weight:normal;text-align:center"><strong>UU</strong><br /><a href="http://pokemonshowdown.com/users/tfwbleve" class="subtle" target="_blank">tfw bleve</a> vs. <a href="http://pokemonshowdown.com/users/baylss" class="subtle" target="_blank">Baylss</a></h1>
<script type="text/plain" class="battle-log-data">|j|tfw bleve
|j|Baylss
|player|p1|tfw bleve|184
|player|p2|Baylss|138
|gametype|singles
|gen|6
|tier|UU
|seed|35014,47891,25820,22352
|rule|Sleep Clause Mod: Limit one foe put to sleep
|rule|Species Clause: Limit one of each Pokémon
|rule|OHKO Clause: OHKO moves are banned
|rule|Moody Clause: Moody is banned
|rule|Evasion Moves Clause: Evasion moves are banned
|rule|Endless Battle Clause: Forcing endless battles is banned
|rule|HP Percentage Mod: HP is shown in percentages
|clearpoke
|poke|p1|Empoleon, F|item
|poke|p1|Crobat, F|item
|poke|p1|Ampharos, M|item
|poke|p1|Heracross, M|item
|poke|p1|Vaporeon, M|item
|poke|p1|Krookodile, M|item
|poke|p2|Absol, M|item
|poke|p2|Donphan, F|item
|poke|p2|Goodra, F|item
|poke|p2|Galvantula, F|item
|poke|p2|Haxorus, F|item
|poke|p2|Machamp, M|item
|rule|Swagger Clause: Swagger is banned
|rule|Baton Pass Clause: Limit one Baton Passer, can't pass Spe and other stats simultaneously
|teampreview
|j|i like cute things
|j|Wilkhun
|j|ebinola
|j|Ridaz
|j|dedic
|j|Path of Sorrow
|j|hood by ares
|j|The Lister Mr.
|choice|team 3, team 2, team 1, team 4, team 5, team 6|team 4, team 2, team 3, team 1, team 5, team 6
|
|start
|switch|p1a: Ampharos|Ampharos, M|383\/383
|switch|p2a: Galvantula|Galvantula, F|281\/281
|turn|1
|c| The Lister Mr.|don't lose
|j|OptimusLame-o
|choice|move dragonpulse mega|move stickyweb
|
|detailschange|p1a: Ampharos|Ampharos-Mega, M
|-mega|p1a: Ampharos|Ampharos|Ampharosite
|-ability|p1a: Ampharos|Mold Breaker
|move|p2a: Galvantula|Sticky Web|p1a: Ampharos
|-sidestart|p1: tfw bleve|move: Sticky Web
|move|p1a: Ampharos|Dragon Pulse|p2a: Galvantula
|-damage|p2a: Galvantula|28\/281
|
|upkeep
|turn|2
|c| i like cute things|do lose
|c| dedic|this nigga has donphan looool
|c|@Ridaz|wanna?lose
|c| The Lister Mr.|mold status: broken
|j|Pawslut
|choice|move dragonpulse|move bugbuzz
|
|move|p2a: Galvantula|Bug Buzz|p1a: Ampharos
|-damage|p1a: Ampharos|254\/383
|move|p1a: Ampharos|Dragon Pulse|p2a: Galvantula
|-damage|p2a: Galvantula|0 fnt
|faint|p2a: Galvantula
|
|upkeep
|choice||switch 6
|
|switch|p2a: Machamp|Machamp, M|372\/372
|turn|3
|j|Baby Horde
|choice|switch 2|move dynamicpunch
|
|switch|p1a: Crobat|Crobat, F|329\/329
|move|p2a: Machamp|Dynamic Punch|p1a: Crobat
|-resisted|p1a: Crobat
|-damage|p1a: Crobat|269\/329
|-start|p1a: Crobat|confusion
|
|-heal|p1a: Crobat|289\/329|[from] item: Leftovers
|upkeep
|turn|4
|choice|move defog|move icepunch
|
|-activate|p1a: Crobat|confusion
|-damage|p1a: Crobat|242\/329|[from] confusion
|move|p2a: Machamp|Ice Punch|p1a: Crobat
|-supereffective|p1a: Crobat
|-damage|p1a: Crobat|2\/329
|
|-heal|p1a: Crobat|22\/329|[from] item: Leftovers
|upkeep
|turn|5
|choice|move defog|move bulletpunch
|
|move|p2a: Machamp|Bullet Punch|p1a: Crobat
|-damage|p1a: Crobat|0 fnt
|faint|p1a: Crobat
|
|upkeep
|-message|tfw bleve forfeited.
|
|win|Baylss
|l|tfw bleve
|c|@Ridaz|What
|c| The Lister Mr.|outskilled
|c|☆Baylss|sorry
|c|@Ridaz|Why lefties
|l|i like cute things
|l|Baby Horde
|l|dedic
|j|suigininginging
|j|Dessiner
|l|Ridaz
|l|ebinola
|l|suigininginging
|j|Graninja
|l|Dessiner
|l|Path of Sorrow
|l|hood by ares
|l|The Lister Mr.
|j|Bleben
|l|Bleben
|l|Wilkhun</script>
</div>
<div class="battle-log battle-log-inline"><div class="inner"><div class="battle-options"></div><div class="inner"><div class="chat"><small>tfw bleve joined.</small></div><div class="chat"><small>Baylss joined.</small></div><div class=""><small>Format:</small> <br><strong>UU</strong></div><div class=""><small><em>Sleep Clause Mod:</em> Limit one foe put to sleep</small></div><div class=""><small><em>Species Clause:</em> Limit one of each Pokémon</small></div><div class=""><small><em>OHKO Clause:</em> OHKO moves are banned</small></div><div class=""><small><em>Moody Clause:</em> Moody is banned</small></div><div class=""><small><em>Evasion Moves Clause:</em> Evasion moves are banned</small></div><div class=""><small><em>Endless Battle Clause:</em> Forcing endless battles is banned</small></div><div class=""><small><em>HP Percentage Mod:</em> HP is shown in percentages</small></div><div class=""><small><em>Swagger Clause:</em> Swagger is banned</small></div><div class=""><small><em>Baton Pass Clause:</em> Limit one Baton Passer, can't pass Spe and other stats simultaneously</small></div><div class="chat battle-history"><strong>tfw bleve's team:</strong> <em style="color:#445566;display:block;">Empoleon / Crobat / Ampharos / Heracross / Vaporeon / Krookodile</em></div><div class="chat battle-history"><strong>Baylss's team:</strong> <em style="color:#445566;display:block;">Absol / Donphan / Goodra / Galvantula / Haxorus / Machamp</em></div><div class="chat"><small>i like cute things joined.</small></div><div class="chat"><small>Wilkhun joined.</small></div><div class="chat"><small>ebinola joined.</small></div><div class="chat"><small>Ridaz joined.</small></div><div class="chat"><small>dedic joined.</small></div><div class="chat"><small>Path of Sorrow joined.</small></div><div class="chat"><small>hood by ares joined.</small></div><div class="chat"><small>The Lister Mr. joined.</small></div><div class="spacer battle-history"><br></div><div class="battle-history">Battle started between tfw bleve and Baylss!<br></div><div class="spacer battle-history"><br></div><div class="battle-history">Go! <strong>Ampharos</strong>!<br></div><div class="spacer battle-history"><br></div><div class="battle-history">Baylss sent out <strong>Galvantula</strong>!<br></div><div class="spacer battle-history"><br></div><h2 class="battle-history">Turn 1</h2><div class="chat chatmessage-thelistermr"><strong style="color:hsl(335,73%,44%)"><small> </small><span class="username" data-name="The Lister Mr.">The Lister Mr.</span>:</strong> <em>don't lose</em></div><div class="chat"><small>OptimusLame-o joined.</small></div><div class="spacer battle-history"><br></div><div class="battle-history"><small>Ampharos's Ampharosite is reacting to tfw bleve's Mega Bracelet!</small><br>Ampharos has Mega Evolved into Mega Ampharos!<br></div><div class="battle-history"><small>[Ampharos's Mold Breaker]</small><br><small>Ampharos breaks the mold!</small><br></div><div class="spacer battle-history"><br></div><div class="battle-history">The opposing Galvantula used <strong>Sticky Web</strong>!<br></div><div class="battle-history"><small>A sticky web spreads out on the ground around your team!</small><br></div><div class="spacer battle-history"><br></div><div class="battle-history">Ampharos used <strong>Dragon Pulse</strong>!<br></div><div class="battle-history"><small>(The opposing Galvantula lost <abbr title="−253/281">90.0%</abbr> of its health!)</small><br></div><div class="spacer battle-history"><br></div><h2 class="battle-history">Turn 2</h2><div class="chat chatmessage-ilikecutethings"><strong style="color:hsl(13,61%,45%)"><small> </small><span class="username" data-name="i like cute things">i like cute things</span>:</strong> <em>do lose</em></div><div class="chat chatmessage-dedic"><strong style="color:hsl(166,74%,36.39581404227131%)"><small> </small><span class="username" data-name="dedic">dedic</span>:</strong> <em>this nigga has donphan looool</em></div><div class="chat chatmessage-ridaz"><strong style="color:hsl(187,72%,43.750540130505826%)"><small>@</small><span class="username" data-name="Ridaz">Ridaz</span>:</strong> <em>wanna?lose</em></div><div class="chat chatmessage-thelistermr"><strong style="color:hsl(335,73%,44%)"><small> </small><span class="username" data-name="The Lister Mr.">The Lister Mr.</span>:</strong> <em>mold status: broken</em></div><div class="chat"><small>Pawslut joined.</small></div><div class="spacer battle-history"><br></div><div class="battle-history">The opposing Galvantula used <strong>Bug Buzz</strong>!<br></div><div class="battle-history"><small>(Ampharos lost <abbr title="−129/383">33.7%</abbr> of its health!)</small><br></div><div class="spacer battle-history"><br></div><div class="battle-history">Ampharos used <strong>Dragon Pulse</strong>!<br></div><div class="battle-history"><small>(The opposing Galvantula lost <abbr title="−28/281">10.0%</abbr> of its health!)</small><br></div><div class="spacer battle-history"><br></div><div class="battle-history">The opposing Galvantula fainted!<br></div><div class="spacer battle-history"><br></div><div class="battle-history">Baylss sent out <strong>Machamp</strong>!<br></div><div class="spacer battle-history"><br></div><h2 class="battle-history">Turn 3</h2><div class="chat"><small>Baby Horde joined.</small></div><div class="spacer battle-history"><br></div><div class="battle-history">Ampharos, come back!<br></div><div class="battle-history">Go! <strong>Crobat</strong>!<br></div><div class="spacer battle-history"><br></div><div class="battle-history">The opposing Machamp used <strong>Dynamic Punch</strong>!<br></div><div class="battle-history"><small>It's not very effective...</small><br></div><div class="battle-history"><small>(Crobat lost <abbr title="−60/329">18.2%</abbr> of its health!)</small><br></div><div class="battle-history"><small>Crobat became confused!</small><br></div><div class="spacer battle-history"><br></div><div class="battle-history"><small>Crobat restored a little HP using its Leftovers!</small><br></div><div class="spacer battle-history"><br></div><h2 class="battle-history">Turn 4</h2><div class="spacer battle-history"><br></div><div class="battle-history"><small>Crobat is confused!</small><br></div><div class="battle-history">It hurt itself in its confusion!<br></div><div class="spacer battle-history"><br></div><div class="battle-history">The opposing Machamp used <strong>Ice Punch</strong>!<br></div><div class="battle-history"><small>It's super effective!</small><br></div><div class="battle-history"><small>(Crobat lost <abbr title="−240/329">72.9%</abbr> of its health!)</small><br></div><div class="spacer battle-history"><br></div><div class="battle-history"><small>Crobat restored a little HP using its Leftovers!</small><br></div><div class="spacer battle-history"><br></div><h2 class="battle-history">Turn 5</h2><div class="spacer battle-history"><br></div><div class="battle-history">The opposing Machamp used <strong>Bullet Punch</strong>!<br></div><div class="battle-history"><small>(Crobat lost <abbr title="−22/329">6.7%</abbr> of its health!)</small><br></div><div class="spacer battle-history"><br></div><div class="battle-history">Crobat fainted!<br></div><div class="spacer battle-history"><br></div><div class="battle-history"><small>tfw bleve forfeited.</small><br></div><div class="spacer battle-history"><br></div><div class="battle-history"><strong>Baylss</strong> won the battle!<br></div><div class="chat"><small>tfw bleve left.</small></div><div class="chat chatmessage-ridaz"><strong style="color:hsl(187,72%,43.750540130505826%)"><small>@</small><span class="username" data-name="Ridaz">Ridaz</span>:</strong> <em>What</em></div><div class="chat chatmessage-thelistermr"><strong style="color:hsl(335,73%,44%)"><small> </small><span class="username" data-name="The Lister Mr.">The Lister Mr.</span>:</strong> <em>outskilled</em></div><div class="chat chatmessage-baylss"><strong style="color:hsl(275,65%,54.53329074722223%)"><small>☆</small><span class="username" data-name="Baylss">Baylss</span>:</strong> <em>sorry</em></div><div class="chat chatmessage-ridaz"><strong style="color:hsl(187,72%,43.750540130505826%)"><small>@</small><span class="username" data-name="Ridaz">Ridaz</span>:</strong> <em>Why lefties</em></div><div class="chat"><small>i like cute things left.</small></div><div class="chat"><small>Baby Horde left.</small></div><div class="chat"><small>dedic left.</small></div><div class="chat"><small>suigininginging joined.</small></div><div class="chat"><small>Dessiner joined.</small></div><div class="chat"><small>Ridaz left.</small></div><div class="chat"><small>ebinola left.</small></div><div class="chat"><small>suigininginging left.</small></div><div class="chat"><small>Graninja joined.</small></div><div class="chat"><small>Dessiner left.</small></div><div class="chat"><small>Path of Sorrow left.</small></div><div class="chat"><small>hood by ares left.</small></div><div class="chat"><small>The Lister Mr. left.</small></div><div class="chat"><small>Bleben joined.</small></div><div class="chat"><small>Bleben left.</small></div><div class="chat"><small>Wilkhun left.</small></div></div><div class="inner-preempt"></div></div></div>
</div>
<script>
let daily = Math.floor(Date.now()/1000/60/60/24);document.write('<script src="https://play.pokemonshowdown.com/js/replay-embed.js?version'+daily+'"></'+'script>');
</script>
