<!DOCTYPE html>
<meta charset="utf-8" />
<!-- version 1 -->
<title>UU replay: spunky07216 vs. Zen Iniesta</title>
<style>
html,body {font-family:Verdana, sans-serif;font-size:10pt;margin:0;padding:0;}body{padding:12px 0;} .battle-log {font-family:Verdana, sans-serif;font-size:10pt;} .battle-log-inline {border:1px solid #AAAAAA;background:#EEF2F5;color:black;max-width:640px;margin:0 auto 80px;padding-bottom:5px;} .battle-log .inner {padding:4px 8px 0px 8px;} .battle-log .inner-preempt {padding:0 8px 4px 8px;} .battle-log .inner-after {margin-top:0.5em;} .battle-log h2 {margin:0.5em -8px;padding:4px 8px;border:1px solid #AAAAAA;background:#E0E7EA;border-left:0;border-right:0;font-family:Verdana, sans-serif;font-size:13pt;} .battle-log .chat {vertical-align:middle;padding:3px 0 3px 0;font-size:8pt;} .battle-log .chat strong {color:#40576A;} .battle-log .chat em {padding:1px 4px 1px 3px;color:#000000;font-style:normal;} .chat.mine {background:rgba(0,0,0,0.05);margin-left:-8px;margin-right:-8px;padding-left:8px;padding-right:8px;} .spoiler {color:#BBBBBB;background:#BBBBBB;padding:0px 3px;} .spoiler:hover, .spoiler:active, .spoiler-shown {color:#000000;background:#E2E2E2;padding:0px 3px;} .spoiler a {color:#BBBBBB;} .spoiler:hover a, .spoiler:active a, .spoiler-shown a {color:#2288CC;} .chat code, .chat .spoiler:hover code, .chat .spoiler:active code, .chat .spoiler-shown code {border:1px solid #C0C0C0;background:#EEEEEE;color:black;padding:0 2px;} .chat .spoiler code {border:1px solid #CCCCCC;background:#CCCCCC;color:#CCCCCC;} .battle-log .rated {padding:3px 4px;} .battle-log .rated strong {color:white;background:#89A;padding:1px 4px;border-radius:4px;} .spacer {margin-top:0.5em;} .message-announce {background:#6688AA;color:white;padding:1px 4px 2px;} .message-announce a, .broadcast-green a, .broadcast-blue a, .broadcast-red a {color:#DDEEFF;} .broadcast-green {background-color:#559955;color:white;padding:2px 4px;} .broadcast-blue {background-color:#6688AA;color:white;padding:2px 4px;} .infobox {border:1px solid #6688AA;padding:2px 4px;} .infobox-limited {max-height:200px;overflow:auto;overflow-x:hidden;} .broadcast-red {background-color:#AA5544;color:white;padding:2px 4px;} .message-learn-canlearn {font-weight:bold;color:#228822;text-decoration:underline;} .message-learn-cannotlearn {font-weight:bold;color:#CC2222;text-decoration:underline;} .message-effect-weak {font-weight:bold;color:#CC2222;} .message-effect-resist {font-weight:bold;color:#6688AA;} .message-effect-immune {font-weight:bold;color:#666666;} .message-learn-list {margin-top:0;margin-bottom:0;} .message-throttle-notice, .message-error {color:#992222;} .message-overflow, .chat small.message-overflow {font-size:0pt;} .message-overflow::before {font-size:9pt;content:'...';} .subtle {color:#3A4A66;}
</style>
<div class="wrapper replay-wrapper" style="max-width:1180px;margin:0 auto">
<input type="hidden" name="replayid" value="uu-547743790" />
<div class="battle"></div><div class="battle-log"></div><div class="replay-controls"></div><div class="replay-controls-2"></div>
<h1 style="font-weight:normal;text-align:center"><strong>UU</strong><br /><a href="http://pokemonshowdown.com/users/spunky07216" class="subtle" target="_blank">spunky07216</a> vs. <a href="http://pokemonshowdown.com/users/zeniniesta" class="subtle" target="_blank">Zen Iniesta</a></h1>
<script type="text/plain" class="battle-log-data">|j|spunky07216
|j|Zen Iniesta
|player|p1|spunky07216|169
|player|p2|Zen Iniesta|163
|gametype|singles
|gen|6
|tier|UU
|rated
|seed|20843,33145,38694,57417
|rule|Sleep Clause Mod: Limit one foe put to sleep
|rule|Species Clause: Limit one of each Pokémon
|rule|OHKO Clause: OHKO moves are banned
|rule|Moody Clause: Moody is banned
|rule|Evasion Moves Clause: Evasion moves are banned
|rule|Endless Battle Clause: Forcing endless battles is banned
|rule|HP Percentage Mod: HP is shown in percentages
|clearpoke
|poke|p1|Cloyster, M|item
|poke|p1|Galvantula, M|item
|poke|p1|Lucario, M|item
|poke|p1|Tornadus, M|item
|poke|p1|Arcanine, M|item
|poke|p1|Florges-Yellow, F|item
|poke|p2|Gyarados, M|item
|poke|p2|Shuckle, M|item
|poke|p2|Avalugg, M|item
|poke|p2|Pikachu, F|item
|poke|p2|Noivern, M|item
|poke|p2|Toxicroak, F|item
|rule|Swagger Clause: Swagger is banned
|rule|Baton Pass Clause: Limit one Baton Passer, can't pass Spe and other stats simultaneously
|teampreview
|c|☆spunky07216|Oh GOD Shuckle
|choice|team 2, team 1, team 3, team 4, team 5, team 6|team 2, team 1, team 3, team 4, team 5, team 6
|
|start
|switch|p1a: Galvantula|Galvantula, M|281\/281
|switch|p2a: Shuckle|Shuckle, M|243\/243
|turn|1
|choice|move stickyweb|move stealthrock
|
|move|p1a: Galvantula|Sticky Web|p2a: Shuckle
|-sidestart|p2: Zen Iniesta|move: Sticky Web
|move|p2a: Shuckle|Stealth Rock|p1a: Galvantula
|-sidestart|p1: spunky07216|move: Stealth Rock
|
|upkeep
|turn|2
|choice|move thunderbolt|move stickyweb
|
|move|p1a: Galvantula|Thunderbolt|p2a: Shuckle
|-damage|p2a: Shuckle|188\/243
|-enditem|p2a: Shuckle|Red Card|[of] p1a: Galvantula
|drag|p1a: Cloyster|Cloyster, M|268\/268
|-damage|p1a: Cloyster|201\/268|[from] Stealth Rock
|move|p2a: Shuckle|Sticky Web|p1a: Cloyster
|-sidestart|p1: spunky07216|move: Sticky Web
|
|-heal|p1a: Cloyster|217\/268|[from] item: Leftovers
|upkeep
|turn|3
|choice|move spikes|move toxic
|
|move|p1a: Cloyster|Spikes|p2a: Shuckle
|-sidestart|p2: Zen Iniesta|Spikes
|move|p2a: Shuckle|Toxic|p1a: Cloyster
|-status|p1a: Cloyster|tox
|
|-heal|p1a: Cloyster|233\/268 tox|[from] item: Leftovers
|-damage|p1a: Cloyster|217\/268 tox|[from] psn
|upkeep
|turn|4
|choice|move spikes|move knockoff
|
|move|p1a: Cloyster|Spikes|p2a: Shuckle
|-sidestart|p2: Zen Iniesta|Spikes
|move|p2a: Shuckle|Knock Off|p1a: Cloyster
|-damage|p1a: Cloyster|206\/268 tox
|-enditem|p1a: Cloyster|Leftovers|[from] move: Knock Off|[of] p2a: Shuckle
|
|-damage|p1a: Cloyster|174\/268 tox|[from] psn
|upkeep
|turn|5
|choice|switch 3|switch 3
|
|switch|p1a: Lucario|Lucario, M|281\/281
|-activate|p1a: Lucario|move: Sticky Web
|-unboost|p1a: Lucario|spe|1
|-damage|p1a: Lucario|273\/281|[from] Stealth Rock
|switch|p2a: Avalugg|Avalugg, M|394\/394
|-activate|p2a: Avalugg|move: Sticky Web
|-unboost|p2a: Avalugg|spe|1
|-damage|p2a: Avalugg|329\/394|[from] Spikes
|
|upkeep
|turn|6
|choice|move aurasphere|move rapidspin
|
|move|p1a: Lucario|Aura Sphere|p2a: Avalugg
|-supereffective|p2a: Avalugg
|-damage|p2a: Avalugg|0 fnt
|faint|p2a: Avalugg
|
|upkeep
|choice||switch 5
|
|switch|p2a: Noivern|Noivern, M|311\/311
|turn|7
|choice|move rockslide|move flamethrower
|
|move|p2a: Noivern|Flamethrower|p1a: Lucario
|-supereffective|p1a: Lucario
|-damage|p1a: Lucario|0 fnt
|faint|p1a: Lucario
|
|upkeep
|choice|switch 6|
|
|switch|p1a: Florges|Florges-Yellow, F|360\/360
|-activate|p1a: Florges|move: Sticky Web
|-unboost|p1a: Florges|spe|1
|-damage|p1a: Florges|315\/360|[from] Stealth Rock
|turn|8
|choice|move moonblast|switch 3
|
|switch|p2a: Shuckle|Shuckle, M|188\/243
|-damage|p2a: Shuckle|148\/243|[from] Spikes
|-activate|p2a: Shuckle|move: Sticky Web
|-unboost|p2a: Shuckle|spe|1
|move|p1a: Florges|Moonblast|p2a: Shuckle
|-damage|p2a: Shuckle|78\/243
|
|-heal|p1a: Florges|337\/360|[from] item: Leftovers
|upkeep
|turn|9
|choice|move moonblast|move toxic
|
|move|p1a: Florges|Moonblast|p2a: Shuckle
|-damage|p2a: Shuckle|14\/243
|move|p2a: Shuckle|Toxic|p1a: Florges
|-status|p1a: Florges|tox
|
|-heal|p1a: Florges|359\/360 tox|[from] item: Leftovers
|-damage|p1a: Florges|337\/360 tox|[from] psn
|upkeep
|turn|10
|choice|move psychic|move knockoff
|
|move|p1a: Florges|Psychic|p2a: Shuckle
|-damage|p2a: Shuckle|0 fnt
|faint|p2a: Shuckle
|
|-heal|p1a: Florges|359\/360 tox|[from] item: Leftovers
|-damage|p1a: Florges|315\/360 tox|[from] psn
|upkeep
|choice||switch 4
|
|switch|p2a: Pikachu|Pikachu, F|211\/211
|-activate|p2a: Pikachu|move: Sticky Web
|-unboost|p2a: Pikachu|spe|1
|-damage|p2a: Pikachu|176\/211|[from] Spikes
|turn|11
|choice|switch 2|move fakeout
|
|switch|p1a: Galvantula|Galvantula, M|281\/281
|-damage|p1a: Galvantula|211\/281|[from] Stealth Rock
|-activate|p1a: Galvantula|move: Sticky Web
|-unboost|p1a: Galvantula|spe|1
|move|p2a: Pikachu|Fake Out|p1a: Galvantula
|-damage|p1a: Galvantula|143\/281
|
|upkeep
|turn|12
|choice|move signalbeam|move voltswitch
|
|move|p1a: Galvantula|Signal Beam|p2a: Pikachu
|-damage|p2a: Pikachu|0 fnt
|faint|p2a: Pikachu
|
|upkeep
|choice||switch 2
|
|switch|p2a: Gyarados|Gyarados, M|394\/394
|turn|13
|choice|move thunderbolt|move waterfall
|
|move|p1a: Galvantula|Thunderbolt|p2a: Gyarados
|-supereffective|p2a: Gyarados
|-damage|p2a: Gyarados|66\/394
|move|p2a: Gyarados|Waterfall|p1a: Galvantula
|-damage|p1a: Galvantula|0 fnt
|faint|p1a: Galvantula
|-ability|p2a: Gyarados|Moxie|boost
|-boost|p2a: Gyarados|atk|1
|
|upkeep
|choice|switch 4|
|
|switch|p1a: Tornadus|Tornadus, M|299\/299
|-damage|p1a: Tornadus|225\/299|[from] Stealth Rock
|turn|14
|choice|move knockoff|move icefang
|
|move|p1a: Tornadus|Knock Off|p2a: Gyarados
|-damage|p2a: Gyarados|0 fnt
|-enditem|p2a: Gyarados|Assault Vest|[from] move: Knock Off|[of] p1a: Tornadus
|faint|p2a: Gyarados
|
|upkeep
|choice||switch 3
|
|switch|p2a: Noivern|Noivern, M|311\/311
|turn|15
|choice|move bulkup|move boomburst
|
|move|p1a: Tornadus|Bulk Up|p1a: Tornadus
|-boost|p1a: Tornadus|atk|1
|-boost|p1a: Tornadus|def|1
|move|p2a: Noivern|Boomburst|p1a: Tornadus
|-damage|p1a: Tornadus|19\/299
|
|upkeep
|turn|16
|choice|move fly|move boomburst
|
|move|p2a: Noivern|Boomburst|p1a: Tornadus
|-damage|p1a: Tornadus|0 fnt
|faint|p1a: Tornadus
|
|upkeep
|choice|switch 2|
|
|switch|p1a: Florges|Florges-Yellow, F|315\/360 tox
|-activate|p1a: Florges|move: Sticky Web
|-unboost|p1a: Florges|spe|1
|-damage|p1a: Florges|270\/360 tox|[from] Stealth Rock
|turn|17
|choice|move psychic|switch 6
|
|switch|p2a: Toxicroak|Toxicroak, F|307\/307
|-activate|p2a: Toxicroak|move: Sticky Web
|-unboost|p2a: Toxicroak|spe|1
|-damage|p2a: Toxicroak|256\/307|[from] Spikes
|move|p1a: Florges|Psychic|p2a: Toxicroak
|-supereffective|p2a: Toxicroak
|-damage|p2a: Toxicroak|0 fnt
|faint|p2a: Toxicroak
|
|-heal|p1a: Florges|292\/360 tox|[from] item: Leftovers
|-damage|p1a: Florges|270\/360 tox|[from] psn
|upkeep
|c|☆spunky07216|U mad.bruh>
|choice||switch 6
|
|switch|p2a: Noivern|Noivern, M|311\/311
|turn|18
|choice|move moonblast|move boomburst
|
|move|p2a: Noivern|Boomburst|p1a: Florges
|-damage|p1a: Florges|123\/360 tox
|move|p1a: Florges|Moonblast|p2a: Noivern
|-supereffective|p2a: Noivern
|-damage|p2a: Noivern|0 fnt
|faint|p2a: Noivern
|
|win|spunky07216
|player|p1
|player|p2
|c|☆Zen Iniesta|nice predict
|c|☆Zen Iniesta|gg
|l|Zen Iniesta
|c|☆spunky07216|gg
|raw|spunky07216's rating: 1045 &rarr; <strong>1088<\/strong><br \/>(+43 for winning)
|raw|Zen Iniesta's rating: 1149 &rarr; <strong>1117<\/strong><br \/>(-32 for losing)</script>
</div>
<div class="battle-log battle-log-inline"><div class="inner"><div class="battle-options"></div><div class="inner"><div class="chat"><small>spunky07216 joined.</small></div><div class="chat"><small>Zen Iniesta joined.</small></div><div class=""><small>Format:</small> <br><strong>UU</strong></div><div class="rated"><strong>Rated battle</strong></div><div class=""><small><em>Sleep Clause Mod:</em> Limit one foe put to sleep</small></div><div class=""><small><em>Species Clause:</em> Limit one of each Pokémon</small></div><div class=""><small><em>OHKO Clause:</em> OHKO moves are banned</small></div><div class=""><small><em>Moody Clause:</em> Moody is banned</small></div><div class=""><small><em>Evasion Moves Clause:</em> Evasion moves are banned</small></div><div class=""><small><em>Endless Battle Clause:</em> Forcing endless battles is banned</small></div><div class=""><small><em>HP Percentage Mod:</em> HP is shown in percentages</small></div><div class=""><small><em>Swagger Clause:</em> Swagger is banned</small></div><div class=""><small><em>Baton Pass Clause:</em> Limit one Baton Passer, can't pass Spe and other stats simultaneously</small></div><div class="chat battle-history"><strong>spunky07216's team:</strong> <em style="color:#445566;display:block;">Cloyster / Galvantula / Lucario / Tornadus / Arcanine / Florges-Yellow</em></div><div class="chat battle-history"><strong>Zen Iniesta's team:</strong> <em style="color:#445566;display:block;">Gyarados / Shuckle / Avalugg / Pikachu / Noivern / Toxicroak</em></div><div class="chat chatmessage-spunky07216"><strong style="color:hsl(0,48%,49.15029360593921%)"><small>☆</small><span class="username" data-name="spunky07216">spunky07216</span>:</strong> <em>Oh GOD Shuckle</em></div><div class="spacer battle-history"><br></div><div class="battle-history">Battle started between spunky07216 and Zen Iniesta!<br></div><div class="spacer battle-history"><br></div><div class="battle-history">Go! <strong>Galvantula</strong>!<br></div><div class="spacer battle-history"><br></div><div class="battle-history">Zen Iniesta sent out <strong>Shuckle</strong>!<br></div><div class="spacer battle-history"><br></div><h2 class="battle-history">Turn 1</h2><div class="spacer battle-history"><br></div><div class="battle-history">Galvantula used <strong>Sticky Web</strong>!<br></div><div class="battle-history"><small>A sticky web spreads out on the ground around the opposing team!</small><br></div><div class="spacer battle-history"><br></div><div class="battle-history">The opposing Shuckle used <strong>Stealth Rock</strong>!<br></div><div class="battle-history"><small>Pointed stones float in the air around your team!</small><br></div><div class="spacer battle-history"><br></div><h2 class="battle-history">Turn 2</h2><div class="spacer battle-history"><br></div><div class="battle-history">Galvantula used <strong>Thunderbolt</strong>!<br></div><div class="battle-history"><small>(The opposing Shuckle lost <abbr title="−55/243">22.6%</abbr> of its health!)</small><br></div><div class="battle-history"><small>The opposing Shuckle held up its Red Card against Galvantula!</small><br></div><div class="spacer battle-history"><br></div><div class="battle-history"><strong>Cloyster</strong> was dragged out!<br></div><div class="battle-history"><small>Pointed stones dug into Cloyster!</small><br></div><div class="spacer battle-history"><br></div><div class="battle-history">The opposing Shuckle used <strong>Sticky Web</strong>!<br></div><div class="battle-history"><small>A sticky web spreads out on the ground around your team!</small><br></div><div class="spacer battle-history"><br></div><div class="battle-history"><small>Cloyster restored a little HP using its Leftovers!</small><br></div><div class="spacer battle-history"><br></div><h2 class="battle-history">Turn 3</h2><div class="spacer battle-history"><br></div><div class="battle-history">Cloyster used <strong>Spikes</strong>!<br></div><div class="battle-history"><small>Spikes were scattered on the ground all around the opposing team!</small><br></div><div class="spacer battle-history"><br></div><div class="battle-history">The opposing Shuckle used <strong>Toxic</strong>!<br></div><div class="battle-history"><small>Cloyster was badly poisoned!</small><br></div><div class="spacer battle-history"><br></div><div class="battle-history"><small>Cloyster restored a little HP using its Leftovers!</small><br></div><div class="battle-history"><small>Cloyster was hurt by poison!</small><br></div><div class="spacer battle-history"><br></div><h2 class="battle-history">Turn 4</h2><div class="spacer battle-history"><br></div><div class="battle-history">Cloyster used <strong>Spikes</strong>!<br></div><div class="battle-history"><small>Spikes were scattered on the ground all around the opposing team!</small><br></div><div class="spacer battle-history"><br></div><div class="battle-history">The opposing Shuckle used <strong>Knock Off</strong>!<br></div><div class="battle-history"><small>(Cloyster lost <abbr title="−11/268">4.1%</abbr> of its health!)</small><br></div><div class="battle-history"><small>The opposing Shuckle knocked off Cloyster's Leftovers!</small><br></div><div class="spacer battle-history"><br></div><div class="battle-history"><small>Cloyster was hurt by poison!</small><br></div><div class="spacer battle-history"><br></div><h2 class="battle-history">Turn 5</h2><div class="spacer battle-history"><br></div><div class="battle-history">Cloyster, come back!<br></div><div class="battle-history">Go! <strong>Lucario</strong>!<br></div><div class="battle-history"><small>Lucario was caught in a sticky web!</small><br></div><div class="battle-history"><small>Lucario's Speed fell!</small><br></div><div class="battle-history"><small>Pointed stones dug into Lucario!</small><br></div><div class="spacer battle-history"><br></div><div class="battle-history">Zen Iniesta withdrew Shuckle!<br></div><div class="battle-history">Zen Iniesta sent out <strong>Avalugg</strong>!<br></div><div class="battle-history"><small>The opposing Avalugg was caught in a sticky web!</small><br></div><div class="battle-history"><small>The opposing Avalugg's Speed fell!</small><br></div><div class="battle-history"><small>The opposing Avalugg is hurt by the spikes!</small><br></div><div class="spacer battle-history"><br></div><h2 class="battle-history">Turn 6</h2><div class="spacer battle-history"><br></div><div class="battle-history">Lucario used <strong>Aura Sphere</strong>!<br></div><div class="battle-history"><small>It's super effective!</small><br></div><div class="battle-history"><small>(The opposing Avalugg lost <abbr title="−329/394">83.5%</abbr> of its health!)</small><br></div><div class="spacer battle-history"><br></div><div class="battle-history">The opposing Avalugg fainted!<br></div><div class="spacer battle-history"><br></div><div class="battle-history">Zen Iniesta sent out <strong>Noivern</strong>!<br></div><div class="spacer battle-history"><br></div><h2 class="battle-history">Turn 7</h2><div class="spacer battle-history"><br></div><div class="battle-history">The opposing Noivern used <strong>Flamethrower</strong>!<br></div><div class="battle-history"><small>It's super effective!</small><br></div><div class="battle-history"><small>(Lucario lost <abbr title="−273/281">97.2%</abbr> of its health!)</small><br></div><div class="spacer battle-history"><br></div><div class="battle-history">Lucario fainted!<br></div><div class="spacer battle-history"><br></div><div class="battle-history">Go! Florges (<strong>Florges-Yellow</strong>)!<br></div><div class="battle-history"><small>Florges was caught in a sticky web!</small><br></div><div class="battle-history"><small>Florges's Speed fell!</small><br></div><div class="battle-history"><small>Pointed stones dug into Florges!</small><br></div><div class="spacer battle-history"><br></div><h2 class="battle-history">Turn 8</h2><div class="spacer battle-history"><br></div><div class="battle-history">Zen Iniesta withdrew Noivern!<br></div><div class="battle-history">Zen Iniesta sent out <strong>Shuckle</strong>!<br></div><div class="battle-history"><small>The opposing Shuckle is hurt by the spikes!</small><br></div><div class="battle-history"><small>The opposing Shuckle was caught in a sticky web!</small><br></div><div class="battle-history"><small>The opposing Shuckle's Speed fell!</small><br></div><div class="spacer battle-history"><br></div><div class="battle-history">Florges used <strong>Moonblast</strong>!<br></div><div class="battle-history"><small>(The opposing Shuckle lost <abbr title="−70/243">28.8%</abbr> of its health!)</small><br></div><div class="spacer battle-history"><br></div><div class="battle-history"><small>Florges restored a little HP using its Leftovers!</small><br></div><div class="spacer battle-history"><br></div><h2 class="battle-history">Turn 9</h2><div class="spacer battle-history"><br></div><div class="battle-history">Florges used <strong>Moonblast</strong>!<br></div><div class="battle-history"><small>(The opposing Shuckle lost <abbr title="−64/243">26.3%</abbr> of its health!)</small><br></div><div class="spacer battle-history"><br></div><div class="battle-history">The opposing Shuckle used <strong>Toxic</strong>!<br></div><div class="battle-history"><small>Florges was badly poisoned!</small><br></div><div class="spacer battle-history"><br></div><div class="battle-history"><small>Florges restored a little HP using its Leftovers!</small><br></div><div class="battle-history"><small>Florges was hurt by poison!</small><br></div><div class="spacer battle-history"><br></div><h2 class="battle-history">Turn 10</h2><div class="spacer battle-history"><br></div><div class="battle-history">Florges used <strong>Psychic</strong>!<br></div><div class="battle-history"><small>(The opposing Shuckle lost <abbr title="−14/243">5.8%</abbr> of its health!)</small><br></div><div class="spacer battle-history"><br></div><div class="battle-history">The opposing Shuckle fainted!<br></div><div class="spacer battle-history"><br></div><div class="battle-history"><small>Florges restored a little HP using its Leftovers!</small><br></div><div class="battle-history"><small>Florges was hurt by poison!</small><br></div><div class="spacer battle-history"><br></div><div class="battle-history">Zen Iniesta sent out <strong>Pikachu</strong>!<br></div><div class="battle-history"><small>The opposing Pikachu was caught in a sticky web!</small><br></div><div class="battle-history"><small>The opposing Pikachu's Speed fell!</small><br></div><div class="battle-history"><small>The opposing Pikachu is hurt by the spikes!</small><br></div><div class="spacer battle-history"><br></div><h2 class="battle-history">Turn 11</h2><div class="spacer battle-history"><br></div><div class="battle-history">Florges, come back!<br></div><div class="battle-history">Go! <strong>Galvantula</strong>!<br></div><div class="battle-history"><small>Pointed stones dug into Galvantula!</small><br></div><div class="battle-history"><small>Galvantula was caught in a sticky web!</small><br></div><div class="battle-history"><small>Galvantula's Speed fell!</small><br></div><div class="spacer battle-history"><br></div><div class="battle-history">The opposing Pikachu used <strong>Fake Out</strong>!<br></div><div class="battle-history"><small>(Galvantula lost <abbr title="−68/281">24.2%</abbr> of its health!)</small><br></div><div class="spacer battle-history"><br></div><h2 class="battle-history">Turn 12</h2><div class="spacer battle-history"><br></div><div class="battle-history">Galvantula used <strong>Signal Beam</strong>!<br></div><div class="battle-history"><small>(The opposing Pikachu lost <abbr title="−176/211">83.4%</abbr> of its health!)</small><br></div><div class="spacer battle-history"><br></div><div class="battle-history">The opposing Pikachu fainted!<br></div><div class="spacer battle-history"><br></div><div class="battle-history">Zen Iniesta sent out <strong>Gyarados</strong>!<br></div><div class="spacer battle-history"><br></div><h2 class="battle-history">Turn 13</h2><div class="spacer battle-history"><br></div><div class="battle-history">Galvantula used <strong>Thunderbolt</strong>!<br></div><div class="battle-history"><small>It's super effective!</small><br></div><div class="battle-history"><small>(The opposing Gyarados lost <abbr title="−328/394">83.2%</abbr> of its health!)</small><br></div><div class="spacer battle-history"><br></div><div class="battle-history">The opposing Gyarados used <strong>Waterfall</strong>!<br></div><div class="battle-history"><small>(Galvantula lost <abbr title="−143/281">50.9%</abbr> of its health!)</small><br></div><div class="spacer battle-history"><br></div><div class="battle-history">Galvantula fainted!<br></div><div class="battle-history"><small>[The opposing Gyarados's Moxie]</small><br></div><div class="battle-history"><small>The opposing Gyarados's Attack rose!</small><br></div><div class="spacer battle-history"><br></div><div class="battle-history">Go! <strong>Tornadus</strong>!<br></div><div class="battle-history"><small>Pointed stones dug into Tornadus!</small><br></div><div class="spacer battle-history"><br></div><h2 class="battle-history">Turn 14</h2><div class="spacer battle-history"><br></div><div class="battle-history">Tornadus used <strong>Knock Off</strong>!<br></div><div class="battle-history"><small>(The opposing Gyarados lost <abbr title="−66/394">16.8%</abbr> of its health!)</small><br></div><div class="battle-history"><small>Tornadus knocked off the opposing Gyarados's Assault Vest!</small><br></div><div class="spacer battle-history"><br></div><div class="battle-history">The opposing Gyarados fainted!<br></div><div class="spacer battle-history"><br></div><div class="battle-history">Zen Iniesta sent out <strong>Noivern</strong>!<br></div><div class="spacer battle-history"><br></div><h2 class="battle-history">Turn 15</h2><div class="spacer battle-history"><br></div><div class="battle-history">Tornadus used <strong>Bulk Up</strong>!<br></div><div class="battle-history"><small>Tornadus's Attack rose!</small><br></div><div class="battle-history"><small>Tornadus's Defense rose!</small><br></div><div class="spacer battle-history"><br></div><div class="battle-history">The opposing Noivern used <strong>Boomburst</strong>!<br></div><div class="battle-history"><small>(Tornadus lost <abbr title="−206/299">68.9%</abbr> of its health!)</small><br></div><div class="spacer battle-history"><br></div><h2 class="battle-history">Turn 16</h2><div class="spacer battle-history"><br></div><div class="battle-history">The opposing Noivern used <strong>Boomburst</strong>!<br></div><div class="battle-history"><small>(Tornadus lost <abbr title="−19/299">6.4%</abbr> of its health!)</small><br></div><div class="spacer battle-history"><br></div><div class="battle-history">Tornadus fainted!<br></div><div class="spacer battle-history"><br></div><div class="battle-history">Go! Florges (<strong>Florges-Yellow</strong>)!<br></div><div class="battle-history"><small>Florges was caught in a sticky web!</small><br></div><div class="battle-history"><small>Florges's Speed fell!</small><br></div><div class="battle-history"><small>Pointed stones dug into Florges!</small><br></div><div class="spacer battle-history"><br></div><h2 class="battle-history">Turn 17</h2><div class="spacer battle-history"><br></div><div class="battle-history">Zen Iniesta withdrew Noivern!<br></div><div class="battle-history">Zen Iniesta sent out <strong>Toxicroak</strong>!<br></div><div class="battle-history"><small>The opposing Toxicroak was caught in a sticky web!</small><br></div><div class="battle-history"><small>The opposing Toxicroak's Speed fell!</small><br></div><div class="battle-history"><small>The opposing Toxicroak is hurt by the spikes!</small><br></div><div class="spacer battle-history"><br></div><div class="battle-history">Florges used <strong>Psychic</strong>!<br></div><div class="battle-history"><small>It's super effective!</small><br></div><div class="battle-history"><small>(The opposing Toxicroak lost <abbr title="−256/307">83.4%</abbr> of its health!)</small><br></div><div class="spacer battle-history"><br></div><div class="battle-history">The opposing Toxicroak fainted!<br></div><div class="spacer battle-history"><br></div><div class="battle-history"><small>Florges restored a little HP using its Leftovers!</small><br></div><div class="battle-history"><small>Florges was hurt by poison!</small><br></div><div class="chat chatmessage-spunky07216"><strong style="color:hsl(0,48%,49.15029360593921%)"><small>☆</small><span class="username" data-name="spunky07216">spunky07216</span>:</strong> <em>U mad.bruh&gt;</em></div><div class="spacer battle-history"><br></div><div class="battle-history">Zen Iniesta sent out <strong>Noivern</strong>!<br></div><div class="spacer battle-history"><br></div><h2 class="battle-history">Turn 18</h2><div class="spacer battle-history"><br></div><div class="battle-history">The opposing Noivern used <strong>Boomburst</strong>!<br></div><div class="battle-history"><small>(Florges lost <abbr title="−147/360">40.8%</abbr> of its health!)</small><br></div><div class="spacer battle-history"><br></div><div class="battle-history">Florges used <strong>Moonblast</strong>!<br></div><div class="battle-history"><small>It's super effective!</small><br></div><div class="battle-history"><small>(The opposing Noivern lost <abbr title="−311/311">100%</abbr> of its health!)</small><br></div><div class="spacer battle-history"><br></div><div class="battle-history">The opposing Noivern fainted!<br></div><div class="spacer battle-history"><br></div><div class="battle-history"><strong>spunky07216</strong> won the battle!<br></div><div class="chat chatmessage-zeniniesta"><strong style="color:hsl(275,88%,52.113130132022235%)"><small>☆</small><span class="username" data-name="Zen Iniesta">Zen Iniesta</span>:</strong> <em>nice predict</em></div><div class="chat chatmessage-zeniniesta"><strong style="color:hsl(275,88%,52.113130132022235%)"><small>☆</small><span class="username" data-name="Zen Iniesta">Zen Iniesta</span>:</strong> <em>gg</em></div><div class="chat"><small>Zen Iniesta left.</small></div><div class="chat chatmessage-spunky07216"><strong style="color:hsl(0,48%,49.15029360593921%)"><small>☆</small><span class="username" data-name="spunky07216">spunky07216</span>:</strong> <em>gg</em></div><div class="chat">spunky07216's rating: 1045 → <strong>1088</strong><br>(+43 for winning)</div><div class="chat">Zen Iniesta's rating: 1149 → <strong>1117</strong><br>(-32 for losing)</div></div><div class="inner-preempt"></div></div></div>
</div>
<script>
let daily = Math.floor(Date.now()/1000/60/60/24);document.write('<script src="https://play.pokemonshowdown.com/js/replay-embed.js?version'+daily+'"></'+'script>');
</script>
