<!DOCTYPE html>
<meta charset="utf-8" />
<!-- version 1 -->
<title>UU replay: Parnstar vs. Spriteling</title>
<style>
html,body {font-family:Verdana, sans-serif;font-size:10pt;margin:0;padding:0;}body{padding:12px 0;} .battle-log {font-family:Verdana, sans-serif;font-size:10pt;} .battle-log-inline {border:1px solid #AAAAAA;background:#EEF2F5;color:black;max-width:640px;margin:0 auto 80px;padding-bottom:5px;} .battle-log .inner {padding:4px 8px 0px 8px;} .battle-log .inner-preempt {padding:0 8px 4px 8px;} .battle-log .inner-after {margin-top:0.5em;} .battle-log h2 {margin:0.5em -8px;padding:4px 8px;border:1px solid #AAAAAA;background:#E0E7EA;border-left:0;border-right:0;font-family:Verdana, sans-serif;font-size:13pt;} .battle-log .chat {vertical-align:middle;padding:3px 0 3px 0;font-size:8pt;} .battle-log .chat strong {color:#40576A;} .battle-log .chat em {padding:1px 4px 1px 3px;color:#000000;font-style:normal;} .chat.mine {background:rgba(0,0,0,0.05);margin-left:-8px;margin-right:-8px;padding-left:8px;padding-right:8px;} .spoiler {color:#BBBBBB;background:#BBBBBB;padding:0px 3px;} .spoiler:hover, .spoiler:active, .spoiler-shown {color:#000000;background:#E2E2E2;padding:0px 3px;} .spoiler a {color:#BBBBBB;} .spoiler:hover a, .spoiler:active a, .spoiler-shown a {color:#2288CC;} .chat code, .chat .spoiler:hover code, .chat .spoiler:active code, .chat .spoiler-shown code {border:1px solid #C0C0C0;background:#EEEEEE;color:black;padding:0 2px;} .chat .spoiler code {border:1px solid #CCCCCC;background:#CCCCCC;color:#CCCCCC;} .battle-log .rated {padding:3px 4px;} .battle-log .rated strong {color:white;background:#89A;padding:1px 4px;border-radius:4px;} .spacer {margin-top:0.5em;} .message-announce {background:#6688AA;color:white;padding:1px 4px 2px;} .message-announce a, .broadcast-green a, .broadcast-blue a, .broadcast-red a {color:#DDEEFF;} .broadcast-green {background-color:#559955;color:white;padding:2px 4px;} .broadcast-blue {background-color:#6688AA;color:white;padding:2px 4px;} .infobox {border:1px solid #6688AA;padding:2px 4px;} .infobox-limited {max-height:200px;overflow:auto;overflow-x:hidden;} .broadcast-red {background-color:#AA5544;color:white;padding:2px 4px;} .message-learn-canlearn {font-weight:bold;color:#228822;text-decoration:underline;} .message-learn-cannotlearn {font-weight:bold;color:#CC2222;text-decoration:underline;} .message-effect-weak {font-weight:bold;color:#CC2222;} .message-effect-resist {font-weight:bold;color:#6688AA;} .message-effect-immune {font-weight:bold;color:#666666;} .message-learn-list {margin-top:0;margin-bottom:0;} .message-throttle-notice, .message-error {color:#992222;} .message-overflow, .chat small.message-overflow {font-size:0pt;} .message-overflow::before {font-size:9pt;content:'...';} .subtle {color:#3A4A66;}
</style>
<div class="wrapper replay-wrapper" style="max-width:1180px;margin:0 auto">
<input type="hidden" name="replayid" value="uu-583257418" />
<div class="battle"></div><div class="battle-log"></div><div class="replay-controls"></div><div class="replay-controls-2"></div>
<h1 style="font-weight:normal;text-align:center"><strong>UU</strong><br /><a href="http://pokemonshowdown.com/users/parnstar" class="subtle" target="_blank">Parnstar</a> vs. <a href="http://pokemonshowdown.com/users/spriteling" class="subtle" target="_blank">Spriteling</a></h1>
<script type="text/plain" class="battle-log-data">|j|Parnstar
|j|Spriteling
|player|p1|Parnstar|21
|teamsize|p1|6
|player|p2|Spriteling|265
|teamsize|p2|6
|gametype|singles
|gen|6
|tier|UU
|rated
|seed|63466,901,17339,46931
|rule|Sleep Clause Mod: Limit one foe put to sleep
|rule|Species Clause: Limit one of each Pokémon
|rule|OHKO Clause: OHKO moves are banned
|rule|Moody Clause: Moody is banned
|rule|Evasion Moves Clause: Evasion moves are banned
|rule|Endless Battle Clause: Forcing endless battles is banned
|rule|HP Percentage Mod: HP is shown in percentages
|clearpoke
|poke|p1|Crawdaunt, F|item
|poke|p1|Mamoswine, F|item
|poke|p1|Whimsicott, F|item
|poke|p1|Heliolisk, F|item
|poke|p1|Toxicroak, F|item
|poke|p1|Donphan, M|item
|poke|p2|Infernape, M|item
|poke|p2|Aerodactyl, F|item
|poke|p2|Metagross|item
|poke|p2|Tentacruel, F|item
|poke|p2|Whimsicott, M|item
|poke|p2|Heracross, M|item
|rule|Swagger Clause: Swagger is banned
|rule|Baton Pass Clause: Limit one Baton Passer, can't pass Spe and other stats simultaneously
|teampreview
|choice|team 1, team 2, team 3, team 4, team 5, team 6|team 3, team 2, team 1, team 4, team 5, team 6
|
|start
|switch|p1a: nipple pinchy|Crawdaunt, F|267\/267
|switch|p2a: Metagross|Metagross|301\/301
|turn|1
|choice|move knockoff|move grassknot
|
|move|p2a: Metagross|Grass Knot|p1a: nipple pinchy
|-supereffective|p1a: nipple pinchy
|-damage|p1a: nipple pinchy|49\/267
|-damage|p2a: Metagross|271\/301|[from] item: Life Orb
|move|p1a: nipple pinchy|Knock Off|p2a: Metagross
|-supereffective|p2a: Metagross
|-crit|p2a: Metagross
|-damage|p2a: Metagross|0 fnt
|-enditem|p2a: Metagross|Life Orb|[from] move: Knock Off|[of] p1a: nipple pinchy
|faint|p2a: Metagross
|
|upkeep
|choice||switch 5
|
|switch|p2a: Whimsicott|Whimsicott, M|261\/261
|turn|2
|choice|switch 3|move gigadrain
|
|switch|p1a: pressccott|Whimsicott, F|261\/261
|move|p2a: Whimsicott|Giga Drain|p1a: pressccott
|-resisted|p1a: pressccott
|-damage|p1a: pressccott|203\/261
|
|upkeep
|turn|3
|choice|move moonblast|switch 6
|
|switch|p2a: Heracross|Heracross, M|301\/301
|move|p1a: pressccott|Moonblast|p2a: Heracross
|-supereffective|p2a: Heracross
|-damage|p2a: Heracross|17\/301
|
|upkeep
|turn|4
|choice|move naturepower|move megahorn
|
|move|p1a: pressccott|Nature Power|p2a: Heracross
|move|p1a: pressccott|Tri Attack|p2a: Heracross|[from]Nature Power
|-damage|p2a: Heracross|0 fnt
|faint|p2a: Heracross
|
|upkeep
|choice||switch 2
|
|switch|p2a: Aerodactyl|Aerodactyl, F|301\/301
|-ability|p2a: Aerodactyl|Pressure
|turn|5
|choice|move naturepower|move aerialace mega
|
|detailschange|p2a: Aerodactyl|Aerodactyl-Mega, F
|-mega|p2a: Aerodactyl|Aerodactyl|Aerodactylite
|move|p1a: pressccott|Nature Power|p2a: Aerodactyl
|move|p1a: pressccott|Tri Attack|p2a: Aerodactyl|[from]Nature Power
|-resisted|p2a: Aerodactyl
|-damage|p2a: Aerodactyl|267\/301
|move|p2a: Aerodactyl|Aerial Ace|p1a: pressccott
|-supereffective|p1a: pressccott
|-damage|p1a: pressccott|0 fnt
|faint|p1a: pressccott
|
|upkeep
|choice|switch 2|
|
|switch|p1a: dragon slayer|Mamoswine, F|361\/361
|turn|6
|choice|move iciclecrash|move stoneedge
|
|move|p2a: Aerodactyl|Stone Edge|p1a: dragon slayer|[miss]
|-miss|p2a: Aerodactyl|p1a: dragon slayer
|move|p1a: dragon slayer|Icicle Crash|p2a: Aerodactyl
|-supereffective|p2a: Aerodactyl
|-crit|p2a: Aerodactyl
|-damage|p2a: Aerodactyl|0 fnt
|faint|p2a: Aerodactyl
|
|upkeep
|choice||switch 3
|
|switch|p2a: Infernape|Infernape, M|293\/293
|turn|7
|choice|move earthquake|move flareblitz
|
|move|p2a: Infernape|Flare Blitz|p1a: dragon slayer
|-supereffective|p1a: dragon slayer
|-damage|p1a: dragon slayer|53\/361
|-damage|p2a: Infernape|191\/293|[from] Recoil|[of] p1a: dragon slayer
|move|p1a: dragon slayer|Earthquake|p2a: Infernape
|-supereffective|p2a: Infernape
|-damage|p2a: Infernape|0 fnt
|faint|p2a: Infernape
|
|upkeep
|choice||switch 6
|
|switch|p2a: Whimsicott|Whimsicott, M|261\/261
|turn|8
|choice|move iceshard|move gigadrain
|
|move|p1a: dragon slayer|Ice Shard|p2a: Whimsicott
|-supereffective|p2a: Whimsicott
|-enditem|p2a: Whimsicott|Yache Berry|[eat]
|-enditem|p2a: Whimsicott|Yache Berry|[weaken]
|-damage|p2a: Whimsicott|174\/261
|move|p2a: Whimsicott|Giga Drain|p1a: dragon slayer
|-supereffective|p1a: dragon slayer
|-damage|p1a: dragon slayer|0 fnt
|-heal|p2a: Whimsicott|201\/261|[from] drain|[of] p1a: dragon slayer
|faint|p1a: dragon slayer
|
|upkeep
|choice|switch 5|
|
|switch|p1a: arse gaper|Toxicroak, F|307\/307
|turn|9
|choice|move gunkshot|move moonblast
|
|move|p2a: Whimsicott|Moonblast|p1a: arse gaper
|-damage|p1a: arse gaper|138\/307
|-unboost|p1a: arse gaper|spa|1
|move|p1a: arse gaper|Gunk Shot|p2a: Whimsicott
|-supereffective|p2a: Whimsicott
|-damage|p2a: Whimsicott|0 fnt
|-damage|p1a: arse gaper|108\/307|[from] item: Life Orb
|faint|p2a: Whimsicott
|
|upkeep
|choice||switch 4
|
|switch|p2a: Tentacruel|Tentacruel, F|362\/362
|turn|10
|c|☆Spriteling|gg
|inactive|Battle timer is ON: inactive players will automatically lose when time's up. (requested by Spriteling)
|c|☆Parnstar|gg
|choice|move swordsdance|move rapidspin
|
|move|p2a: Tentacruel|Rapid Spin|p1a: arse gaper
|-damage|p1a: arse gaper|95\/307
|move|p1a: arse gaper|Swords Dance|p1a: arse gaper
|-boost|p1a: arse gaper|atk|2
|
|upkeep
|turn|11
|choice|move gunkshot|move toxicspikes
|
|move|p2a: Tentacruel|Toxic Spikes|p1a: arse gaper
|-sidestart|p1: Parnstar|move: Toxic Spikes
|move|p1a: arse gaper|Gunk Shot|p2a: Tentacruel
|-resisted|p2a: Tentacruel
|-damage|p2a: Tentacruel|19\/362
|-damage|p1a: arse gaper|65\/307|[from] item: Life Orb
|
|-heal|p2a: Tentacruel|41\/362|[from] item: Black Sludge
|upkeep
|turn|12
|choice|move drainpunch|move toxicspikes
|
|move|p2a: Tentacruel|Toxic Spikes|p1a: arse gaper
|-sidestart|p1: Parnstar|move: Toxic Spikes
|move|p1a: arse gaper|Drain Punch|p2a: Tentacruel
|-resisted|p2a: Tentacruel
|-damage|p2a: Tentacruel|0 fnt
|-heal|p1a: arse gaper|86\/307|[from] drain|[of] p2a: Tentacruel
|-damage|p1a: arse gaper|56\/307|[from] item: Life Orb
|faint|p2a: Tentacruel
|
|win|Parnstar
|raw|Parnstar's rating: 1365 &rarr; <strong>1372<\/strong><br \/>(+7 for winning)
|raw|Spriteling's rating: 1106 &rarr; <strong>1097<\/strong><br \/>(-9 for losing)
|l|Spriteling</script>
</div>
<div class="battle-log battle-log-inline"><div class="inner"><div class="battle-options"></div><div class="inner"><div class="chat"><small>Parnstar joined.</small></div><div class="chat"><small>Spriteling joined.</small></div><div class=""><small>Format:</small> <br><strong>UU</strong></div><div class="rated"><strong>Rated battle</strong></div><div class=""><small><em>Sleep Clause Mod:</em> Limit one foe put to sleep</small></div><div class=""><small><em>Species Clause:</em> Limit one of each Pokémon</small></div><div class=""><small><em>OHKO Clause:</em> OHKO moves are banned</small></div><div class=""><small><em>Moody Clause:</em> Moody is banned</small></div><div class=""><small><em>Evasion Moves Clause:</em> Evasion moves are banned</small></div><div class=""><small><em>Endless Battle Clause:</em> Forcing endless battles is banned</small></div><div class=""><small><em>HP Percentage Mod:</em> HP is shown in percentages</small></div><div class=""><small><em>Swagger Clause:</em> Swagger is banned</small></div><div class=""><small><em>Baton Pass Clause:</em> Limit one Baton Passer, can't pass Spe and other stats simultaneously</small></div><div class="chat battle-history"><strong>Parnstar's team:</strong> <em style="color:#445566;display:block;">Crawdaunt / Mamoswine / Whimsicott / Heliolisk / Toxicroak / Donphan</em></div><div class="chat battle-history"><strong>Spriteling's team:</strong> <em style="color:#445566;display:block;">Infernape / Aerodactyl / Metagross / Tentacruel / Whimsicott / Heracross</em></div><div class="spacer battle-history"><br></div><div class="battle-history">Battle started between Parnstar and Spriteling!<br></div><div class="spacer battle-history"><br></div><div class="battle-history">Go! nipple pinchy (<strong>Crawdaunt</strong>)!<br></div><div class="spacer battle-history"><br></div><div class="battle-history">Spriteling sent out <strong>Metagross</strong>!<br></div><div class="spacer battle-history"><br></div><h2 class="battle-history">Turn 1</h2><div class="spacer battle-history"><br></div><div class="battle-history">The opposing Metagross used <strong>Grass Knot</strong>!<br></div><div class="battle-history"><small>It's super effective!</small><br></div><div class="battle-history"><small>(nipple pinchy lost <abbr title="−218/267">81.6%</abbr> of its health!)</small><br></div><div class="battle-history"><small>The opposing Metagross lost some of its HP!</small><br></div><div class="spacer battle-history"><br></div><div class="battle-history">nipple pinchy used <strong>Knock Off</strong>!<br></div><div class="battle-history"><small>It's super effective!</small><br></div><div class="battle-history"><small>A critical hit!</small><br></div><div class="battle-history"><small>(The opposing Metagross lost <abbr title="−271/301">90.0%</abbr> of its health!)</small><br></div><div class="battle-history"><small>nipple pinchy knocked off the opposing Metagross's Life Orb!</small><br></div><div class="spacer battle-history"><br></div><div class="battle-history">The opposing Metagross fainted!<br></div><div class="spacer battle-history"><br></div><div class="battle-history">Spriteling sent out <strong>Whimsicott</strong>!<br></div><div class="spacer battle-history"><br></div><h2 class="battle-history">Turn 2</h2><div class="spacer battle-history"><br></div><div class="battle-history">nipple pinchy, come back!<br></div><div class="battle-history">Go! pressccott (<strong>Whimsicott</strong>)!<br></div><div class="spacer battle-history"><br></div><div class="battle-history">The opposing Whimsicott used <strong>Giga Drain</strong>!<br></div><div class="battle-history"><small>It's not very effective...</small><br></div><div class="battle-history"><small>(pressccott lost <abbr title="−58/261">22.2%</abbr> of its health!)</small><br></div><div class="spacer battle-history"><br></div><h2 class="battle-history">Turn 3</h2><div class="spacer battle-history"><br></div><div class="battle-history">Spriteling withdrew Whimsicott!<br></div><div class="battle-history">Spriteling sent out <strong>Heracross</strong>!<br></div><div class="spacer battle-history"><br></div><div class="battle-history">pressccott used <strong>Moonblast</strong>!<br></div><div class="battle-history"><small>It's super effective!</small><br></div><div class="battle-history"><small>(The opposing Heracross lost <abbr title="−284/301">94.4%</abbr> of its health!)</small><br></div><div class="spacer battle-history"><br></div><h2 class="battle-history">Turn 4</h2><div class="spacer battle-history"><br></div><div class="battle-history">pressccott used <strong>Nature Power</strong>!<br></div><div class="spacer battle-history"><br></div><div class="battle-history">Nature Power turned into Tri Attack!<br></div><div class="battle-history"><small>(The opposing Heracross lost <abbr title="−17/301">5.6%</abbr> of its health!)</small><br></div><div class="spacer battle-history"><br></div><div class="battle-history">The opposing Heracross fainted!<br></div><div class="spacer battle-history"><br></div><div class="battle-history">Spriteling sent out <strong>Aerodactyl</strong>!<br></div><div class="battle-history"><small>[The opposing Aerodactyl's Pressure]</small><br><small>The opposing Aerodactyl is exerting its pressure!</small><br></div><div class="spacer battle-history"><br></div><h2 class="battle-history">Turn 5</h2><div class="spacer battle-history"><br></div><div class="battle-history"><small>The opposing Aerodactyl's Aerodactylite is reacting to Spriteling's Mega Bracelet!</small><br>The opposing Aerodactyl has Mega Evolved into Mega Aerodactyl!<br></div><div class="spacer battle-history"><br></div><div class="battle-history">pressccott used <strong>Nature Power</strong>!<br></div><div class="spacer battle-history"><br></div><div class="battle-history">Nature Power turned into Tri Attack!<br></div><div class="battle-history"><small>It's not very effective...</small><br></div><div class="battle-history"><small>(The opposing Aerodactyl lost <abbr title="−34/301">11.3%</abbr> of its health!)</small><br></div><div class="spacer battle-history"><br></div><div class="battle-history">The opposing Aerodactyl used <strong>Aerial Ace</strong>!<br></div><div class="battle-history"><small>It's super effective!</small><br></div><div class="battle-history"><small>(pressccott lost <abbr title="−203/261">77.8%</abbr> of its health!)</small><br></div><div class="spacer battle-history"><br></div><div class="battle-history">pressccott fainted!<br></div><div class="spacer battle-history"><br></div><div class="battle-history">Go! dragon slayer (<strong>Mamoswine</strong>)!<br></div><div class="spacer battle-history"><br></div><h2 class="battle-history">Turn 6</h2><div class="spacer battle-history"><br></div><div class="battle-history">The opposing Aerodactyl used <strong>Stone Edge</strong>!<br></div><div class="battle-history"><small>dragon slayer avoided the attack!</small><br></div><div class="spacer battle-history"><br></div><div class="battle-history">dragon slayer used <strong>Icicle Crash</strong>!<br></div><div class="battle-history"><small>It's super effective!</small><br></div><div class="battle-history"><small>A critical hit!</small><br></div><div class="battle-history"><small>(The opposing Aerodactyl lost <abbr title="−267/301">88.7%</abbr> of its health!)</small><br></div><div class="spacer battle-history"><br></div><div class="battle-history">The opposing Aerodactyl fainted!<br></div><div class="spacer battle-history"><br></div><div class="battle-history">Spriteling sent out <strong>Infernape</strong>!<br></div><div class="spacer battle-history"><br></div><h2 class="battle-history">Turn 7</h2><div class="spacer battle-history"><br></div><div class="battle-history">The opposing Infernape used <strong>Flare Blitz</strong>!<br></div><div class="battle-history"><small>It's super effective!</small><br></div><div class="battle-history"><small>(dragon slayer lost <abbr title="−308/361">85.3%</abbr> of its health!)</small><br></div><div class="battle-history"><small>The opposing Infernape is damaged by the recoil!</small><br></div><div class="spacer battle-history"><br></div><div class="battle-history">dragon slayer used <strong>Earthquake</strong>!<br></div><div class="battle-history"><small>It's super effective!</small><br></div><div class="battle-history"><small>(The opposing Infernape lost <abbr title="−191/293">65.2%</abbr> of its health!)</small><br></div><div class="spacer battle-history"><br></div><div class="battle-history">The opposing Infernape fainted!<br></div><div class="spacer battle-history"><br></div><div class="battle-history">Spriteling sent out <strong>Whimsicott</strong>!<br></div><div class="spacer battle-history"><br></div><h2 class="battle-history">Turn 8</h2><div class="spacer battle-history"><br></div><div class="battle-history">dragon slayer used <strong>Ice Shard</strong>!<br></div><div class="battle-history"><small>It's super effective!</small><br></div><div class="battle-history"><small>The opposing Whimsicott ate its Yache Berry!</small><br></div><div class="battle-history"><small>The Yache Berry weakened the damage to the opposing Whimsicott!</small><br></div><div class="battle-history"><small>(The opposing Whimsicott lost <abbr title="−87/261">33.3%</abbr> of its health!)</small><br></div><div class="spacer battle-history"><br></div><div class="battle-history">The opposing Whimsicott used <strong>Giga Drain</strong>!<br></div><div class="battle-history"><small>It's super effective!</small><br></div><div class="battle-history"><small>(dragon slayer lost <abbr title="−53/361">14.7%</abbr> of its health!)</small><br></div><div class="battle-history"><small>dragon slayer had its energy drained!</small><br></div><div class="spacer battle-history"><br></div><div class="battle-history">dragon slayer fainted!<br></div><div class="spacer battle-history"><br></div><div class="battle-history">Go! arse gaper (<strong>Toxicroak</strong>)!<br></div><div class="spacer battle-history"><br></div><h2 class="battle-history">Turn 9</h2><div class="spacer battle-history"><br></div><div class="battle-history">The opposing Whimsicott used <strong>Moonblast</strong>!<br></div><div class="battle-history"><small>(arse gaper lost <abbr title="−169/307">55.0%</abbr> of its health!)</small><br></div><div class="battle-history"><small>arse gaper's Special Attack fell!</small><br></div><div class="spacer battle-history"><br></div><div class="battle-history">arse gaper used <strong>Gunk Shot</strong>!<br></div><div class="battle-history"><small>It's super effective!</small><br></div><div class="battle-history"><small>(The opposing Whimsicott lost <abbr title="−201/261">77.0%</abbr> of its health!)</small><br></div><div class="battle-history"><small>arse gaper lost some of its HP!</small><br></div><div class="spacer battle-history"><br></div><div class="battle-history">The opposing Whimsicott fainted!<br></div><div class="spacer battle-history"><br></div><div class="battle-history">Spriteling sent out <strong>Tentacruel</strong>!<br></div><div class="spacer battle-history"><br></div><h2 class="battle-history">Turn 10</h2><div class="chat chatmessage-spriteling"><strong style="color:hsl(27,66%,42%)"><small>☆</small><span class="username" data-name="Spriteling">Spriteling</span>:</strong> <em>gg</em></div><div class="chat message-error">Battle timer is ON: inactive players will automatically lose when time's up. (requested by Spriteling)</div><div class="chat chatmessage-parnstar"><strong style="color:hsl(41,84%,41.163999978976825%)"><small>☆</small><span class="username" data-name="Parnstar">Parnstar</span>:</strong> <em>gg</em></div><div class="spacer battle-history"><br></div><div class="battle-history">The opposing Tentacruel used <strong>Rapid Spin</strong>!<br></div><div class="battle-history"><small>(arse gaper lost <abbr title="−13/307">4.2%</abbr> of its health!)</small><br></div><div class="spacer battle-history"><br></div><div class="battle-history">arse gaper used <strong>Swords Dance</strong>!<br></div><div class="battle-history"><small>arse gaper's Attack rose sharply!</small><br></div><div class="spacer battle-history"><br></div><h2 class="battle-history">Turn 11</h2><div class="spacer battle-history"><br></div><div class="battle-history">The opposing Tentacruel used <strong>Toxic Spikes</strong>!<br></div><div class="battle-history"><small>Poison spikes were scattered on the ground all around your team!</small><br></div><div class="spacer battle-history"><br></div><div class="battle-history">arse gaper used <strong>Gunk Shot</strong>!<br></div><div class="battle-history"><small>It's not very effective...</small><br></div><div class="battle-history"><small>(The opposing Tentacruel lost <abbr title="−343/362">94.8%</abbr> of its health!)</small><br></div><div class="battle-history"><small>arse gaper lost some of its HP!</small><br></div><div class="spacer battle-history"><br></div><div class="battle-history"><small>The opposing Tentacruel restored a little HP using its Black Sludge!</small><br></div><div class="spacer battle-history"><br></div><h2 class="battle-history">Turn 12</h2><div class="spacer battle-history"><br></div><div class="battle-history">The opposing Tentacruel used <strong>Toxic Spikes</strong>!<br></div><div class="battle-history"><small>Poison spikes were scattered on the ground all around your team!</small><br></div><div class="spacer battle-history"><br></div><div class="battle-history">arse gaper used <strong>Drain Punch</strong>!<br></div><div class="battle-history"><small>It's not very effective...</small><br></div><div class="battle-history"><small>(The opposing Tentacruel lost <abbr title="−41/362">11.3%</abbr> of its health!)</small><br></div><div class="battle-history"><small>The opposing Tentacruel had its energy drained!</small><br></div><div class="battle-history"><small>arse gaper lost some of its HP!</small><br></div><div class="spacer battle-history"><br></div><div class="battle-history">The opposing Tentacruel fainted!<br></div><div class="spacer battle-history"><br></div><div class="battle-history"><strong>Parnstar</strong> won the battle!<br></div><div class="chat">Parnstar's rating: 1365 → <strong>1372</strong><br>(+7 for winning)</div><div class="chat">Spriteling's rating: 1106 → <strong>1097</strong><br>(-9 for losing)</div><div class="chat"><small>Spriteling left.</small></div></div><div class="inner-preempt"></div></div></div>
</div>
<script>
let daily = Math.floor(Date.now()/1000/60/60/24);document.write('<script src="https://play.pokemonshowdown.com/js/replay-embed.js?version'+daily+'"></'+'script>');
</script>
