<!DOCTYPE html>
<meta charset="utf-8" />
<!-- version 1 -->
<title>UU replay: burnednick96 vs. AkatsukiKakuzu</title>
<style>
html,body {font-family:Verdana, sans-serif;font-size:10pt;margin:0;padding:0;}body{padding:12px 0;} .battle-log {font-family:Verdana, sans-serif;font-size:10pt;} .battle-log-inline {border:1px solid #AAAAAA;background:#EEF2F5;color:black;max-width:640px;margin:0 auto 80px;padding-bottom:5px;} .battle-log .inner {padding:4px 8px 0px 8px;} .battle-log .inner-preempt {padding:0 8px 4px 8px;} .battle-log .inner-after {margin-top:0.5em;} .battle-log h2 {margin:0.5em -8px;padding:4px 8px;border:1px solid #AAAAAA;background:#E0E7EA;border-left:0;border-right:0;font-family:Verdana, sans-serif;font-size:13pt;} .battle-log .chat {vertical-align:middle;padding:3px 0 3px 0;font-size:8pt;} .battle-log .chat strong {color:#40576A;} .battle-log .chat em {padding:1px 4px 1px 3px;color:#000000;font-style:normal;} .chat.mine {background:rgba(0,0,0,0.05);margin-left:-8px;margin-right:-8px;padding-left:8px;padding-right:8px;} .spoiler {color:#BBBBBB;background:#BBBBBB;padding:0px 3px;} .spoiler:hover, .spoiler:active, .spoiler-shown {color:#000000;background:#E2E2E2;padding:0px 3px;} .spoiler a {color:#BBBBBB;} .spoiler:hover a, .spoiler:active a, .spoiler-shown a {color:#2288CC;} .chat code, .chat .spoiler:hover code, .chat .spoiler:active code, .chat .spoiler-shown code {border:1px solid #C0C0C0;background:#EEEEEE;color:black;padding:0 2px;} .chat .spoiler code {border:1px solid #CCCCCC;background:#CCCCCC;color:#CCCCCC;} .battle-log .rated {padding:3px 4px;} .battle-log .rated strong {color:white;background:#89A;padding:1px 4px;border-radius:4px;} .spacer {margin-top:0.5em;} .message-announce {background:#6688AA;color:white;padding:1px 4px 2px;} .message-announce a, .broadcast-green a, .broadcast-blue a, .broadcast-red a {color:#DDEEFF;} .broadcast-green {background-color:#559955;color:white;padding:2px 4px;} .broadcast-blue {background-color:#6688AA;color:white;padding:2px 4px;} .infobox {border:1px solid #6688AA;padding:2px 4px;} .infobox-limited {max-height:200px;overflow:auto;overflow-x:hidden;} .broadcast-red {background-color:#AA5544;color:white;padding:2px 4px;} .message-learn-canlearn {font-weight:bold;color:#228822;text-decoration:underline;} .message-learn-cannotlearn {font-weight:bold;color:#CC2222;text-decoration:underline;} .message-effect-weak {font-weight:bold;color:#CC2222;} .message-effect-resist {font-weight:bold;color:#6688AA;} .message-effect-immune {font-weight:bold;color:#666666;} .message-learn-list {margin-top:0;margin-bottom:0;} .message-throttle-notice, .message-error {color:#992222;} .message-overflow, .chat small.message-overflow {font-size:0pt;} .message-overflow::before {font-size:9pt;content:'...';} .subtle {color:#3A4A66;}
</style>
<div class="wrapper replay-wrapper" style="max-width:1180px;margin:0 auto">
<input type="hidden" name="replayid" value="uu-543250938" />
<div class="battle"></div><div class="battle-log"></div><div class="replay-controls"></div><div class="replay-controls-2"></div>
<h1 style="font-weight:normal;text-align:center"><strong>UU</strong><br /><a href="http://pokemonshowdown.com/users/burnednick96" class="subtle" target="_blank">burnednick96</a> vs. <a href="http://pokemonshowdown.com/users/akatsukikakuzu" class="subtle" target="_blank">AkatsukiKakuzu</a></h1>
<script type="text/plain" class="battle-log-data">|j|burnednick96
|j|AkatsukiKakuzu
|player|p1|burnednick96|266
|player|p2|AkatsukiKakuzu|266
|gametype|singles
|gen|6
|tier|UU
|rated
|seed|27235,7850,592,40044
|rule|Sleep Clause Mod: Limit one foe put to sleep
|rule|Species Clause: Limit one of each Pokémon
|rule|OHKO Clause: OHKO moves are banned
|rule|Moody Clause: Moody is banned
|rule|Evasion Moves Clause: Evasion moves are banned
|rule|Endless Battle Clause: Forcing endless battles is banned
|rule|HP Percentage Mod: HP is shown in percentages
|clearpoke
|poke|p1|Machamp, M|item
|poke|p1|Hydreigon, F|item
|poke|p1|Darmanitan, M|item
|poke|p1|Trevenant, F|item
|poke|p1|Forretress, F|item
|poke|p1|Quagsire, M|item
|poke|p2|Stantler, M|item
|poke|p2|Braviary, M|item
|poke|p2|Lucario, M|item
|poke|p2|Kingdra, F|item
|poke|p2|Rapidash, F|item
|poke|p2|Feraligatr, F|item
|rule|Swagger Clause: Swagger is banned
|rule|Baton Pass Clause: Limit one Baton Passer, can't pass Spe and other stats simultaneously
|teampreview
|choice|team 5, team 2, team 3, team 4, team 1, team 6|team 3, team 2, team 1, team 4, team 5, team 6
|
|start
|switch|p1a: TRAITOR|Forretress, F|354\/354
|switch|p2a: Lucario|Lucario, M|281\/281
|turn|1
|choice|move spikes|move swordsdance
|
|move|p2a: Lucario|Swords Dance|p2a: Lucario
|-boost|p2a: Lucario|atk|2
|move|p1a: TRAITOR|Spikes|p2a: Lucario
|-sidestart|p2: AkatsukiKakuzu|Spikes
|
|upkeep
|turn|2
|choice|switch 6|move swordsdance
|
|switch|p1a: Quagsire|Quagsire, M|394\/394
|move|p2a: Lucario|Swords Dance|p2a: Lucario
|-boost|p2a: Lucario|atk|2
|
|upkeep
|turn|3
|choice|move earthquake|switch 3
|
|switch|p2a: Stantler|Stantler, M|287\/287
|-damage|p2a: Stantler|252\/287|[from] Spikes
|-ability|p2a: Stantler|Intimidate|boost
|-unboost|p1a: Quagsire|atk|1
|move|p1a: Quagsire|Earthquake|p2a: Stantler
|-damage|p2a: Stantler|140\/287
|
|upkeep
|turn|4
|choice|switch 6|move energyball
|
|switch|p1a: TRAITOR|Forretress, F|354\/354
|move|p2a: Stantler|Energy Ball|p1a: TRAITOR
|-resisted|p1a: TRAITOR
|-damage|p1a: TRAITOR|327\/354
|-unboost|p1a: TRAITOR|spd|1
|-damage|p2a: Stantler|112\/287|[from] item: Life Orb
|
|-heal|p1a: TRAITOR|349\/354|[from] item: Leftovers
|upkeep
|turn|5
|choice|move spikes|move jumpkick
|
|move|p2a: Stantler|Jump Kick|p1a: TRAITOR
|-damage|p1a: TRAITOR|265\/354
|-damage|p2a: Stantler|84\/287|[from] item: Life Orb
|move|p1a: TRAITOR|Spikes|p2a: Stantler
|-sidestart|p2: AkatsukiKakuzu|Spikes
|
|-heal|p1a: TRAITOR|287\/354|[from] item: Leftovers
|upkeep
|turn|6
|choice|move spikes|move jumpkick
|
|move|p2a: Stantler|Jump Kick|p1a: TRAITOR
|-damage|p1a: TRAITOR|209\/354
|-damage|p2a: Stantler|56\/287|[from] item: Life Orb
|move|p1a: TRAITOR|Spikes|p2a: Stantler
|-sidestart|p2: AkatsukiKakuzu|Spikes
|
|-heal|p1a: TRAITOR|231\/354|[from] item: Leftovers
|upkeep
|turn|7
|choice|switch 4|move jumpkick
|
|switch|p1a: Forbidden Tree|Trevenant, F|372\/372
|move|p2a: Stantler|Jump Kick|p1a: Forbidden Tree
|-immune|p1a: Forbidden Tree|[msg]
|-damage|p2a: Stantler|0 fnt|[from] jumpkick
|faint|p2a: Stantler
|
|upkeep
|choice||switch 4
|
|switch|p2a: Kingdra|Kingdra, F|291\/291
|-damage|p2a: Kingdra|219\/291|[from] Spikes
|turn|8
|choice|move hornleech|move focusenergy
|
|move|p2a: Kingdra|Focus Energy|p2a: Kingdra
|-start|p2a: Kingdra|move: Focus Energy
|move|p1a: Forbidden Tree|Horn Leech|p2a: Kingdra
|-damage|p2a: Kingdra|122\/291
|
|upkeep
|turn|9
|choice|move leechseed|move dracometeor
|
|move|p2a: Kingdra|Draco Meteor|p1a: Forbidden Tree
|-crit|p1a: Forbidden Tree
|-damage|p1a: Forbidden Tree|26\/372
|-unboost|p2a: Kingdra|spa|2
|move|p1a: Forbidden Tree|Leech Seed|p2a: Kingdra
|-start|p2a: Kingdra|move: Leech Seed
|
|-damage|p2a: Kingdra|86\/291|[from] Leech Seed|[of] p1a: Forbidden Tree
|-heal|p1a: Forbidden Tree|62\/372|[silent]
|upkeep
|turn|10
|choice|switch 6|move icebeam
|
|switch|p1a: Quagsire|Quagsire, M|394\/394
|move|p2a: Kingdra|Ice Beam|p1a: Quagsire
|-crit|p1a: Quagsire
|-damage|p1a: Quagsire|105\/394
|
|-heal|p1a: Quagsire|129\/394|[from] item: Leftovers
|-damage|p2a: Kingdra|50\/291|[from] Leech Seed|[of] p1a: Quagsire
|-heal|p1a: Quagsire|165\/394|[silent]
|upkeep
|turn|11
|choice|move earthquake|move dracometeor
|
|move|p2a: Kingdra|Draco Meteor|p1a: Quagsire
|-crit|p1a: Quagsire
|-damage|p1a: Quagsire|0 fnt
|-unboost|p2a: Kingdra|spa|2
|faint|p1a: Quagsire
|
|upkeep
|choice|switch 3|
|
|switch|p1a: NOOke|Darmanitan, M|351\/351
|turn|12
|choice|move uturn|move scald
|
|move|p1a: NOOke|U-turn|p2a: Kingdra
|-damage|p2a: Kingdra|0 fnt
|faint|p2a: Kingdra
|choice|switch 4|
|
|switch|p1a: TRAITOR|Forretress, F|231\/354
|
|-heal|p1a: TRAITOR|253\/354|[from] item: Leftovers
|upkeep
|choice||switch 5
|
|switch|p2a: Rapidash|Rapidash, F|271\/271
|-damage|p2a: Rapidash|204\/271|[from] Spikes
|turn|13
|choice|move voltswitch|move megahorn
|
|move|p2a: Rapidash|Megahorn|p1a: TRAITOR
|-resisted|p1a: TRAITOR
|-crit|p1a: TRAITOR
|-damage|p1a: TRAITOR|183\/354
|-damage|p2a: Rapidash|177\/271|[from] item: Life Orb
|move|p1a: TRAITOR|Volt Switch|p2a: Rapidash
|-damage|p2a: Rapidash|136\/271
|choice|switch 4|
|
|switch|p1a: NOOke|Darmanitan, M|351\/351
|
|upkeep
|turn|14
|choice|move earthquake|move wildcharge
|
|move|p1a: NOOke|Earthquake|p2a: Rapidash
|-supereffective|p2a: Rapidash
|-damage|p2a: Rapidash|0 fnt
|faint|p2a: Rapidash
|
|upkeep
|choice||switch 2
|
|switch|p2a: Braviary|Braviary, M|341\/341
|turn|15
|choice|switch 4|move bravebird
|
|switch|p1a: TRAITOR|Forretress, F|183\/354
|move|p2a: Braviary|Brave Bird|p1a: TRAITOR
|-damage|p1a: TRAITOR|0 fnt
|-damage|p2a: Braviary|281\/341|[from] recoil|[of] p1a: TRAITOR
|faint|p1a: TRAITOR
|
|upkeep
|choice|switch 4|
|
|switch|p1a: NOOke|Darmanitan, M|351\/351
|turn|16
|choice|move flareblitz|switch 6
|
|switch|p2a: Feraligatr|Feraligatr, F|311\/311
|-damage|p2a: Feraligatr|234\/311|[from] Spikes
|move|p1a: NOOke|Flare Blitz|p2a: Feraligatr
|-resisted|p2a: Feraligatr
|-damage|p2a: Feraligatr|90\/311
|-damage|p1a: NOOke|303\/351|[from] recoil|[of] p2a: Feraligatr
|
|upkeep
|turn|17
|choice|move flareblitz|move aquajet
|
|move|p2a: Feraligatr|Aqua Jet|p1a: NOOke
|-supereffective|p1a: NOOke
|-damage|p1a: NOOke|0 fnt
|faint|p1a: NOOke
|
|upkeep
|choice|switch 5|
|
|switch|p1a: JOOHN CENA|Machamp, M|383\/383
|turn|18
|choice|move dynamicpunch|move aquatail
|
|move|p2a: Feraligatr|Aqua Tail|p1a: JOOHN CENA
|-crit|p1a: JOOHN CENA
|-damage|p1a: JOOHN CENA|0 fnt
|faint|p1a: JOOHN CENA
|
|upkeep
|choice|switch 6|
|
|switch|p1a: Forbidden Tree|Trevenant, F|62\/372
|turn|19
|choice|move rest|move icepunch
|
|move|p2a: Feraligatr|Ice Punch|p1a: Forbidden Tree
|-supereffective|p1a: Forbidden Tree
|-damage|p1a: Forbidden Tree|0 fnt
|faint|p1a: Forbidden Tree
|
|upkeep
|choice|switch 2|
|
|switch|p1a: Edwuardo|Hydreigon, F|325\/325
|turn|20
|choice|move uturn|move aquajet
|
|move|p2a: Feraligatr|Aqua Jet|p1a: Edwuardo
|-resisted|p1a: Edwuardo
|-damage|p1a: Edwuardo|270\/325
|move|p1a: Edwuardo|U-turn|p2a: Feraligatr
|-damage|p2a: Feraligatr|37\/311
|
|upkeep
|turn|21
|choice|move uturn|move aquajet
|
|move|p2a: Feraligatr|Aqua Jet|p1a: Edwuardo
|-resisted|p1a: Edwuardo
|-damage|p1a: Edwuardo|216\/325
|move|p1a: Edwuardo|U-turn|p2a: Feraligatr
|-damage|p2a: Feraligatr|0 fnt
|faint|p2a: Feraligatr
|
|upkeep
|choice||switch 3
|
|switch|p2a: Lucario|Lucario, M|281\/281
|-damage|p2a: Lucario|211\/281|[from] Spikes
|turn|22
|choice|move uturn|move closecombat
|
|move|p1a: Edwuardo|U-turn|p2a: Lucario
|-resisted|p2a: Lucario
|-damage|p2a: Lucario|194\/281
|move|p2a: Lucario|Close Combat|p1a: Edwuardo
|-supereffective|p1a: Edwuardo
|-damage|p1a: Edwuardo|0 fnt
|-unboost|p2a: Lucario|def|1
|-unboost|p2a: Lucario|spd|1
|-damage|p2a: Lucario|166\/281|[from] item: Life Orb
|faint|p1a: Edwuardo
|
|win|AkatsukiKakuzu
|player|p1
|player|p2
|raw|burnednick96's rating: 1000 &rarr; <strong>1000<\/strong><br \/>(+0 for losing)
|raw|AkatsukiKakuzu's rating: 1011 &rarr; <strong>1048<\/strong><br \/>(+37 for winning)</script>
</div>
<div class="battle-log battle-log-inline"><div class="inner"><div class="battle-options"></div><div class="inner"><div class="chat"><small>burnednick96 joined.</small></div><div class="chat"><small>AkatsukiKakuzu joined.</small></div><div class=""><small>Format:</small> <br><strong>UU</strong></div><div class="rated"><strong>Rated battle</strong></div><div class=""><small><em>Sleep Clause Mod:</em> Limit one foe put to sleep</small></div><div class=""><small><em>Species Clause:</em> Limit one of each Pokémon</small></div><div class=""><small><em>OHKO Clause:</em> OHKO moves are banned</small></div><div class=""><small><em>Moody Clause:</em> Moody is banned</small></div><div class=""><small><em>Evasion Moves Clause:</em> Evasion moves are banned</small></div><div class=""><small><em>Endless Battle Clause:</em> Forcing endless battles is banned</small></div><div class=""><small><em>HP Percentage Mod:</em> HP is shown in percentages</small></div><div class=""><small><em>Swagger Clause:</em> Swagger is banned</small></div><div class=""><small><em>Baton Pass Clause:</em> Limit one Baton Passer, can't pass Spe and other stats simultaneously</small></div><div class="chat battle-history"><strong>burnednick96's team:</strong> <em style="color:#445566;display:block;">Machamp / Hydreigon / Darmanitan / Trevenant / Forretress / Quagsire</em></div><div class="chat battle-history"><strong>AkatsukiKakuzu's team:</strong> <em style="color:#445566;display:block;">Stantler / Braviary / Lucario / Kingdra / Rapidash / Feraligatr</em></div><div class="spacer battle-history"><br></div><div class="battle-history">Battle started between burnednick96 and AkatsukiKakuzu!<br></div><div class="spacer battle-history"><br></div><div class="battle-history">Go! TRAITOR (<strong>Forretress</strong>)!<br></div><div class="spacer battle-history"><br></div><div class="battle-history">AkatsukiKakuzu sent out <strong>Lucario</strong>!<br></div><div class="spacer battle-history"><br></div><h2 class="battle-history">Turn 1</h2><div class="spacer battle-history"><br></div><div class="battle-history">The opposing Lucario used <strong>Swords Dance</strong>!<br></div><div class="battle-history"><small>The opposing Lucario's Attack rose sharply!</small><br></div><div class="spacer battle-history"><br></div><div class="battle-history">TRAITOR used <strong>Spikes</strong>!<br></div><div class="battle-history"><small>Spikes were scattered on the ground all around the opposing team!</small><br></div><div class="spacer battle-history"><br></div><h2 class="battle-history">Turn 2</h2><div class="spacer battle-history"><br></div><div class="battle-history">TRAITOR, come back!<br></div><div class="battle-history">Go! <strong>Quagsire</strong>!<br></div><div class="spacer battle-history"><br></div><div class="battle-history">The opposing Lucario used <strong>Swords Dance</strong>!<br></div><div class="battle-history"><small>The opposing Lucario's Attack rose sharply!</small><br></div><div class="spacer battle-history"><br></div><h2 class="battle-history">Turn 3</h2><div class="spacer battle-history"><br></div><div class="battle-history">AkatsukiKakuzu withdrew Lucario!<br></div><div class="battle-history">AkatsukiKakuzu sent out <strong>Stantler</strong>!<br></div><div class="battle-history"><small>The opposing Stantler is hurt by the spikes!</small><br></div><div class="battle-history"><small>[The opposing Stantler's Intimidate]</small><br></div><div class="battle-history"><small>Quagsire's Attack fell!</small><br></div><div class="spacer battle-history"><br></div><div class="battle-history">Quagsire used <strong>Earthquake</strong>!<br></div><div class="battle-history"><small>(The opposing Stantler lost <abbr title="−112/287">39.0%</abbr> of its health!)</small><br></div><div class="spacer battle-history"><br></div><h2 class="battle-history">Turn 4</h2><div class="spacer battle-history"><br></div><div class="battle-history">Quagsire, come back!<br></div><div class="battle-history">Go! TRAITOR (<strong>Forretress</strong>)!<br></div><div class="spacer battle-history"><br></div><div class="battle-history">The opposing Stantler used <strong>Energy Ball</strong>!<br></div><div class="battle-history"><small>It's not very effective...</small><br></div><div class="battle-history"><small>(TRAITOR lost <abbr title="−27/354">7.6%</abbr> of its health!)</small><br></div><div class="battle-history"><small>TRAITOR's Special Defense fell!</small><br></div><div class="battle-history"><small>The opposing Stantler lost some of its HP!</small><br></div><div class="spacer battle-history"><br></div><div class="battle-history"><small>TRAITOR restored a little HP using its Leftovers!</small><br></div><div class="spacer battle-history"><br></div><h2 class="battle-history">Turn 5</h2><div class="spacer battle-history"><br></div><div class="battle-history">The opposing Stantler used <strong>Jump Kick</strong>!<br></div><div class="battle-history"><small>(TRAITOR lost <abbr title="−84/354">23.7%</abbr> of its health!)</small><br></div><div class="battle-history"><small>The opposing Stantler lost some of its HP!</small><br></div><div class="spacer battle-history"><br></div><div class="battle-history">TRAITOR used <strong>Spikes</strong>!<br></div><div class="battle-history"><small>Spikes were scattered on the ground all around the opposing team!</small><br></div><div class="spacer battle-history"><br></div><div class="battle-history"><small>TRAITOR restored a little HP using its Leftovers!</small><br></div><div class="spacer battle-history"><br></div><h2 class="battle-history">Turn 6</h2><div class="spacer battle-history"><br></div><div class="battle-history">The opposing Stantler used <strong>Jump Kick</strong>!<br></div><div class="battle-history"><small>(TRAITOR lost <abbr title="−78/354">22.0%</abbr> of its health!)</small><br></div><div class="battle-history"><small>The opposing Stantler lost some of its HP!</small><br></div><div class="spacer battle-history"><br></div><div class="battle-history">TRAITOR used <strong>Spikes</strong>!<br></div><div class="battle-history"><small>Spikes were scattered on the ground all around the opposing team!</small><br></div><div class="spacer battle-history"><br></div><div class="battle-history"><small>TRAITOR restored a little HP using its Leftovers!</small><br></div><div class="spacer battle-history"><br></div><h2 class="battle-history">Turn 7</h2><div class="spacer battle-history"><br></div><div class="battle-history">TRAITOR, come back!<br></div><div class="battle-history">Go! Forbidden Tree (<strong>Trevenant</strong>)!<br></div><div class="spacer battle-history"><br></div><div class="battle-history">The opposing Stantler used <strong>Jump Kick</strong>!<br></div><div class="battle-history"><small>It doesn't affect Forbidden Tree...</small><br></div><div class="battle-history"><small>The opposing Stantler kept going and crashed!</small><br></div><div class="spacer battle-history"><br></div><div class="battle-history">The opposing Stantler fainted!<br></div><div class="spacer battle-history"><br></div><div class="battle-history">AkatsukiKakuzu sent out <strong>Kingdra</strong>!<br></div><div class="battle-history"><small>The opposing Kingdra is hurt by the spikes!</small><br></div><div class="spacer battle-history"><br></div><h2 class="battle-history">Turn 8</h2><div class="spacer battle-history"><br></div><div class="battle-history">The opposing Kingdra used <strong>Focus Energy</strong>!<br></div><div class="battle-history"><small>The opposing Kingdra is getting pumped!</small><br></div><div class="spacer battle-history"><br></div><div class="battle-history">Forbidden Tree used <strong>Horn Leech</strong>!<br></div><div class="battle-history"><small>(The opposing Kingdra lost <abbr title="−97/291">33.3%</abbr> of its health!)</small><br></div><div class="spacer battle-history"><br></div><h2 class="battle-history">Turn 9</h2><div class="spacer battle-history"><br></div><div class="battle-history">The opposing Kingdra used <strong>Draco Meteor</strong>!<br></div><div class="battle-history"><small>A critical hit!</small><br></div><div class="battle-history"><small>(Forbidden Tree lost <abbr title="−346/372">93.0%</abbr> of its health!)</small><br></div><div class="battle-history"><small>The opposing Kingdra's Special Attack fell harshly!</small><br></div><div class="spacer battle-history"><br></div><div class="battle-history">Forbidden Tree used <strong>Leech Seed</strong>!<br></div><div class="battle-history"><small>The opposing Kingdra was seeded!</small><br></div><div class="spacer battle-history"><br></div><div class="battle-history"><small>The opposing Kingdra's health is sapped by Leech Seed!</small><br></div><div class="spacer battle-history"><br></div><h2 class="battle-history">Turn 10</h2><div class="spacer battle-history"><br></div><div class="battle-history">Forbidden Tree, come back!<br></div><div class="battle-history">Go! <strong>Quagsire</strong>!<br></div><div class="spacer battle-history"><br></div><div class="battle-history">The opposing Kingdra used <strong>Ice Beam</strong>!<br></div><div class="battle-history"><small>A critical hit!</small><br></div><div class="battle-history"><small>(Quagsire lost <abbr title="−289/394">73.4%</abbr> of its health!)</small><br></div><div class="spacer battle-history"><br></div><div class="battle-history"><small>Quagsire restored a little HP using its Leftovers!</small><br></div><div class="battle-history"><small>The opposing Kingdra's health is sapped by Leech Seed!</small><br></div><div class="spacer battle-history"><br></div><h2 class="battle-history">Turn 11</h2><div class="spacer battle-history"><br></div><div class="battle-history">The opposing Kingdra used <strong>Draco Meteor</strong>!<br></div><div class="battle-history"><small>A critical hit!</small><br></div><div class="battle-history"><small>(Quagsire lost <abbr title="−165/394">41.9%</abbr> of its health!)</small><br></div><div class="battle-history"><small>The opposing Kingdra's Special Attack fell harshly!</small><br></div><div class="spacer battle-history"><br></div><div class="battle-history">Quagsire fainted!<br></div><div class="spacer battle-history"><br></div><div class="battle-history">Go! NOOke (<strong>Darmanitan</strong>)!<br></div><div class="spacer battle-history"><br></div><h2 class="battle-history">Turn 12</h2><div class="spacer battle-history"><br></div><div class="battle-history">NOOke used <strong>U-turn</strong>!<br></div><div class="battle-history"><small>(The opposing Kingdra lost <abbr title="−50/291">17.2%</abbr> of its health!)</small><br></div><div class="spacer battle-history"><br></div><div class="battle-history">The opposing Kingdra fainted!<br></div><div class="spacer battle-history"><br></div><div class="battle-history">NOOke went back to burnednick96!<br></div><div class="battle-history">Go! TRAITOR (<strong>Forretress</strong>)!<br></div><div class="spacer battle-history"><br></div><div class="battle-history"><small>TRAITOR restored a little HP using its Leftovers!</small><br></div><div class="spacer battle-history"><br></div><div class="battle-history">AkatsukiKakuzu sent out <strong>Rapidash</strong>!<br></div><div class="battle-history"><small>The opposing Rapidash is hurt by the spikes!</small><br></div><div class="spacer battle-history"><br></div><h2 class="battle-history">Turn 13</h2><div class="spacer battle-history"><br></div><div class="battle-history">The opposing Rapidash used <strong>Megahorn</strong>!<br></div><div class="battle-history"><small>It's not very effective...</small><br></div><div class="battle-history"><small>A critical hit!</small><br></div><div class="battle-history"><small>(TRAITOR lost <abbr title="−70/354">19.8%</abbr> of its health!)</small><br></div><div class="battle-history"><small>The opposing Rapidash lost some of its HP!</small><br></div><div class="spacer battle-history"><br></div><div class="battle-history">TRAITOR used <strong>Volt Switch</strong>!<br></div><div class="battle-history"><small>(The opposing Rapidash lost <abbr title="−41/271">15.1%</abbr> of its health!)</small><br></div><div class="spacer battle-history"><br></div><div class="battle-history">TRAITOR went back to burnednick96!<br></div><div class="battle-history">Go! NOOke (<strong>Darmanitan</strong>)!<br></div><div class="spacer battle-history"><br></div><h2 class="battle-history">Turn 14</h2><div class="spacer battle-history"><br></div><div class="battle-history">NOOke used <strong>Earthquake</strong>!<br></div><div class="battle-history"><small>It's super effective!</small><br></div><div class="battle-history"><small>(The opposing Rapidash lost <abbr title="−136/271">50.2%</abbr> of its health!)</small><br></div><div class="spacer battle-history"><br></div><div class="battle-history">The opposing Rapidash fainted!<br></div><div class="spacer battle-history"><br></div><div class="battle-history">AkatsukiKakuzu sent out <strong>Braviary</strong>!<br></div><div class="spacer battle-history"><br></div><h2 class="battle-history">Turn 15</h2><div class="spacer battle-history"><br></div><div class="battle-history">NOOke, come back!<br></div><div class="battle-history">Go! TRAITOR (<strong>Forretress</strong>)!<br></div><div class="spacer battle-history"><br></div><div class="battle-history">The opposing Braviary used <strong>Brave Bird</strong>!<br></div><div class="battle-history"><small>(TRAITOR lost <abbr title="−183/354">51.7%</abbr> of its health!)</small><br></div><div class="battle-history"><small>The opposing Braviary is damaged by the recoil!</small><br></div><div class="spacer battle-history"><br></div><div class="battle-history">TRAITOR fainted!<br></div><div class="spacer battle-history"><br></div><div class="battle-history">Go! NOOke (<strong>Darmanitan</strong>)!<br></div><div class="spacer battle-history"><br></div><h2 class="battle-history">Turn 16</h2><div class="spacer battle-history"><br></div><div class="battle-history">AkatsukiKakuzu withdrew Braviary!<br></div><div class="battle-history">AkatsukiKakuzu sent out <strong>Feraligatr</strong>!<br></div><div class="battle-history"><small>The opposing Feraligatr is hurt by the spikes!</small><br></div><div class="spacer battle-history"><br></div><div class="battle-history">NOOke used <strong>Flare Blitz</strong>!<br></div><div class="battle-history"><small>It's not very effective...</small><br></div><div class="battle-history"><small>(The opposing Feraligatr lost <abbr title="−144/311">46.3%</abbr> of its health!)</small><br></div><div class="battle-history"><small>NOOke is damaged by the recoil!</small><br></div><div class="spacer battle-history"><br></div><h2 class="battle-history">Turn 17</h2><div class="spacer battle-history"><br></div><div class="battle-history">The opposing Feraligatr used <strong>Aqua Jet</strong>!<br></div><div class="battle-history"><small>It's super effective!</small><br></div><div class="battle-history"><small>(NOOke lost <abbr title="−303/351">86.3%</abbr> of its health!)</small><br></div><div class="spacer battle-history"><br></div><div class="battle-history">NOOke fainted!<br></div><div class="spacer battle-history"><br></div><div class="battle-history">Go! JOOHN CENA (<strong>Machamp</strong>)!<br></div><div class="spacer battle-history"><br></div><h2 class="battle-history">Turn 18</h2><div class="spacer battle-history"><br></div><div class="battle-history">The opposing Feraligatr used <strong>Aqua Tail</strong>!<br></div><div class="battle-history"><small>A critical hit!</small><br></div><div class="battle-history"><small>(JOOHN CENA lost <abbr title="−383/383">100%</abbr> of its health!)</small><br></div><div class="spacer battle-history"><br></div><div class="battle-history">JOOHN CENA fainted!<br></div><div class="spacer battle-history"><br></div><div class="battle-history">Go! Forbidden Tree (<strong>Trevenant</strong>)!<br></div><div class="spacer battle-history"><br></div><h2 class="battle-history">Turn 19</h2><div class="spacer battle-history"><br></div><div class="battle-history">The opposing Feraligatr used <strong>Ice Punch</strong>!<br></div><div class="battle-history"><small>It's super effective!</small><br></div><div class="battle-history"><small>(Forbidden Tree lost <abbr title="−62/372">16.7%</abbr> of its health!)</small><br></div><div class="spacer battle-history"><br></div><div class="battle-history">Forbidden Tree fainted!<br></div><div class="spacer battle-history"><br></div><div class="battle-history">Go! Edwuardo (<strong>Hydreigon</strong>)!<br></div><div class="spacer battle-history"><br></div><h2 class="battle-history">Turn 20</h2><div class="spacer battle-history"><br></div><div class="battle-history">The opposing Feraligatr used <strong>Aqua Jet</strong>!<br></div><div class="battle-history"><small>It's not very effective...</small><br></div><div class="battle-history"><small>(Edwuardo lost <abbr title="−55/325">16.9%</abbr> of its health!)</small><br></div><div class="spacer battle-history"><br></div><div class="battle-history">Edwuardo used <strong>U-turn</strong>!<br></div><div class="battle-history"><small>(The opposing Feraligatr lost <abbr title="−53/311">17.0%</abbr> of its health!)</small><br></div><div class="spacer battle-history"><br></div><h2 class="battle-history">Turn 21</h2><div class="spacer battle-history"><br></div><div class="battle-history">The opposing Feraligatr used <strong>Aqua Jet</strong>!<br></div><div class="battle-history"><small>It's not very effective...</small><br></div><div class="battle-history"><small>(Edwuardo lost <abbr title="−54/325">16.6%</abbr> of its health!)</small><br></div><div class="spacer battle-history"><br></div><div class="battle-history">Edwuardo used <strong>U-turn</strong>!<br></div><div class="battle-history"><small>(The opposing Feraligatr lost <abbr title="−37/311">11.9%</abbr> of its health!)</small><br></div><div class="spacer battle-history"><br></div><div class="battle-history">The opposing Feraligatr fainted!<br></div><div class="spacer battle-history"><br></div><div class="battle-history">AkatsukiKakuzu sent out <strong>Lucario</strong>!<br></div><div class="battle-history"><small>The opposing Lucario is hurt by the spikes!</small><br></div><div class="spacer battle-history"><br></div><h2 class="battle-history">Turn 22</h2><div class="spacer battle-history"><br></div><div class="battle-history">Edwuardo used <strong>U-turn</strong>!<br></div><div class="battle-history"><small>It's not very effective...</small><br></div><div class="battle-history"><small>(The opposing Lucario lost <abbr title="−17/281">6.0%</abbr> of its health!)</small><br></div><div class="spacer battle-history"><br></div><div class="battle-history">The opposing Lucario used <strong>Close Combat</strong>!<br></div><div class="battle-history"><small>It's super effective!</small><br></div><div class="battle-history"><small>(Edwuardo lost <abbr title="−216/325">66.5%</abbr> of its health!)</small><br></div><div class="battle-history"><small>The opposing Lucario's Defense fell!</small><br></div><div class="battle-history"><small>The opposing Lucario's Special Defense fell!</small><br></div><div class="battle-history"><small>The opposing Lucario lost some of its HP!</small><br></div><div class="spacer battle-history"><br></div><div class="battle-history">Edwuardo fainted!<br></div><div class="spacer battle-history"><br></div><div class="battle-history"><strong>AkatsukiKakuzu</strong> won the battle!<br></div><div class="chat">burnednick96's rating: 1000 → <strong>1000</strong><br>(+0 for losing)</div><div class="chat">AkatsukiKakuzu's rating: 1011 → <strong>1048</strong><br>(+37 for winning)</div></div><div class="inner-preempt"></div></div></div>
</div>
<script>
let daily = Math.floor(Date.now()/1000/60/60/24);document.write('<script src="https://play.pokemonshowdown.com/js/replay-embed.js?version'+daily+'"></'+'script>');
</script>
