<!DOCTYPE html>
<meta charset="utf-8" />
<!-- version 1 -->
<title>UU replay: Parnstar vs. A enemy stand user</title>
<style>
html,body {font-family:Verdana, sans-serif;font-size:10pt;margin:0;padding:0;}body{padding:12px 0;} .battle-log {font-family:Verdana, sans-serif;font-size:10pt;} .battle-log-inline {border:1px solid #AAAAAA;background:#EEF2F5;color:black;max-width:640px;margin:0 auto 80px;padding-bottom:5px;} .battle-log .inner {padding:4px 8px 0px 8px;} .battle-log .inner-preempt {padding:0 8px 4px 8px;} .battle-log .inner-after {margin-top:0.5em;} .battle-log h2 {margin:0.5em -8px;padding:4px 8px;border:1px solid #AAAAAA;background:#E0E7EA;border-left:0;border-right:0;font-family:Verdana, sans-serif;font-size:13pt;} .battle-log .chat {vertical-align:middle;padding:3px 0 3px 0;font-size:8pt;} .battle-log .chat strong {color:#40576A;} .battle-log .chat em {padding:1px 4px 1px 3px;color:#000000;font-style:normal;} .chat.mine {background:rgba(0,0,0,0.05);margin-left:-8px;margin-right:-8px;padding-left:8px;padding-right:8px;} .spoiler {color:#BBBBBB;background:#BBBBBB;padding:0px 3px;} .spoiler:hover, .spoiler:active, .spoiler-shown {color:#000000;background:#E2E2E2;padding:0px 3px;} .spoiler a {color:#BBBBBB;} .spoiler:hover a, .spoiler:active a, .spoiler-shown a {color:#2288CC;} .chat code, .chat .spoiler:hover code, .chat .spoiler:active code, .chat .spoiler-shown code {border:1px solid #C0C0C0;background:#EEEEEE;color:black;padding:0 2px;} .chat .spoiler code {border:1px solid #CCCCCC;background:#CCCCCC;color:#CCCCCC;} .battle-log .rated {padding:3px 4px;} .battle-log .rated strong {color:white;background:#89A;padding:1px 4px;border-radius:4px;} .spacer {margin-top:0.5em;} .message-announce {background:#6688AA;color:white;padding:1px 4px 2px;} .message-announce a, .broadcast-green a, .broadcast-blue a, .broadcast-red a {color:#DDEEFF;} .broadcast-green {background-color:#559955;color:white;padding:2px 4px;} .broadcast-blue {background-color:#6688AA;color:white;padding:2px 4px;} .infobox {border:1px solid #6688AA;padding:2px 4px;} .infobox-limited {max-height:200px;overflow:auto;overflow-x:hidden;} .broadcast-red {background-color:#AA5544;color:white;padding:2px 4px;} .message-learn-canlearn {font-weight:bold;color:#228822;text-decoration:underline;} .message-learn-cannotlearn {font-weight:bold;color:#CC2222;text-decoration:underline;} .message-effect-weak {font-weight:bold;color:#CC2222;} .message-effect-resist {font-weight:bold;color:#6688AA;} .message-effect-immune {font-weight:bold;color:#666666;} .message-learn-list {margin-top:0;margin-bottom:0;} .message-throttle-notice, .message-error {color:#992222;} .message-overflow, .chat small.message-overflow {font-size:0pt;} .message-overflow::before {font-size:9pt;content:'...';} .subtle {color:#3A4A66;}
</style>
<div class="wrapper replay-wrapper" style="max-width:1180px;margin:0 auto">
<input type="hidden" name="replayid" value="uu-546349406" />
<div class="battle"></div><div class="battle-log"></div><div class="replay-controls"></div><div class="replay-controls-2"></div>
<h1 style="font-weight:normal;text-align:center"><strong>UU</strong><br /><a href="http://pokemonshowdown.com/users/parnstar" class="subtle" target="_blank">Parnstar</a> vs. <a href="http://pokemonshowdown.com/users/aenemystanduser" class="subtle" target="_blank">A enemy stand user</a></h1>
<script type="text/plain" class="battle-log-data">|j|Parnstar
|j|A enemy stand user
|player|p1|Parnstar|21
|player|p2|A enemy stand user|10
|gametype|singles
|gen|6
|tier|UU
|rated
|seed|49159,34690,33412,61734
|rule|Sleep Clause Mod: Limit one foe put to sleep
|rule|Species Clause: Limit one of each Pokémon
|rule|OHKO Clause: OHKO moves are banned
|rule|Moody Clause: Moody is banned
|rule|Evasion Moves Clause: Evasion moves are banned
|rule|Endless Battle Clause: Forcing endless battles is banned
|rule|HP Percentage Mod: HP is shown in percentages
|clearpoke
|poke|p1|Sceptile, F|item
|poke|p1|Mamoswine, F|item
|poke|p1|Mandibuzz, F|item
|poke|p1|Hydreigon, M|item
|poke|p1|Mienshao, F|item
|poke|p1|Kyurem|item
|poke|p2|Heliolisk, F|item
|poke|p2|Cloyster, F|item
|poke|p2|Porygon-Z|item
|poke|p2|Aggron, M|item
|poke|p2|Shedinja|item
|poke|p2|Ditto|item
|rule|Swagger Clause: Swagger is banned
|rule|Baton Pass Clause: Limit one Baton Passer, can't pass Spe and other stats simultaneously
|teampreview
|choice|team 6, team 2, team 3, team 4, team 5, team 1|team 1, team 2, team 3, team 4, team 5, team 6
|
|start
|switch|p1a: One move|Kyurem|405\/405
|switch|p2a: speedy the lizard|Heliolisk, F|265\/265
|-ability|p1a: One move|Pressure
|turn|1
|c|☆A enemy stand user|havent played this  in so long. Gl and HF
|choice|move icebeam|move voltswitch
|
|move|p2a: speedy the lizard|Volt Switch|p1a: One move
|-resisted|p1a: One move
|-damage|p1a: One move|342\/405
|choice||switch 5
|
|switch|p2a: hades|Shedinja|1\/1
|move|p1a: One move|Ice Beam|p2a: hades
|-immune|p2a: hades|[msg]|[from] ability: Wonder Guard
|
|upkeep
|turn|2
|choice|move icebeam|move willowisp
|
|move|p1a: One move|Ice Beam|p2a: hades
|-immune|p2a: hades|[msg]|[from] ability: Wonder Guard
|move|p2a: hades|Will-O-Wisp|p1a: One move
|-status|p1a: One move|brn
|
|-damage|p1a: One move|292\/405 brn|[from] brn
|upkeep
|turn|3
|choice|move toxic|move swordsdance
|
|move|p1a: One move|Toxic|p2a: hades
|-status|p2a: hades|tox
|move|p2a: hades|Swords Dance|p2a: hades
|-boost|p2a: hades|atk|2
|
|-damage|p1a: One move|242\/405 brn|[from] brn
|-damage|p2a: hades|0 fnt|[from] psn
|upkeep
|faint|p2a: hades
|c|☆Parnstar|Hf
|choice||switch 3
|
|switch|p2a: Seizure procedure|Porygon-Z|311\/311
|turn|4
|choice|move dracometeor|move triattack
|
|move|p2a: Seizure procedure|Tri Attack|p1a: One move
|-damage|p1a: One move|0 fnt
|faint|p1a: One move
|
|upkeep
|choice|switch 2|
|
|switch|p1a: Stronk|Mamoswine, F|361\/361
|turn|5
|choice|move earthquake|move triattack
|
|move|p1a: Stronk|Earthquake|p2a: Seizure procedure
|-damage|p2a: Seizure procedure|42\/311
|-damage|p1a: Stronk|325\/361|[from] item: Life Orb
|move|p2a: Seizure procedure|Tri Attack|p1a: Stronk
|-damage|p1a: Stronk|0 fnt
|faint|p1a: Stronk
|
|upkeep
|choice|switch 6|
|
|switch|p1a: Gecko|Sceptile, F|281\/281
|turn|6
|choice|move dragonpulse mega|switch 5
|
|switch|p2a: speedy the lizard|Heliolisk, F|265\/265
|detailschange|p1a: Gecko|Sceptile-Mega, F
|-mega|p1a: Gecko|Sceptile|Sceptilite
|move|p1a: Gecko|Dragon Pulse|p2a: speedy the lizard
|-damage|p2a: speedy the lizard|82\/265
|
|upkeep
|turn|7
|choice|move energyball|move glare
|
|move|p1a: Gecko|Energy Ball|p2a: speedy the lizard
|-damage|p2a: speedy the lizard|0 fnt
|faint|p2a: speedy the lizard
|
|upkeep
|choice||switch 4
|
|switch|p2a: sentinel|Aggron, M|343\/343
|turn|8
|choice|move leechseed|move heavyslam mega
|
|detailschange|p2a: sentinel|Aggron-Mega, M
|-mega|p2a: sentinel|Aggron|Aggronite
|move|p1a: Gecko|Leech Seed|p2a: sentinel
|-start|p2a: sentinel|move: Leech Seed
|move|p2a: sentinel|Heavy Slam|p1a: Gecko
|-damage|p1a: Gecko|0 fnt
|faint|p1a: Gecko
|
|upkeep
|choice|switch 3|
|
|switch|p1a: Thoty|Mandibuzz, F|424\/424
|turn|9
|choice|move foulplay|move thunderpunch
|
|move|p1a: Thoty|Foul Play|p2a: sentinel
|-damage|p2a: sentinel|252\/343
|move|p2a: sentinel|Thunder Punch|p1a: Thoty
|-supereffective|p1a: Thoty
|-crit|p1a: Thoty
|-damage|p1a: Thoty|206\/424
|
|-heal|p1a: Thoty|232\/424|[from] item: Leftovers
|-damage|p2a: sentinel|210\/343|[from] Leech Seed|[of] p1a: Thoty
|-heal|p1a: Thoty|274\/424|[silent]
|upkeep
|turn|10
|choice|move roost|move heavyslam
|
|move|p1a: Thoty|Roost|p1a: Thoty
|-heal|p1a: Thoty|424\/424
|move|p2a: sentinel|Heavy Slam|p1a: Thoty
|-damage|p1a: Thoty|241\/424
|
|-heal|p1a: Thoty|267\/424|[from] item: Leftovers
|-damage|p2a: sentinel|168\/343|[from] Leech Seed|[of] p1a: Thoty
|-heal|p1a: Thoty|309\/424|[silent]
|upkeep
|turn|11
|choice|move roost|switch 2
|
|switch|p2a: ( ͡° ͜ʖ ͡°)|Cloyster, F|241\/241
|move|p1a: Thoty|Roost|p1a: Thoty
|-heal|p1a: Thoty|424\/424
|
|upkeep
|turn|12
|choice|move foulplay|move shellsmash
|
|move|p2a: ( ͡° ͜ʖ ͡°)|Shell Smash|p2a: ( ͡° ͜ʖ ͡°)
|-unboost|p2a: ( ͡° ͜ʖ ͡°)|def|1
|-unboost|p2a: ( ͡° ͜ʖ ͡°)|spd|1
|-boost|p2a: ( ͡° ͜ʖ ͡°)|atk|2
|-boost|p2a: ( ͡° ͜ʖ ͡°)|spa|2
|-boost|p2a: ( ͡° ͜ʖ ͡°)|spe|2
|-enditem|p2a: ( ͡° ͜ʖ ͡°)|White Herb
|-clearnegativeboost|p2a: ( ͡° ͜ʖ ͡°)|[silent]
|move|p1a: Thoty|Foul Play|p2a: ( ͡° ͜ʖ ͡°)
|-damage|p2a: ( ͡° ͜ʖ ͡°)|54\/241
|
|upkeep
|turn|13
|choice|move foulplay|move iciclespear
|
|move|p2a: ( ͡° ͜ʖ ͡°)|Icicle Spear|p1a: Thoty
|-supereffective|p1a: Thoty
|-damage|p1a: Thoty|314\/424
|-supereffective|p1a: Thoty
|-damage|p1a: Thoty|204\/424
|-supereffective|p1a: Thoty
|-damage|p1a: Thoty|96\/424
|-supereffective|p1a: Thoty
|-damage|p1a: Thoty|0 fnt
|-hitcount|p1a: Thoty|4
|faint|p1a: Thoty
|
|upkeep
|choice|switch 5|
|
|switch|p1a: Flappy fappy|Mienshao, F|271\/271
|turn|14
|choice|move highjumpkick|move iciclespear
|
|move|p1a: Flappy fappy|High Jump Kick|p2a: ( ͡° ͜ʖ ͡°)
|-supereffective|p2a: ( ͡° ͜ʖ ͡°)
|-damage|p2a: ( ͡° ͜ʖ ͡°)|0 fnt
|faint|p2a: ( ͡° ͜ʖ ͡°)
|
|upkeep
|choice||switch 6
|
|switch|p2a: shang tsung|Ditto|300\/300
|-transform|p2a: shang tsung|p1a: Flappy fappy|[from] ability: Imposter
|turn|15
|choice|move highjumpkick|move highjumpkick
|
|move|p2a: shang tsung|High Jump Kick|p1a: Flappy fappy|[miss]
|-miss|p2a: shang tsung|p1a: Flappy fappy
|-damage|p2a: shang tsung|150\/300|[from] highjumpkick
|move|p1a: Flappy fappy|High Jump Kick|p2a: shang tsung|[miss]
|-miss|p1a: Flappy fappy|p2a: shang tsung
|-damage|p1a: Flappy fappy|136\/271|[from] highjumpkick
|
|upkeep
|turn|16
|c|☆A enemy stand user|...
|choice|move highjumpkick|move highjumpkick
|
|move|p1a: Flappy fappy|High Jump Kick|p2a: shang tsung
|-crit|p2a: shang tsung
|-damage|p2a: shang tsung|0 fnt
|faint|p2a: shang tsung
|
|upkeep
|choice||switch 2
|
|switch|p2a: sentinel|Aggron-Mega, M|168\/343
|turn|17
|choice|move highjumpkick|move counter
|
|move|p1a: Flappy fappy|High Jump Kick|p2a: sentinel
|-supereffective|p2a: sentinel
|-damage|p2a: sentinel|0 fnt
|faint|p2a: sentinel
|
|upkeep
|choice||switch 5
|
|switch|p2a: Seizure procedure|Porygon-Z|42\/311
|turn|18
|c|☆Parnstar|It be like that some times
|c|☆A enemy stand user|i cri
|c|☆A enemy stand user|gg
|choice|move highjumpkick|move triattack
|
|move|p1a: Flappy fappy|High Jump Kick|p2a: Seizure procedure
|-supereffective|p2a: Seizure procedure
|-damage|p2a: Seizure procedure|0 fnt
|faint|p2a: Seizure procedure
|
|win|Parnstar
|player|p1
|player|p2
|c|☆Parnstar|Gg
|l|A enemy stand user
|raw|Parnstar's rating: 1250 &rarr; <strong>1259<\/strong><br \/>(+9 for winning)
|raw|A enemy stand user's rating: 1000 &rarr; <strong>1000<\/strong><br \/>(+0 for losing)</script>
</div>
<div class="battle-log battle-log-inline"><div class="inner"><div class="battle-options"></div><div class="inner"><div class="chat"><small>Parnstar joined.</small></div><div class="chat"><small>A enemy stand user joined.</small></div><div class=""><small>Format:</small> <br><strong>UU</strong></div><div class="rated"><strong>Rated battle</strong></div><div class=""><small><em>Sleep Clause Mod:</em> Limit one foe put to sleep</small></div><div class=""><small><em>Species Clause:</em> Limit one of each Pokémon</small></div><div class=""><small><em>OHKO Clause:</em> OHKO moves are banned</small></div><div class=""><small><em>Moody Clause:</em> Moody is banned</small></div><div class=""><small><em>Evasion Moves Clause:</em> Evasion moves are banned</small></div><div class=""><small><em>Endless Battle Clause:</em> Forcing endless battles is banned</small></div><div class=""><small><em>HP Percentage Mod:</em> HP is shown in percentages</small></div><div class=""><small><em>Swagger Clause:</em> Swagger is banned</small></div><div class=""><small><em>Baton Pass Clause:</em> Limit one Baton Passer, can't pass Spe and other stats simultaneously</small></div><div class="chat battle-history"><strong>Parnstar's team:</strong> <em style="color:#445566;display:block;">Sceptile / Mamoswine / Mandibuzz / Hydreigon / Mienshao / Kyurem</em></div><div class="chat battle-history"><strong>A enemy stand user's team:</strong> <em style="color:#445566;display:block;">Heliolisk / Cloyster / Porygon-Z / Aggron / Shedinja / Ditto</em></div><div class="spacer battle-history"><br></div><div class="battle-history">Battle started between Parnstar and A enemy stand user!<br></div><div class="spacer battle-history"><br></div><div class="battle-history">Go! One move (<strong>Kyurem</strong>)!<br></div><div class="spacer battle-history"><br></div><div class="battle-history">A enemy stand user sent out speedy the lizard (<strong>Heliolisk</strong>)!<br></div><div class="battle-history"><small>[One move's Pressure]</small><br><small>One move is exerting its pressure!</small><br></div><div class="spacer battle-history"><br></div><h2 class="battle-history">Turn 1</h2><div class="chat chatmessage-aenemystanduser"><strong style="color:hsl(195,64%,47.088294692454404%)"><small>☆</small><span class="username" data-name="A enemy stand user">A enemy stand user</span>:</strong> <em>havent played this  in so long. Gl and HF</em></div><div class="spacer battle-history"><br></div><div class="battle-history">The opposing speedy the lizard used <strong>Volt Switch</strong>!<br></div><div class="battle-history"><small>It's not very effective...</small><br></div><div class="battle-history"><small>(One move lost <abbr title="−63/405">15.6%</abbr> of its health!)</small><br></div><div class="spacer battle-history"><br></div><div class="battle-history">The opposing speedy the lizard went back to A enemy stand user!<br></div><div class="battle-history">A enemy stand user sent out hades (<strong>Shedinja</strong>)!<br></div><div class="spacer battle-history"><br></div><div class="battle-history">One move used <strong>Ice Beam</strong>!<br></div><div class="battle-history"><small>[The opposing hades's Wonder Guard]</small><br><small>It doesn't affect the opposing hades...</small><br></div><div class="spacer battle-history"><br></div><h2 class="battle-history">Turn 2</h2><div class="spacer battle-history"><br></div><div class="battle-history">One move used <strong>Ice Beam</strong>!<br></div><div class="battle-history"><small>[The opposing hades's Wonder Guard]</small><br><small>It doesn't affect the opposing hades...</small><br></div><div class="spacer battle-history"><br></div><div class="battle-history">The opposing hades used <strong>Will-O-Wisp</strong>!<br></div><div class="battle-history"><small>One move was burned!</small><br></div><div class="spacer battle-history"><br></div><div class="battle-history"><small>One move was hurt by its burn!</small><br></div><div class="spacer battle-history"><br></div><h2 class="battle-history">Turn 3</h2><div class="spacer battle-history"><br></div><div class="battle-history">One move used <strong>Toxic</strong>!<br></div><div class="battle-history"><small>The opposing hades was badly poisoned!</small><br></div><div class="spacer battle-history"><br></div><div class="battle-history">The opposing hades used <strong>Swords Dance</strong>!<br></div><div class="battle-history"><small>The opposing hades's Attack rose sharply!</small><br></div><div class="spacer battle-history"><br></div><div class="battle-history"><small>One move was hurt by its burn!</small><br></div><div class="battle-history"><small>The opposing hades was hurt by poison!</small><br></div><div class="spacer battle-history"><br></div><div class="battle-history">The opposing hades fainted!<br></div><div class="chat chatmessage-parnstar"><strong style="color:hsl(41,84%,41.163999978976825%)"><small>☆</small><span class="username" data-name="Parnstar">Parnstar</span>:</strong> <em>Hf</em></div><div class="spacer battle-history"><br></div><div class="battle-history">A enemy stand user sent out Seizure procedure (<strong>Porygon-Z</strong>)!<br></div><div class="spacer battle-history"><br></div><h2 class="battle-history">Turn 4</h2><div class="spacer battle-history"><br></div><div class="battle-history">The opposing Seizure procedure used <strong>Tri Attack</strong>!<br></div><div class="battle-history"><small>(One move lost <abbr title="−242/405">59.8%</abbr> of its health!)</small><br></div><div class="spacer battle-history"><br></div><div class="battle-history">One move fainted!<br></div><div class="spacer battle-history"><br></div><div class="battle-history">Go! Stronk (<strong>Mamoswine</strong>)!<br></div><div class="spacer battle-history"><br></div><h2 class="battle-history">Turn 5</h2><div class="spacer battle-history"><br></div><div class="battle-history">Stronk used <strong>Earthquake</strong>!<br></div><div class="battle-history"><small>(The opposing Seizure procedure lost <abbr title="−269/311">86.5%</abbr> of its health!)</small><br></div><div class="battle-history"><small>Stronk lost some of its HP!</small><br></div><div class="spacer battle-history"><br></div><div class="battle-history">The opposing Seizure procedure used <strong>Tri Attack</strong>!<br></div><div class="battle-history"><small>(Stronk lost <abbr title="−325/361">90.0%</abbr> of its health!)</small><br></div><div class="spacer battle-history"><br></div><div class="battle-history">Stronk fainted!<br></div><div class="spacer battle-history"><br></div><div class="battle-history">Go! Gecko (<strong>Sceptile</strong>)!<br></div><div class="spacer battle-history"><br></div><h2 class="battle-history">Turn 6</h2><div class="spacer battle-history"><br></div><div class="battle-history">A enemy stand user withdrew Seizure procedure!<br></div><div class="battle-history">A enemy stand user sent out speedy the lizard (<strong>Heliolisk</strong>)!<br></div><div class="spacer battle-history"><br></div><div class="battle-history"><small>Gecko's Sceptilite is reacting to Parnstar's Mega Bracelet!</small><br>Gecko has Mega Evolved into Mega Sceptile!<br></div><div class="spacer battle-history"><br></div><div class="battle-history">Gecko used <strong>Dragon Pulse</strong>!<br></div><div class="battle-history"><small>(The opposing speedy the lizard lost <abbr title="−183/265">69.1%</abbr> of its health!)</small><br></div><div class="spacer battle-history"><br></div><h2 class="battle-history">Turn 7</h2><div class="spacer battle-history"><br></div><div class="battle-history">Gecko used <strong>Energy Ball</strong>!<br></div><div class="battle-history"><small>(The opposing speedy the lizard lost <abbr title="−82/265">30.9%</abbr> of its health!)</small><br></div><div class="spacer battle-history"><br></div><div class="battle-history">The opposing speedy the lizard fainted!<br></div><div class="spacer battle-history"><br></div><div class="battle-history">A enemy stand user sent out sentinel (<strong>Aggron</strong>)!<br></div><div class="spacer battle-history"><br></div><h2 class="battle-history">Turn 8</h2><div class="spacer battle-history"><br></div><div class="battle-history"><small>The opposing sentinel's Aggronite is reacting to A enemy stand user's Mega Bracelet!</small><br>The opposing sentinel has Mega Evolved into Mega Aggron!<br></div><div class="spacer battle-history"><br></div><div class="battle-history">Gecko used <strong>Leech Seed</strong>!<br></div><div class="battle-history"><small>The opposing sentinel was seeded!</small><br></div><div class="spacer battle-history"><br></div><div class="battle-history">The opposing sentinel used <strong>Heavy Slam</strong>!<br></div><div class="battle-history"><small>(Gecko lost <abbr title="−281/281">100%</abbr> of its health!)</small><br></div><div class="spacer battle-history"><br></div><div class="battle-history">Gecko fainted!<br></div><div class="spacer battle-history"><br></div><div class="battle-history">Go! Thoty (<strong>Mandibuzz</strong>)!<br></div><div class="spacer battle-history"><br></div><h2 class="battle-history">Turn 9</h2><div class="spacer battle-history"><br></div><div class="battle-history">Thoty used <strong>Foul Play</strong>!<br></div><div class="battle-history"><small>(The opposing sentinel lost <abbr title="−91/343">26.5%</abbr> of its health!)</small><br></div><div class="spacer battle-history"><br></div><div class="battle-history">The opposing sentinel used <strong>Thunder Punch</strong>!<br></div><div class="battle-history"><small>It's super effective!</small><br></div><div class="battle-history"><small>A critical hit!</small><br></div><div class="battle-history"><small>(Thoty lost <abbr title="−218/424">51.4%</abbr> of its health!)</small><br></div><div class="spacer battle-history"><br></div><div class="battle-history"><small>Thoty restored a little HP using its Leftovers!</small><br></div><div class="battle-history"><small>The opposing sentinel's health is sapped by Leech Seed!</small><br></div><div class="spacer battle-history"><br></div><h2 class="battle-history">Turn 10</h2><div class="spacer battle-history"><br></div><div class="battle-history">Thoty used <strong>Roost</strong>!<br></div><div class="battle-history"><small>Thoty restored its HP.</small><br></div><div class="spacer battle-history"><br></div><div class="battle-history">The opposing sentinel used <strong>Heavy Slam</strong>!<br></div><div class="battle-history"><small>(Thoty lost <abbr title="−183/424">43.2%</abbr> of its health!)</small><br></div><div class="spacer battle-history"><br></div><div class="battle-history"><small>Thoty restored a little HP using its Leftovers!</small><br></div><div class="battle-history"><small>The opposing sentinel's health is sapped by Leech Seed!</small><br></div><div class="spacer battle-history"><br></div><h2 class="battle-history">Turn 11</h2><div class="spacer battle-history"><br></div><div class="battle-history">A enemy stand user withdrew sentinel!<br></div><div class="battle-history">A enemy stand user sent out ( ͡° ͜ʖ ͡°) (<strong>Cloyster</strong>)!<br></div><div class="spacer battle-history"><br></div><div class="battle-history">Thoty used <strong>Roost</strong>!<br></div><div class="battle-history"><small>Thoty restored its HP.</small><br></div><div class="spacer battle-history"><br></div><h2 class="battle-history">Turn 12</h2><div class="spacer battle-history"><br></div><div class="battle-history">The opposing ( ͡° ͜ʖ ͡°) used <strong>Shell Smash</strong>!<br></div><div class="battle-history"><small>The opposing ( ͡° ͜ʖ ͡°)'s Defense fell!</small><br></div><div class="battle-history"><small>The opposing ( ͡° ͜ʖ ͡°)'s Special Defense fell!</small><br></div><div class="battle-history"><small>The opposing ( ͡° ͜ʖ ͡°)'s Attack rose sharply!</small><br></div><div class="battle-history"><small>The opposing ( ͡° ͜ʖ ͡°)'s Special Attack rose sharply!</small><br></div><div class="battle-history"><small>The opposing ( ͡° ͜ʖ ͡°)'s Speed rose sharply!</small><br></div><div class="battle-history"><small>The opposing ( ͡° ͜ʖ ͡°) returned its status to normal using its White Herb!</small><br></div><div class="spacer battle-history"><br></div><div class="battle-history">Thoty used <strong>Foul Play</strong>!<br></div><div class="battle-history"><small>(The opposing ( ͡° ͜ʖ ͡°) lost <abbr title="−187/241">77.6%</abbr> of its health!)</small><br></div><div class="spacer battle-history"><br></div><h2 class="battle-history">Turn 13</h2><div class="spacer battle-history"><br></div><div class="battle-history">The opposing ( ͡° ͜ʖ ͡°) used <strong>Icicle Spear</strong>!<br></div><div class="battle-history"><small>It's super effective!</small><br></div><div class="battle-history"><small>(Thoty lost <abbr title="−110/424">25.9%</abbr> of its health!)</small><br></div><div class="battle-history"><small>It's super effective!</small><br></div><div class="battle-history"><small>(Thoty lost <abbr title="−110/424">25.9%</abbr> of its health!)</small><br></div><div class="battle-history"><small>It's super effective!</small><br></div><div class="battle-history"><small>(Thoty lost <abbr title="−108/424">25.5%</abbr> of its health!)</small><br></div><div class="battle-history"><small>It's super effective!</small><br></div><div class="battle-history"><small>(Thoty lost <abbr title="−96/424">22.6%</abbr> of its health!)</small><br></div><div class="battle-history"><small>Hit 4 times!</small><br></div><div class="spacer battle-history"><br></div><div class="battle-history">Thoty fainted!<br></div><div class="spacer battle-history"><br></div><div class="battle-history">Go! Flappy fappy (<strong>Mienshao</strong>)!<br></div><div class="spacer battle-history"><br></div><h2 class="battle-history">Turn 14</h2><div class="spacer battle-history"><br></div><div class="battle-history">Flappy fappy used <strong>High Jump Kick</strong>!<br></div><div class="battle-history"><small>It's super effective!</small><br></div><div class="battle-history"><small>(The opposing ( ͡° ͜ʖ ͡°) lost <abbr title="−54/241">22.4%</abbr> of its health!)</small><br></div><div class="spacer battle-history"><br></div><div class="battle-history">The opposing ( ͡° ͜ʖ ͡°) fainted!<br></div><div class="spacer battle-history"><br></div><div class="battle-history">A enemy stand user sent out shang tsung (<strong>Ditto</strong>)!<br></div><div class="battle-history"><small>[The opposing shang tsung's Imposter]</small><br>The opposing shang tsung transformed into Mienshao!<br></div><div class="spacer battle-history"><br></div><h2 class="battle-history">Turn 15</h2><div class="spacer battle-history"><br></div><div class="battle-history">The opposing shang tsung used <strong>High Jump Kick</strong>!<br></div><div class="battle-history"><small>Flappy fappy avoided the attack!</small><br></div><div class="battle-history"><small>The opposing shang tsung kept going and crashed!</small><br></div><div class="spacer battle-history"><br></div><div class="battle-history">Flappy fappy used <strong>High Jump Kick</strong>!<br></div><div class="battle-history"><small>The opposing shang tsung avoided the attack!</small><br></div><div class="battle-history"><small>Flappy fappy kept going and crashed!</small><br></div><div class="spacer battle-history"><br></div><h2 class="battle-history">Turn 16</h2><div class="chat chatmessage-aenemystanduser"><strong style="color:hsl(195,64%,47.088294692454404%)"><small>☆</small><span class="username" data-name="A enemy stand user">A enemy stand user</span>:</strong> <em>...</em></div><div class="spacer battle-history"><br></div><div class="battle-history">Flappy fappy used <strong>High Jump Kick</strong>!<br></div><div class="battle-history"><small>A critical hit!</small><br></div><div class="battle-history"><small>(The opposing shang tsung lost <abbr title="−150/300">50%</abbr> of its health!)</small><br></div><div class="spacer battle-history"><br></div><div class="battle-history">The opposing shang tsung fainted!<br></div><div class="spacer battle-history"><br></div><div class="battle-history">A enemy stand user sent out sentinel (<strong>Aggron-Mega</strong>)!<br></div><div class="spacer battle-history"><br></div><h2 class="battle-history">Turn 17</h2><div class="spacer battle-history"><br></div><div class="battle-history">Flappy fappy used <strong>High Jump Kick</strong>!<br></div><div class="battle-history"><small>It's super effective!</small><br></div><div class="battle-history"><small>(The opposing sentinel lost <abbr title="−168/343">49.0%</abbr> of its health!)</small><br></div><div class="spacer battle-history"><br></div><div class="battle-history">The opposing sentinel fainted!<br></div><div class="spacer battle-history"><br></div><div class="battle-history">A enemy stand user sent out Seizure procedure (<strong>Porygon-Z</strong>)!<br></div><div class="spacer battle-history"><br></div><h2 class="battle-history">Turn 18</h2><div class="chat chatmessage-parnstar"><strong style="color:hsl(41,84%,41.163999978976825%)"><small>☆</small><span class="username" data-name="Parnstar">Parnstar</span>:</strong> <em>It be like that some times</em></div><div class="chat chatmessage-aenemystanduser"><strong style="color:hsl(195,64%,47.088294692454404%)"><small>☆</small><span class="username" data-name="A enemy stand user">A enemy stand user</span>:</strong> <em>i cri</em></div><div class="chat chatmessage-aenemystanduser"><strong style="color:hsl(195,64%,47.088294692454404%)"><small>☆</small><span class="username" data-name="A enemy stand user">A enemy stand user</span>:</strong> <em>gg</em></div><div class="spacer battle-history"><br></div><div class="battle-history">Flappy fappy used <strong>High Jump Kick</strong>!<br></div><div class="battle-history"><small>It's super effective!</small><br></div><div class="battle-history"><small>(The opposing Seizure procedure lost <abbr title="−42/311">13.5%</abbr> of its health!)</small><br></div><div class="spacer battle-history"><br></div><div class="battle-history">The opposing Seizure procedure fainted!<br></div><div class="spacer battle-history"><br></div><div class="battle-history"><strong>Parnstar</strong> won the battle!<br></div><div class="chat chatmessage-parnstar"><strong style="color:hsl(41,84%,41.163999978976825%)"><small>☆</small><span class="username" data-name="Parnstar">Parnstar</span>:</strong> <em>Gg</em></div><div class="chat"><small>A enemy stand user left.</small></div><div class="chat">Parnstar's rating: 1250 → <strong>1259</strong><br>(+9 for winning)</div><div class="chat">A enemy stand user's rating: 1000 → <strong>1000</strong><br>(+0 for losing)</div></div><div class="inner-preempt"></div></div></div>
</div>
<script>
let daily = Math.floor(Date.now()/1000/60/60/24);document.write('<script src="https://play.pokemonshowdown.com/js/replay-embed.js?version'+daily+'"></'+'script>');
</script>
