<!DOCTYPE html>
<meta charset="utf-8" />
<!-- version 1 -->
<title>UU replay: Skyford! vs. Greenheroes</title>
<style>
html,body {font-family:Verdana, sans-serif;font-size:10pt;margin:0;padding:0;}body{padding:12px 0;} .battle-log {font-family:Verdana, sans-serif;font-size:10pt;} .battle-log-inline {border:1px solid #AAAAAA;background:#EEF2F5;color:black;max-width:640px;margin:0 auto 80px;padding-bottom:5px;} .battle-log .inner {padding:4px 8px 0px 8px;} .battle-log .inner-preempt {padding:0 8px 4px 8px;} .battle-log .inner-after {margin-top:0.5em;} .battle-log h2 {margin:0.5em -8px;padding:4px 8px;border:1px solid #AAAAAA;background:#E0E7EA;border-left:0;border-right:0;font-family:Verdana, sans-serif;font-size:13pt;} .battle-log .chat {vertical-align:middle;padding:3px 0 3px 0;font-size:8pt;} .battle-log .chat strong {color:#40576A;} .battle-log .chat em {padding:1px 4px 1px 3px;color:#000000;font-style:normal;} .chat.mine {background:rgba(0,0,0,0.05);margin-left:-8px;margin-right:-8px;padding-left:8px;padding-right:8px;} .spoiler {color:#BBBBBB;background:#BBBBBB;padding:0px 3px;} .spoiler:hover, .spoiler:active, .spoiler-shown {color:#000000;background:#E2E2E2;padding:0px 3px;} .spoiler a {color:#BBBBBB;} .spoiler:hover a, .spoiler:active a, .spoiler-shown a {color:#2288CC;} .chat code, .chat .spoiler:hover code, .chat .spoiler:active code, .chat .spoiler-shown code {border:1px solid #C0C0C0;background:#EEEEEE;color:black;padding:0 2px;} .chat .spoiler code {border:1px solid #CCCCCC;background:#CCCCCC;color:#CCCCCC;} .battle-log .rated {padding:3px 4px;} .battle-log .rated strong {color:white;background:#89A;padding:1px 4px;border-radius:4px;} .spacer {margin-top:0.5em;} .message-announce {background:#6688AA;color:white;padding:1px 4px 2px;} .message-announce a, .broadcast-green a, .broadcast-blue a, .broadcast-red a {color:#DDEEFF;} .broadcast-green {background-color:#559955;color:white;padding:2px 4px;} .broadcast-blue {background-color:#6688AA;color:white;padding:2px 4px;} .infobox {border:1px solid #6688AA;padding:2px 4px;} .infobox-limited {max-height:200px;overflow:auto;overflow-x:hidden;} .broadcast-red {background-color:#AA5544;color:white;padding:2px 4px;} .message-learn-canlearn {font-weight:bold;color:#228822;text-decoration:underline;} .message-learn-cannotlearn {font-weight:bold;color:#CC2222;text-decoration:underline;} .message-effect-weak {font-weight:bold;color:#CC2222;} .message-effect-resist {font-weight:bold;color:#6688AA;} .message-effect-immune {font-weight:bold;color:#666666;} .message-learn-list {margin-top:0;margin-bottom:0;} .message-throttle-notice, .message-error {color:#992222;} .message-overflow, .chat small.message-overflow {font-size:0pt;} .message-overflow::before {font-size:9pt;content:'...';} .subtle {color:#3A4A66;}
</style>
<div class="wrapper replay-wrapper" style="max-width:1180px;margin:0 auto">
<input type="hidden" name="replayid" value="pokestrat-uu-5737" />
<div class="battle"></div><div class="battle-log"></div><div class="replay-controls"></div><div class="replay-controls-2"></div>
<h1 style="font-weight:normal;text-align:center"><strong>UU</strong><br /><a href="http://pokemonshowdown.com/users/skyford" class="subtle" target="_blank">Skyford!</a> vs. <a href="http://pokemonshowdown.com/users/greenheroes" class="subtle" target="_blank">Greenheroes</a></h1>
<script type="text/plain" class="battle-log-data">|j|Skyford!
|j|Greenheroes
|player|p1|Skyford!|289
|teamsize|p1|6
|player|p2|Greenheroes|25
|teamsize|p2|6
|gametype|singles
|gen|6
|tier|UU
|seed|35059,14676,48781,48178
|rule|Sleep Clause Mod: Limit one foe put to sleep
|rule|Species Clause: Limit one of each Pokémon
|rule|OHKO Clause: OHKO moves are banned
|rule|Moody Clause: Moody is banned
|rule|Evasion Moves Clause: Evasion moves are banned
|rule|Endless Battle Clause: Forcing endless battles is banned
|rule|HP Percentage Mod: HP is shown in percentages
|clearpoke
|poke|p1|Krookodile, F|item
|poke|p1|Sylveon, M|item
|poke|p1|Celebi|item
|poke|p1|Aerodactyl, F|item
|poke|p1|Empoleon, M|item
|poke|p1|Suicune|item
|poke|p2|Sceptile, F|item
|poke|p2|Gyarados, M|item
|poke|p2|Snorlax, F|item
|poke|p2|Chandelure, F|item
|poke|p2|Sylveon, M|item
|poke|p2|Crobat, F|item
|rule|Swagger Clause: Swagger is banned
|rule|Baton Pass Clause: Limit one Baton Passer, can't pass Spe and other stats simultaneously
|teampreview
|c|☆Skyford!|hf
|c|☆Greenheroes|bonne chance
|j|MiaouMix
|c| MiaouMix|c'est ça
|c| MiaouMix|contre lui tu prend une autre team :( 
|j|LeParadox
|c|☆Skyford!|C'est une 6G
|c| MiaouMix|mauvais greenheroes 
|c| MiaouMix|x) 
|c|☆Greenheroes|:)
|c|☆Skyford!|Ah lui
|c|☆Skyford!|Ok
|choice|team 1, team 2, team 3, team 4, team 5, team 6|team 3, team 2, team 1, team 4, team 5, team 6
|
|start
|switch|p1a: Lycan Cercle|Krookodile, F|331\/331
|switch|p2a: Flemme|Snorlax, F|491\/491
|-ability|p1a: Lycan Cercle|Intimidate|boost
|-unboost|p2a: Flemme|atk|1
|turn|1
|choice|move knockoff|move curse
|
|move|p1a: Lycan Cercle|Knock Off|p2a: Flemme
|-crit|p2a: Flemme
|-damage|p2a: Flemme|112\/491
|-enditem|p2a: Flemme|Leftovers|[from] move: Knock Off|[of] p1a: Lycan Cercle
|move|p2a: Flemme|Curse|p2a: Flemme
|-unboost|p2a: Flemme|spe|1
|-boost|p2a: Flemme|atk|1
|-boost|p2a: Flemme|def|1
|
|upkeep
|turn|2
|choice|move knockoff|move rest
|
|move|p1a: Lycan Cercle|Knock Off|p2a: Flemme
|-damage|p2a: Flemme|0 fnt
|faint|p2a: Flemme
|
|upkeep
|choice||switch 3
|
|switch|p2a: Boulefeuille|Sceptile, F|281\/281
|turn|3
|choice|switch 3|move gigadrain mega
|
|switch|p1a: Buzwell|Celebi|341\/341
|detailschange|p2a: Boulefeuille|Sceptile-Mega, F
|-mega|p2a: Boulefeuille|Sceptile|Sceptilite
|move|p2a: Boulefeuille|Giga Drain|p1a: Buzwell
|-resisted|p1a: Buzwell
|-damage|p1a: Buzwell|268\/341
|
|-heal|p1a: Buzwell|289\/341|[from] item: Leftovers
|upkeep
|turn|4
|choice|move psychic|switch 4
|
|switch|p2a: inferno|Chandelure, F|261\/261
|move|p1a: Buzwell|Psychic|p2a: inferno
|-damage|p2a: inferno|114\/261
|
|-heal|p1a: Buzwell|310\/341|[from] item: Leftovers
|upkeep
|turn|5
|choice|move psychic|move shadowball
|
|move|p2a: inferno|Shadow Ball|p1a: Buzwell
|-supereffective|p1a: Buzwell
|-damage|p1a: Buzwell|0 fnt
|faint|p1a: Buzwell
|
|upkeep
|choice|switch 3|
|
|switch|p1a: Lycan Cercle|Krookodile, F|331\/331
|-ability|p1a: Lycan Cercle|Intimidate|boost
|-unboost|p2a: inferno|atk|1
|turn|6
|choice|move pursuit|switch 5
|
|-activate|p2a: inferno|move: Pursuit
|move|p1a: Lycan Cercle|Pursuit|p2a: inferno|[from]Pursuit
|-supereffective|p2a: inferno
|-crit|p2a: inferno
|-damage|p2a: inferno|0 fnt
|faint|p2a: inferno
|
|upkeep
|choice||switch 5
|
|switch|p2a: Ruban PKS|Sylveon, M|393\/393
|turn|7
|choice|switch 5|switch 2
|
|switch|p1a: Full Moon|Empoleon, M|362\/362
|switch|p2a: La RAGE|Gyarados, M|331\/331
|
|upkeep
|turn|8
|l|MiaouMix
|choice|move stealthrock|move crunch
|
|move|p2a: La RAGE|Crunch|p1a: Full Moon
|-damage|p1a: Full Moon|199\/362
|move|p1a: Full Moon|Stealth Rock|p2a: La RAGE
|-sidestart|p2: Greenheroes|move: Stealth Rock
|
|upkeep
|turn|9
|choice|move scald|move crunch
|
|move|p2a: La RAGE|Crunch|p1a: Full Moon
|-damage|p1a: Full Moon|36\/362
|-unboost|p1a: Full Moon|def|1
|move|p1a: Full Moon|Scald|p2a: La RAGE
|-resisted|p2a: La RAGE
|-damage|p2a: La RAGE|226\/331
|-status|p2a: La RAGE|brn
|
|-damage|p2a: La RAGE|185\/331 brn|[from] brn
|upkeep
|turn|10
|choice|switch 2|move crunch
|
|switch|p1a: Prodigy|Sylveon, M|331\/331
|move|p2a: La RAGE|Crunch|p1a: Prodigy
|-resisted|p1a: Prodigy
|-damage|p1a: Prodigy|282\/331
|-unboost|p1a: Prodigy|def|1
|
|-damage|p2a: La RAGE|144\/331 brn|[from] brn
|upkeep
|turn|11
|choice|move psyshock|move crunch
|
|move|p2a: La RAGE|Crunch|p1a: Prodigy
|-resisted|p1a: Prodigy
|-damage|p1a: Prodigy|203\/331
|move|p1a: Prodigy|Psyshock|p2a: La RAGE
|-damage|p2a: La RAGE|0 fnt
|faint|p2a: La RAGE
|
|upkeep
|choice||switch 6
|
|switch|p2a: clair-lune|Crobat, F|373\/373
|-damage|p2a: clair-lune|280\/373|[from] Stealth Rock
|turn|12
|choice|move psyshock|move bravebird
|
|move|p2a: clair-lune|Brave Bird|p1a: Prodigy
|-damage|p1a: Prodigy|0 fnt
|-damage|p2a: clair-lune|213\/373|[from] Recoil|[of] p1a: Prodigy
|faint|p1a: Prodigy
|
|-heal|p2a: clair-lune|236\/373|[from] item: Black Sludge
|upkeep
|choice|switch 4|
|
|switch|p1a: Apeirogon|Aerodactyl, F|301\/301
|-ability|p1a: Apeirogon|Unnerve|p2: Greenheroes
|turn|13
|choice|move stoneedge mega|move defog
|
|detailschange|p1a: Apeirogon|Aerodactyl-Mega, F
|-mega|p1a: Apeirogon|Aerodactyl|Aerodactylite
|move|p1a: Apeirogon|Stone Edge|p2a: clair-lune
|-supereffective|p2a: clair-lune
|-damage|p2a: clair-lune|0 fnt
|faint|p2a: clair-lune
|
|upkeep
|choice||switch 2
|
|switch|p2a: Ruban PKS|Sylveon, M|393\/393
|-damage|p2a: Ruban PKS|344\/393|[from] Stealth Rock
|turn|14
|choice|switch 2|move hypervoice
|
|switch|p1a: Full Moon|Empoleon, M|36\/362
|move|p2a: Ruban PKS|Hyper Voice|p1a: Full Moon
|-resisted|p1a: Full Moon
|-damage|p1a: Full Moon|0 fnt
|faint|p1a: Full Moon
|
|-heal|p2a: Ruban PKS|368\/393|[from] item: Leftovers
|upkeep
|choice|switch 6|
|
|switch|p1a: Disboard|Suicune|404\/404
|-ability|p1a: Disboard|Pressure
|turn|15
|choice|switch 2|move hypervoice
|
|switch|p1a: Apeirogon|Aerodactyl-Mega, F|301\/301
|move|p2a: Ruban PKS|Hyper Voice|p1a: Apeirogon
|-damage|p1a: Apeirogon|142\/301
|
|-heal|p2a: Ruban PKS|392\/393|[from] item: Leftovers
|upkeep
|turn|16
|choice|move stoneedge|move hypervoice
|
|move|p1a: Apeirogon|Stone Edge|p2a: Ruban PKS
|-damage|p2a: Ruban PKS|208\/393
|move|p2a: Ruban PKS|Hyper Voice|p1a: Apeirogon
|-damage|p1a: Apeirogon|0 fnt
|faint|p1a: Apeirogon
|
|-heal|p2a: Ruban PKS|232\/393|[from] item: Leftovers
|upkeep
|choice|switch 2|
|
|switch|p1a: Disboard|Suicune|404\/404
|-ability|p1a: Disboard|Pressure
|turn|17
|l|LeParadox
|c|☆Skyford!|k
|c|☆Skyford!|gg
|-message|Skyford! forfeited.
|
|win|Greenheroes
|l|Skyford!
|c|☆Greenheroes|...
|c|☆Greenheroes|il s'attendait à un switch...
|c|☆Greenheroes|et moi me prendre une anticipation ice beam sur mega-jungko...
|c|☆Greenheroes|rip</script>
</div>
<div class="battle-log battle-log-inline"><div class="inner"><div class="battle-options"></div><div class="inner"><div class="chat"><small>Skyford! joined.</small></div><div class="chat"><small>Greenheroes joined.</small></div><div class=""><small>Format:</small> <br><strong>UU</strong></div><div class=""><small><em>Sleep Clause Mod:</em> Limit one foe put to sleep</small></div><div class=""><small><em>Species Clause:</em> Limit one of each Pokémon</small></div><div class=""><small><em>OHKO Clause:</em> OHKO moves are banned</small></div><div class=""><small><em>Moody Clause:</em> Moody is banned</small></div><div class=""><small><em>Evasion Moves Clause:</em> Evasion moves are banned</small></div><div class=""><small><em>Endless Battle Clause:</em> Forcing endless battles is banned</small></div><div class=""><small><em>HP Percentage Mod:</em> HP is shown in percentages</small></div><div class=""><small><em>Swagger Clause:</em> Swagger is banned</small></div><div class=""><small><em>Baton Pass Clause:</em> Limit one Baton Passer, can't pass Spe and other stats simultaneously</small></div><div class="chat battle-history"><strong>Skyford!'s team:</strong> <em style="color:#445566;display:block;">Krookodile / Sylveon / Celebi / Aerodactyl / Empoleon / Suicune</em></div><div class="chat battle-history"><strong>Greenheroes's team:</strong> <em style="color:#445566;display:block;">Sceptile / Gyarados / Snorlax / Chandelure / Sylveon / Crobat</em></div><div class="chat chatmessage-skyford"><strong style="color:hsl(339,82%,49%)"><small>☆</small><span class="username" data-name="Skyford!">Skyford!</span>:</strong> <em>hf</em></div><div class="chat chatmessage-greenheroes"><strong style="color:hsl(265,74%,56.967384459884016%)"><small>☆</small><span class="username" data-name="Greenheroes">Greenheroes</span>:</strong> <em>bonne chance</em></div><div class="chat"><small>MiaouMix joined.</small></div><div class="chat chatmessage-miaoumix"><strong style="color:hsl(287,52%,52.29969108139592%)"><small> </small><span class="username" data-name="MiaouMix">MiaouMix</span>:</strong> <em>c'est ça</em></div><div class="chat chatmessage-miaoumix"><strong style="color:hsl(287,52%,52.29969108139592%)"><small> </small><span class="username" data-name="MiaouMix">MiaouMix</span>:</strong> <em>contre lui tu prend une autre team :( </em></div><div class="chat"><small>LeParadox joined.</small></div><div class="chat chatmessage-skyford"><strong style="color:hsl(339,82%,49%)"><small>☆</small><span class="username" data-name="Skyford!">Skyford!</span>:</strong> <em>C'est une 6G</em></div><div class="chat chatmessage-miaoumix"><strong style="color:hsl(287,52%,52.29969108139592%)"><small> </small><span class="username" data-name="MiaouMix">MiaouMix</span>:</strong> <em>mauvais greenheroes </em></div><div class="chat chatmessage-miaoumix"><strong style="color:hsl(287,52%,52.29969108139592%)"><small> </small><span class="username" data-name="MiaouMix">MiaouMix</span>:</strong> <em>x) </em></div><div class="chat chatmessage-greenheroes"><strong style="color:hsl(265,74%,56.967384459884016%)"><small>☆</small><span class="username" data-name="Greenheroes">Greenheroes</span>:</strong> <em>:)</em></div><div class="chat chatmessage-skyford"><strong style="color:hsl(339,82%,49%)"><small>☆</small><span class="username" data-name="Skyford!">Skyford!</span>:</strong> <em>Ah lui</em></div><div class="chat chatmessage-skyford"><strong style="color:hsl(339,82%,49%)"><small>☆</small><span class="username" data-name="Skyford!">Skyford!</span>:</strong> <em>Ok</em></div><div class="spacer battle-history"><br></div><div class="battle-history">Battle started between Skyford! and Greenheroes!<br></div><div class="spacer battle-history"><br></div><div class="battle-history">Go! Lycan Cercle (<strong>Krookodile</strong>)!<br></div><div class="spacer battle-history"><br></div><div class="battle-history">Greenheroes sent out Flemme (<strong>Snorlax</strong>)!<br></div><div class="battle-history"><small>[Lycan Cercle's Intimidate]</small><br></div><div class="battle-history"><small>The opposing Flemme's Attack fell!</small><br></div><div class="spacer battle-history"><br></div><h2 class="battle-history">Turn 1</h2><div class="spacer battle-history"><br></div><div class="battle-history">Lycan Cercle used <strong>Knock Off</strong>!<br></div><div class="battle-history"><small>A critical hit!</small><br></div><div class="battle-history"><small>(The opposing Flemme lost <abbr title="−379/491">77.2%</abbr> of its health!)</small><br></div><div class="battle-history"><small>Lycan Cercle knocked off the opposing Flemme's Leftovers!</small><br></div><div class="spacer battle-history"><br></div><div class="battle-history">The opposing Flemme used <strong>Curse</strong>!<br></div><div class="battle-history"><small>The opposing Flemme's Speed fell!</small><br></div><div class="battle-history"><small>The opposing Flemme's Attack rose!</small><br></div><div class="battle-history"><small>The opposing Flemme's Defense rose!</small><br></div><div class="spacer battle-history"><br></div><h2 class="battle-history">Turn 2</h2><div class="spacer battle-history"><br></div><div class="battle-history">Lycan Cercle used <strong>Knock Off</strong>!<br></div><div class="battle-history"><small>(The opposing Flemme lost <abbr title="−112/491">22.8%</abbr> of its health!)</small><br></div><div class="spacer battle-history"><br></div><div class="battle-history">The opposing Flemme fainted!<br></div><div class="spacer battle-history"><br></div><div class="battle-history">Greenheroes sent out Boulefeuille (<strong>Sceptile</strong>)!<br></div><div class="spacer battle-history"><br></div><h2 class="battle-history">Turn 3</h2><div class="spacer battle-history"><br></div><div class="battle-history">Lycan Cercle, come back!<br></div><div class="battle-history">Go! Buzwell (<strong>Celebi</strong>)!<br></div><div class="spacer battle-history"><br></div><div class="battle-history"><small>The opposing Boulefeuille's Sceptilite is reacting to Greenheroes's Mega Bracelet!</small><br>The opposing Boulefeuille has Mega Evolved into Mega Sceptile!<br></div><div class="spacer battle-history"><br></div><div class="battle-history">The opposing Boulefeuille used <strong>Giga Drain</strong>!<br></div><div class="battle-history"><small>It's not very effective...</small><br></div><div class="battle-history"><small>(Buzwell lost <abbr title="−73/341">21.4%</abbr> of its health!)</small><br></div><div class="spacer battle-history"><br></div><div class="battle-history"><small>Buzwell restored a little HP using its Leftovers!</small><br></div><div class="spacer battle-history"><br></div><h2 class="battle-history">Turn 4</h2><div class="spacer battle-history"><br></div><div class="battle-history">Greenheroes withdrew Boulefeuille!<br></div><div class="battle-history">Greenheroes sent out inferno (<strong>Chandelure</strong>)!<br></div><div class="spacer battle-history"><br></div><div class="battle-history">Buzwell used <strong>Psychic</strong>!<br></div><div class="battle-history"><small>(The opposing inferno lost <abbr title="−147/261">56.3%</abbr> of its health!)</small><br></div><div class="spacer battle-history"><br></div><div class="battle-history"><small>Buzwell restored a little HP using its Leftovers!</small><br></div><div class="spacer battle-history"><br></div><h2 class="battle-history">Turn 5</h2><div class="spacer battle-history"><br></div><div class="battle-history">The opposing inferno used <strong>Shadow Ball</strong>!<br></div><div class="battle-history"><small>It's super effective!</small><br></div><div class="battle-history"><small>(Buzwell lost <abbr title="−310/341">90.9%</abbr> of its health!)</small><br></div><div class="spacer battle-history"><br></div><div class="battle-history">Buzwell fainted!<br></div><div class="spacer battle-history"><br></div><div class="battle-history">Go! Lycan Cercle (<strong>Krookodile</strong>)!<br></div><div class="battle-history"><small>[Lycan Cercle's Intimidate]</small><br></div><div class="battle-history"><small>The opposing inferno's Attack fell!</small><br></div><div class="spacer battle-history"><br></div><h2 class="battle-history">Turn 6</h2><div class="spacer battle-history"><br></div><div class="battle-history"><small>(The opposing inferno is being withdrawn...)</small><br></div><div class="spacer battle-history"><br></div><div class="battle-history">Lycan Cercle used <strong>Pursuit</strong>!<br></div><div class="battle-history"><small>It's super effective!</small><br></div><div class="battle-history"><small>A critical hit!</small><br></div><div class="battle-history"><small>(The opposing inferno lost <abbr title="−114/261">43.7%</abbr> of its health!)</small><br></div><div class="spacer battle-history"><br></div><div class="battle-history">The opposing inferno fainted!<br></div><div class="spacer battle-history"><br></div><div class="battle-history">Greenheroes sent out Ruban PKS (<strong>Sylveon</strong>)!<br></div><div class="spacer battle-history"><br></div><h2 class="battle-history">Turn 7</h2><div class="spacer battle-history"><br></div><div class="battle-history">Lycan Cercle, come back!<br></div><div class="battle-history">Go! Full Moon (<strong>Empoleon</strong>)!<br></div><div class="spacer battle-history"><br></div><div class="battle-history">Greenheroes withdrew Ruban PKS!<br></div><div class="battle-history">Greenheroes sent out La RAGE (<strong>Gyarados</strong>)!<br></div><div class="spacer battle-history"><br></div><h2 class="battle-history">Turn 8</h2><div class="chat"><small>MiaouMix left.</small></div><div class="spacer battle-history"><br></div><div class="battle-history">The opposing La RAGE used <strong>Crunch</strong>!<br></div><div class="battle-history"><small>(Full Moon lost <abbr title="−163/362">45.0%</abbr> of its health!)</small><br></div><div class="spacer battle-history"><br></div><div class="battle-history">Full Moon used <strong>Stealth Rock</strong>!<br></div><div class="battle-history"><small>Pointed stones float in the air around the opposing team!</small><br></div><div class="spacer battle-history"><br></div><h2 class="battle-history">Turn 9</h2><div class="spacer battle-history"><br></div><div class="battle-history">The opposing La RAGE used <strong>Crunch</strong>!<br></div><div class="battle-history"><small>(Full Moon lost <abbr title="−163/362">45.0%</abbr> of its health!)</small><br></div><div class="battle-history"><small>Full Moon's Defense fell!</small><br></div><div class="spacer battle-history"><br></div><div class="battle-history">Full Moon used <strong>Scald</strong>!<br></div><div class="battle-history"><small>It's not very effective...</small><br></div><div class="battle-history"><small>(The opposing La RAGE lost <abbr title="−105/331">31.7%</abbr> of its health!)</small><br></div><div class="battle-history"><small>The opposing La RAGE was burned!</small><br></div><div class="spacer battle-history"><br></div><div class="battle-history"><small>The opposing La RAGE was hurt by its burn!</small><br></div><div class="spacer battle-history"><br></div><h2 class="battle-history">Turn 10</h2><div class="spacer battle-history"><br></div><div class="battle-history">Full Moon, come back!<br></div><div class="battle-history">Go! Prodigy (<strong>Sylveon</strong>)!<br></div><div class="spacer battle-history"><br></div><div class="battle-history">The opposing La RAGE used <strong>Crunch</strong>!<br></div><div class="battle-history"><small>It's not very effective...</small><br></div><div class="battle-history"><small>(Prodigy lost <abbr title="−49/331">14.8%</abbr> of its health!)</small><br></div><div class="battle-history"><small>Prodigy's Defense fell!</small><br></div><div class="spacer battle-history"><br></div><div class="battle-history"><small>The opposing La RAGE was hurt by its burn!</small><br></div><div class="spacer battle-history"><br></div><h2 class="battle-history">Turn 11</h2><div class="spacer battle-history"><br></div><div class="battle-history">The opposing La RAGE used <strong>Crunch</strong>!<br></div><div class="battle-history"><small>It's not very effective...</small><br></div><div class="battle-history"><small>(Prodigy lost <abbr title="−79/331">23.9%</abbr> of its health!)</small><br></div><div class="spacer battle-history"><br></div><div class="battle-history">Prodigy used <strong>Psyshock</strong>!<br></div><div class="battle-history"><small>(The opposing La RAGE lost <abbr title="−144/331">43.5%</abbr> of its health!)</small><br></div><div class="spacer battle-history"><br></div><div class="battle-history">The opposing La RAGE fainted!<br></div><div class="spacer battle-history"><br></div><div class="battle-history">Greenheroes sent out clair-lune (<strong>Crobat</strong>)!<br></div><div class="battle-history"><small>Pointed stones dug into the opposing clair-lune!</small><br></div><div class="spacer battle-history"><br></div><h2 class="battle-history">Turn 12</h2><div class="spacer battle-history"><br></div><div class="battle-history">The opposing clair-lune used <strong>Brave Bird</strong>!<br></div><div class="battle-history"><small>(Prodigy lost <abbr title="−203/331">61.3%</abbr> of its health!)</small><br></div><div class="battle-history"><small>The opposing clair-lune is damaged by the recoil!</small><br></div><div class="spacer battle-history"><br></div><div class="battle-history">Prodigy fainted!<br></div><div class="spacer battle-history"><br></div><div class="battle-history"><small>The opposing clair-lune restored a little HP using its Black Sludge!</small><br></div><div class="spacer battle-history"><br></div><div class="battle-history">Go! Apeirogon (<strong>Aerodactyl</strong>)!<br></div><div class="battle-history"><small>[Apeirogon's Unnerve]</small><br><small>The opposing team is too nervous to eat Berries!</small><br></div><div class="spacer battle-history"><br></div><h2 class="battle-history">Turn 13</h2><div class="spacer battle-history"><br></div><div class="battle-history"><small>Apeirogon's Aerodactylite is reacting to Skyford!'s Mega Bracelet!</small><br>Apeirogon has Mega Evolved into Mega Aerodactyl!<br></div><div class="spacer battle-history"><br></div><div class="battle-history">Apeirogon used <strong>Stone Edge</strong>!<br></div><div class="battle-history"><small>It's super effective!</small><br></div><div class="battle-history"><small>(The opposing clair-lune lost <abbr title="−236/373">63.3%</abbr> of its health!)</small><br></div><div class="spacer battle-history"><br></div><div class="battle-history">The opposing clair-lune fainted!<br></div><div class="spacer battle-history"><br></div><div class="battle-history">Greenheroes sent out Ruban PKS (<strong>Sylveon</strong>)!<br></div><div class="battle-history"><small>Pointed stones dug into the opposing Ruban PKS!</small><br></div><div class="spacer battle-history"><br></div><h2 class="battle-history">Turn 14</h2><div class="spacer battle-history"><br></div><div class="battle-history">Apeirogon, come back!<br></div><div class="battle-history">Go! Full Moon (<strong>Empoleon</strong>)!<br></div><div class="spacer battle-history"><br></div><div class="battle-history">The opposing Ruban PKS used <strong>Hyper Voice</strong>!<br></div><div class="battle-history"><small>It's not very effective...</small><br></div><div class="battle-history"><small>(Full Moon lost <abbr title="−36/362">9.9%</abbr> of its health!)</small><br></div><div class="spacer battle-history"><br></div><div class="battle-history">Full Moon fainted!<br></div><div class="spacer battle-history"><br></div><div class="battle-history"><small>The opposing Ruban PKS restored a little HP using its Leftovers!</small><br></div><div class="spacer battle-history"><br></div><div class="battle-history">Go! Disboard (<strong>Suicune</strong>)!<br></div><div class="battle-history"><small>[Disboard's Pressure]</small><br><small>Disboard is exerting its pressure!</small><br></div><div class="spacer battle-history"><br></div><h2 class="battle-history">Turn 15</h2><div class="spacer battle-history"><br></div><div class="battle-history">Disboard, come back!<br></div><div class="battle-history">Go! Apeirogon (<strong>Aerodactyl-Mega</strong>)!<br></div><div class="spacer battle-history"><br></div><div class="battle-history">The opposing Ruban PKS used <strong>Hyper Voice</strong>!<br></div><div class="battle-history"><small>(Apeirogon lost <abbr title="−159/301">52.8%</abbr> of its health!)</small><br></div><div class="spacer battle-history"><br></div><div class="battle-history"><small>The opposing Ruban PKS restored a little HP using its Leftovers!</small><br></div><div class="spacer battle-history"><br></div><h2 class="battle-history">Turn 16</h2><div class="spacer battle-history"><br></div><div class="battle-history">Apeirogon used <strong>Stone Edge</strong>!<br></div><div class="battle-history"><small>(The opposing Ruban PKS lost <abbr title="−184/393">46.8%</abbr> of its health!)</small><br></div><div class="spacer battle-history"><br></div><div class="battle-history">The opposing Ruban PKS used <strong>Hyper Voice</strong>!<br></div><div class="battle-history"><small>(Apeirogon lost <abbr title="−142/301">47.2%</abbr> of its health!)</small><br></div><div class="spacer battle-history"><br></div><div class="battle-history">Apeirogon fainted!<br></div><div class="spacer battle-history"><br></div><div class="battle-history"><small>The opposing Ruban PKS restored a little HP using its Leftovers!</small><br></div><div class="spacer battle-history"><br></div><div class="battle-history">Go! Disboard (<strong>Suicune</strong>)!<br></div><div class="battle-history"><small>[Disboard's Pressure]</small><br><small>Disboard is exerting its pressure!</small><br></div><div class="spacer battle-history"><br></div><h2 class="battle-history">Turn 17</h2><div class="chat"><small>LeParadox left.</small></div><div class="chat chatmessage-skyford"><strong style="color:hsl(339,82%,49%)"><small>☆</small><span class="username" data-name="Skyford!">Skyford!</span>:</strong> <em>k</em></div><div class="chat chatmessage-skyford"><strong style="color:hsl(339,82%,49%)"><small>☆</small><span class="username" data-name="Skyford!">Skyford!</span>:</strong> <em>gg</em></div><div class="spacer battle-history"><br></div><div class="battle-history"><small>Skyford! forfeited.</small><br></div><div class="spacer battle-history"><br></div><div class="battle-history"><strong>Greenheroes</strong> won the battle!<br></div><div class="chat"><small>Skyford! left.</small></div><div class="chat chatmessage-greenheroes"><strong style="color:hsl(265,74%,56.967384459884016%)"><small>☆</small><span class="username" data-name="Greenheroes">Greenheroes</span>:</strong> <em>...</em></div><div class="chat chatmessage-greenheroes"><strong style="color:hsl(265,74%,56.967384459884016%)"><small>☆</small><span class="username" data-name="Greenheroes">Greenheroes</span>:</strong> <em>il s'attendait à un switch...</em></div><div class="chat chatmessage-greenheroes"><strong style="color:hsl(265,74%,56.967384459884016%)"><small>☆</small><span class="username" data-name="Greenheroes">Greenheroes</span>:</strong> <em>et moi me prendre une anticipation ice beam sur mega-jungko...</em></div><div class="chat chatmessage-greenheroes"><strong style="color:hsl(265,74%,56.967384459884016%)"><small>☆</small><span class="username" data-name="Greenheroes">Greenheroes</span>:</strong> <em>rip</em></div></div><div class="inner-preempt"></div></div></div>
</div>
<script>
let daily = Math.floor(Date.now()/1000/60/60/24);document.write('<script src="https://play.pokemonshowdown.com/js/replay-embed.js?version'+daily+'"></'+'script>');
</script>
