<!DOCTYPE html>
<meta charset="utf-8" />
<!-- version 1 -->
<title>UU replay: Parnstar vs. tewlegittoquit</title>
<style>
html,body {font-family:Verdana, sans-serif;font-size:10pt;margin:0;padding:0;}body{padding:12px 0;} .battle-log {font-family:Verdana, sans-serif;font-size:10pt;} .battle-log-inline {border:1px solid #AAAAAA;background:#EEF2F5;color:black;max-width:640px;margin:0 auto 80px;padding-bottom:5px;} .battle-log .inner {padding:4px 8px 0px 8px;} .battle-log .inner-preempt {padding:0 8px 4px 8px;} .battle-log .inner-after {margin-top:0.5em;} .battle-log h2 {margin:0.5em -8px;padding:4px 8px;border:1px solid #AAAAAA;background:#E0E7EA;border-left:0;border-right:0;font-family:Verdana, sans-serif;font-size:13pt;} .battle-log .chat {vertical-align:middle;padding:3px 0 3px 0;font-size:8pt;} .battle-log .chat strong {color:#40576A;} .battle-log .chat em {padding:1px 4px 1px 3px;color:#000000;font-style:normal;} .chat.mine {background:rgba(0,0,0,0.05);margin-left:-8px;margin-right:-8px;padding-left:8px;padding-right:8px;} .spoiler {color:#BBBBBB;background:#BBBBBB;padding:0px 3px;} .spoiler:hover, .spoiler:active, .spoiler-shown {color:#000000;background:#E2E2E2;padding:0px 3px;} .spoiler a {color:#BBBBBB;} .spoiler:hover a, .spoiler:active a, .spoiler-shown a {color:#2288CC;} .chat code, .chat .spoiler:hover code, .chat .spoiler:active code, .chat .spoiler-shown code {border:1px solid #C0C0C0;background:#EEEEEE;color:black;padding:0 2px;} .chat .spoiler code {border:1px solid #CCCCCC;background:#CCCCCC;color:#CCCCCC;} .battle-log .rated {padding:3px 4px;} .battle-log .rated strong {color:white;background:#89A;padding:1px 4px;border-radius:4px;} .spacer {margin-top:0.5em;} .message-announce {background:#6688AA;color:white;padding:1px 4px 2px;} .message-announce a, .broadcast-green a, .broadcast-blue a, .broadcast-red a {color:#DDEEFF;} .broadcast-green {background-color:#559955;color:white;padding:2px 4px;} .broadcast-blue {background-color:#6688AA;color:white;padding:2px 4px;} .infobox {border:1px solid #6688AA;padding:2px 4px;} .infobox-limited {max-height:200px;overflow:auto;overflow-x:hidden;} .broadcast-red {background-color:#AA5544;color:white;padding:2px 4px;} .message-learn-canlearn {font-weight:bold;color:#228822;text-decoration:underline;} .message-learn-cannotlearn {font-weight:bold;color:#CC2222;text-decoration:underline;} .message-effect-weak {font-weight:bold;color:#CC2222;} .message-effect-resist {font-weight:bold;color:#6688AA;} .message-effect-immune {font-weight:bold;color:#666666;} .message-learn-list {margin-top:0;margin-bottom:0;} .message-throttle-notice, .message-error {color:#992222;} .message-overflow, .chat small.message-overflow {font-size:0pt;} .message-overflow::before {font-size:9pt;content:'...';} .subtle {color:#3A4A66;}
</style>
<div class="wrapper replay-wrapper" style="max-width:1180px;margin:0 auto">
<input type="hidden" name="replayid" value="uu-554050333" />
<div class="battle"></div><div class="battle-log"></div><div class="replay-controls"></div><div class="replay-controls-2"></div>
<h1 style="font-weight:normal;text-align:center"><strong>UU</strong><br /><a href="http://pokemonshowdown.com/users/parnstar" class="subtle" target="_blank">Parnstar</a> vs. <a href="http://pokemonshowdown.com/users/tewlegittoquit" class="subtle" target="_blank">tewlegittoquit</a></h1>
<script type="text/plain" class="battle-log-data">|j|Parnstar
|j|tewlegittoquit
|player|p1|Parnstar|21
|player|p2|tewlegittoquit|169
|gametype|singles
|gen|6
|tier|UU
|rated
|seed|40579,20072,37997,60490
|rule|Sleep Clause Mod: Limit one foe put to sleep
|rule|Species Clause: Limit one of each Pokémon
|rule|OHKO Clause: OHKO moves are banned
|rule|Moody Clause: Moody is banned
|rule|Evasion Moves Clause: Evasion moves are banned
|rule|Endless Battle Clause: Forcing endless battles is banned
|rule|HP Percentage Mod: HP is shown in percentages
|clearpoke
|poke|p1|Mamoswine, M|item
|poke|p1|Toxicroak, F|item
|poke|p1|Whimsicott, M|item
|poke|p1|Heliolisk, M|item
|poke|p1|Donphan, F|item
|poke|p1|Crawdaunt, F|item
|poke|p2|Lucario, F|item
|poke|p2|Mienshao, F, shiny|item
|poke|p2|Heliolisk, M, shiny|item
|poke|p2|Suicune, shiny|item
|poke|p2|Beedrill, M, shiny|item
|poke|p2|Gligar, F|item
|rule|Swagger Clause: Swagger is banned
|rule|Baton Pass Clause: Limit one Baton Passer, can't pass Spe and other stats simultaneously
|teampreview
|c|☆tewlegittoquit|hi again
|choice|team 5, team 2, team 3, team 4, team 1, team 6|team 5, team 2, team 3, team 4, team 1, team 6
|
|start
|switch|p1a: Mustard pass|Donphan, F|383\/383
|switch|p2a: Beedrill|Beedrill, M, shiny|271\/271
|turn|1
|c|☆Parnstar|What's uo
|c|☆Parnstar|up
|choice|move stealthrock|move uturn mega
|
|detailschange|p2a: Beedrill|Beedrill-Mega, M, shiny
|-mega|p2a: Beedrill|Beedrill|Beedrillite
|move|p2a: Beedrill|U-turn|p1a: Mustard pass
|-damage|p1a: Mustard pass|221\/383
|c|☆tewlegittoquit|not much
|c|☆tewlegittoquit|how bout u
|choice||switch 6
|
|switch|p2a: Gligar|Gligar, F|333\/333
|move|p1a: Mustard pass|Stealth Rock|p2a: Gligar
|-sidestart|p2: tewlegittoquit|move: Stealth Rock
|
|upkeep
|turn|2
|choice|move knockoff|move defog
|
|move|p2a: Gligar|Defog|p1a: Mustard pass
|-unboost|p1a: Mustard pass|evasion|1
|-sideend|p2: tewlegittoquit|Stealth Rock|[from] move: Defog|[of] p2a: Gligar
|move|p1a: Mustard pass|Knock Off|p2a: Gligar
|-damage|p2a: Gligar|278\/333
|-enditem|p2a: Gligar|Eviolite|[from] move: Knock Off|[of] p1a: Mustard pass
|
|upkeep
|turn|3
|c|☆Parnstar|I'm good
|choice|move stealthrock|move stealthrock
|
|move|p2a: Gligar|Stealth Rock|p1a: Mustard pass
|-sidestart|p1: Parnstar|move: Stealth Rock
|move|p1a: Mustard pass|Stealth Rock|p2a: Gligar
|-sidestart|p2: tewlegittoquit|move: Stealth Rock
|
|upkeep
|turn|4
|c|☆Parnstar|barttles taking forever to get now
|choice|switch 6|move defog
|
|switch|p1a: NIpple pinochle|Crawdaunt, F|267\/267
|-damage|p1a: NIpple pinochle|234\/267|[from] Stealth Rock
|move|p2a: Gligar|Defog|p1a: NIpple pinochle
|-unboost|p1a: NIpple pinochle|evasion|1
|-sideend|p1: Parnstar|Stealth Rock|[from] move: Defog|[of] p1a: NIpple pinochle
|-sideend|p2: tewlegittoquit|Stealth Rock|[from] move: Defog|[of] p2a: Gligar
|
|upkeep
|turn|5
|choice|move dragondance|move uturn
|
|move|p1a: NIpple pinochle|Dragon Dance|p1a: NIpple pinochle
|-boost|p1a: NIpple pinochle|atk|1
|-boost|p1a: NIpple pinochle|spe|1
|move|p2a: Gligar|U-turn|p1a: NIpple pinochle
|-supereffective|p1a: NIpple pinochle
|-damage|p1a: NIpple pinochle|132\/267
|choice||switch 2
|
|switch|p2a: Mienshao|Mienshao, F, shiny|271\/271
|
|upkeep
|turn|6
|choice|move aquajet|move drainpunch
|
|move|p1a: NIpple pinochle|Aqua Jet|p2a: Mienshao
|-damage|p2a: Mienshao|35\/271
|move|p2a: Mienshao|Drain Punch|p1a: NIpple pinochle
|-supereffective|p1a: NIpple pinochle
|-damage|p1a: NIpple pinochle|0 fnt
|-heal|p2a: Mienshao|101\/271|[from] drain|[of] p1a: NIpple pinochle
|faint|p1a: NIpple pinochle
|
|upkeep
|choice|switch 2|
|
|switch|p1a: Mandingo|Toxicroak, F|308\/308
|turn|7
|choice|move swordsdance|move uturn
|
|move|p2a: Mienshao|U-turn|p1a: Mandingo
|-resisted|p1a: Mandingo
|-damage|p1a: Mandingo|279\/308
|choice||switch 2
|
|switch|p2a: Gligar|Gligar, F|278\/333
|move|p1a: Mandingo|Swords Dance|p1a: Mandingo
|-boost|p1a: Mandingo|atk|2
|
|upkeep
|turn|8
|choice|move gunkshot|move uturn
|
|move|p1a: Mandingo|Gunk Shot|p2a: Gligar
|-resisted|p2a: Gligar
|-damage|p2a: Gligar|79\/333
|-status|p2a: Gligar|psn
|-damage|p1a: Mandingo|249\/308|[from] item: Life Orb
|move|p2a: Gligar|U-turn|p1a: Mandingo
|-resisted|p1a: Mandingo
|-damage|p1a: Mandingo|233\/308
|c|☆tewlegittoquit|im back on showdown today after a 6 month hiatus lol
|choice||switch 2
|
|switch|p2a: Mienshao|Mienshao, F, shiny|191\/271
|
|upkeep
|turn|9
|choice|move suckerpunch|move uturn
|
|move|p1a: Mandingo|Sucker Punch|p2a: Mienshao
|-resisted|p2a: Mienshao
|-damage|p2a: Mienshao|25\/271
|-damage|p1a: Mandingo|203\/308|[from] item: Life Orb
|move|p2a: Mienshao|U-turn|p1a: Mandingo
|-resisted|p1a: Mandingo
|-damage|p1a: Mandingo|173\/308
|choice||switch 5
|
|switch|p2a: Lucario|Lucario, F|343\/343
|
|upkeep
|turn|10
|choice|move drainpunch|move extremespeed
|
|move|p2a: Lucario|Extreme Speed|p1a: Mandingo
|-damage|p1a: Mandingo|16\/308
|-damage|p2a: Lucario|309\/343|[from] item: Life Orb
|move|p1a: Mandingo|Drain Punch|p2a: Lucario
|-supereffective|p2a: Lucario
|-crit|p2a: Lucario
|-damage|p2a: Lucario|0 fnt
|-heal|p1a: Mandingo|171\/308|[from] drain|[of] p2a: Lucario
|-damage|p1a: Mandingo|141\/308|[from] item: Life Orb
|faint|p2a: Lucario
|
|upkeep
|choice||switch 5
|
|switch|p2a: Mienshao|Mienshao, F, shiny|115\/271
|turn|11
|choice|move suckerpunch|switch 2
|
|switch|p2a: Gligar|Gligar, F|79\/333 psn
|move|p1a: Mandingo|Sucker Punch|p2a: Gligar|[still]
|-fail|p1a: Mandingo
|
|-damage|p2a: Gligar|38\/333 psn|[from] psn
|upkeep
|turn|12
|choice|move drainpunch|move stealthrock
|
|move|p1a: Mandingo|Drain Punch|p2a: Gligar
|-resisted|p2a: Gligar
|-damage|p2a: Gligar|0 fnt
|-heal|p1a: Mandingo|160\/308|[from] drain|[of] p2a: Gligar
|-damage|p1a: Mandingo|130\/308|[from] item: Life Orb
|faint|p2a: Gligar
|
|upkeep
|choice||switch 2
|
|switch|p2a: Mienshao|Mienshao, F, shiny|205\/271
|turn|13
|c|☆Parnstar|Your doing good for a 6 month brewk
|c|☆tewlegittoquit|thx man
|c|☆tewlegittoquit|do u play gen 7 uu
|choice|move drainpunch|move drainpunch
|
|move|p2a: Mienshao|Drain Punch|p1a: Mandingo
|-resisted|p1a: Mandingo
|-damage|p1a: Mandingo|43\/308
|-heal|p2a: Mienshao|249\/271|[from] drain|[of] p1a: Mandingo
|move|p1a: Mandingo|Drain Punch|p2a: Mienshao
|-damage|p2a: Mienshao|0 fnt
|-heal|p1a: Mandingo|168\/308|[from] drain|[of] p2a: Mienshao
|-damage|p1a: Mandingo|138\/308|[from] item: Life Orb
|faint|p2a: Mienshao
|
|upkeep
|choice||switch 3
|
|switch|p2a: Heliolisk|Heliolisk, M, shiny|265\/265
|turn|14
|choice|move suckerpunch|move hypervoice
|
|move|p1a: Mandingo|Sucker Punch|p2a: Heliolisk
|-damage|p2a: Heliolisk|0 fnt
|-damage|p1a: Mandingo|108\/308|[from] item: Life Orb
|faint|p2a: Heliolisk
|
|upkeep
|choice||switch 4
|
|switch|p2a: Suicune|Suicune, shiny|403\/403
|-ability|p2a: Suicune|Pressure
|turn|15
|choice|move drainpunch|move icebeam
|
|move|p1a: Mandingo|Drain Punch|p2a: Suicune
|-damage|p2a: Suicune|185\/403
|-heal|p1a: Mandingo|217\/308|[from] drain|[of] p2a: Suicune
|-damage|p1a: Mandingo|187\/308|[from] item: Life Orb
|move|p2a: Suicune|Ice Beam|p1a: Mandingo
|-damage|p1a: Mandingo|102\/308
|
|-heal|p2a: Suicune|210\/403|[from] item: Leftovers
|upkeep
|turn|16
|c|☆Parnstar|It's too broken right now
|choice|move drainpunch|move icebeam
|
|move|p1a: Mandingo|Drain Punch|p2a: Suicune
|-damage|p2a: Suicune|0 fnt
|-heal|p1a: Mandingo|207\/308|[from] drain|[of] p2a: Suicune
|-damage|p1a: Mandingo|177\/308|[from] item: Life Orb
|faint|p2a: Suicune
|
|upkeep
|choice||switch 6
|
|switch|p2a: Beedrill|Beedrill-Mega, M, shiny|271\/271
|turn|17
|c|☆tewlegittoquit|with the new pkmn?
|c|☆Parnstar|No the old ones
|c|☆Parnstar|they got diggersby on OU but gliscor in uu
|c|☆tewlegittoquit|oh geez lol
|c|☆tewlegittoquit|i dont try it cuz i cant use mega beedrill in there
|c|☆Parnstar|they had alakazam in uu but they moved it.. that's when I quit
|c|☆tewlegittoquit|i see
|c|☆tewlegittoquit|anyway gg man have fun
|-message|tewlegittoquit forfeited.
|
|win|Parnstar
|l|tewlegittoquit
|raw|Parnstar's rating: 1398 &rarr; <strong>1412<\/strong><br \/>(+14 for winning)
|raw|tewlegittoquit's rating: 1293 &rarr; <strong>1275<\/strong><br \/>(-18 for losing)</script>
</div>
<div class="battle-log battle-log-inline"><div class="inner"><div class="battle-options"></div><div class="inner"><div class="chat"><small>Parnstar joined.</small></div><div class="chat"><small>tewlegittoquit joined.</small></div><div class=""><small>Format:</small> <br><strong>UU</strong></div><div class="rated"><strong>Rated battle</strong></div><div class=""><small><em>Sleep Clause Mod:</em> Limit one foe put to sleep</small></div><div class=""><small><em>Species Clause:</em> Limit one of each Pokémon</small></div><div class=""><small><em>OHKO Clause:</em> OHKO moves are banned</small></div><div class=""><small><em>Moody Clause:</em> Moody is banned</small></div><div class=""><small><em>Evasion Moves Clause:</em> Evasion moves are banned</small></div><div class=""><small><em>Endless Battle Clause:</em> Forcing endless battles is banned</small></div><div class=""><small><em>HP Percentage Mod:</em> HP is shown in percentages</small></div><div class=""><small><em>Swagger Clause:</em> Swagger is banned</small></div><div class=""><small><em>Baton Pass Clause:</em> Limit one Baton Passer, can't pass Spe and other stats simultaneously</small></div><div class="chat battle-history"><strong>Parnstar's team:</strong> <em style="color:#445566;display:block;">Mamoswine / Toxicroak / Whimsicott / Heliolisk / Donphan / Crawdaunt</em></div><div class="chat battle-history"><strong>tewlegittoquit's team:</strong> <em style="color:#445566;display:block;">Lucario / Mienshao / Heliolisk / Suicune / Beedrill / Gligar</em></div><div class="chat chatmessage-tewlegittoquit"><strong style="color:hsl(43,89%,39.317559527078686%)"><small>☆</small><span class="username" data-name="tewlegittoquit">tewlegittoquit</span>:</strong> <em>hi again</em></div><div class="spacer battle-history"><br></div><div class="battle-history">Battle started between Parnstar and tewlegittoquit!<br></div><div class="spacer battle-history"><br></div><div class="battle-history">Go! Mustard pass (<strong>Donphan</strong>)!<br></div><div class="spacer battle-history"><br></div><div class="battle-history">tewlegittoquit sent out <strong>Beedrill</strong>!<br></div><div class="spacer battle-history"><br></div><h2 class="battle-history">Turn 1</h2><div class="chat chatmessage-parnstar"><strong style="color:hsl(41,84%,41.163999978976825%)"><small>☆</small><span class="username" data-name="Parnstar">Parnstar</span>:</strong> <em>What's uo</em></div><div class="chat chatmessage-parnstar"><strong style="color:hsl(41,84%,41.163999978976825%)"><small>☆</small><span class="username" data-name="Parnstar">Parnstar</span>:</strong> <em>up</em></div><div class="spacer battle-history"><br></div><div class="battle-history"><small>The opposing Beedrill's Beedrillite is reacting to tewlegittoquit's Mega Bracelet!</small><br>The opposing Beedrill has Mega Evolved into Mega Beedrill!<br></div><div class="spacer battle-history"><br></div><div class="battle-history">The opposing Beedrill used <strong>U-turn</strong>!<br></div><div class="battle-history"><small>(Mustard pass lost <abbr title="−162/383">42.3%</abbr> of its health!)</small><br></div><div class="chat chatmessage-tewlegittoquit"><strong style="color:hsl(43,89%,39.317559527078686%)"><small>☆</small><span class="username" data-name="tewlegittoquit">tewlegittoquit</span>:</strong> <em>not much</em></div><div class="chat chatmessage-tewlegittoquit"><strong style="color:hsl(43,89%,39.317559527078686%)"><small>☆</small><span class="username" data-name="tewlegittoquit">tewlegittoquit</span>:</strong> <em>how bout u</em></div><div class="spacer battle-history"><br></div><div class="battle-history">The opposing Beedrill went back to tewlegittoquit!<br></div><div class="battle-history">tewlegittoquit sent out <strong>Gligar</strong>!<br></div><div class="spacer battle-history"><br></div><div class="battle-history">Mustard pass used <strong>Stealth Rock</strong>!<br></div><div class="battle-history"><small>Pointed stones float in the air around the opposing team!</small><br></div><div class="spacer battle-history"><br></div><h2 class="battle-history">Turn 2</h2><div class="spacer battle-history"><br></div><div class="battle-history">The opposing Gligar used <strong>Defog</strong>!<br></div><div class="battle-history"><small>Mustard pass's evasiveness fell!</small><br></div><div class="battle-history"><small>The pointed stones disappeared from around the opposing team!</small><br></div><div class="spacer battle-history"><br></div><div class="battle-history">Mustard pass used <strong>Knock Off</strong>!<br></div><div class="battle-history"><small>(The opposing Gligar lost <abbr title="−55/333">16.5%</abbr> of its health!)</small><br></div><div class="battle-history"><small>Mustard pass knocked off the opposing Gligar's Eviolite!</small><br></div><div class="spacer battle-history"><br></div><h2 class="battle-history">Turn 3</h2><div class="chat chatmessage-parnstar"><strong style="color:hsl(41,84%,41.163999978976825%)"><small>☆</small><span class="username" data-name="Parnstar">Parnstar</span>:</strong> <em>I'm good</em></div><div class="spacer battle-history"><br></div><div class="battle-history">The opposing Gligar used <strong>Stealth Rock</strong>!<br></div><div class="battle-history"><small>Pointed stones float in the air around your team!</small><br></div><div class="spacer battle-history"><br></div><div class="battle-history">Mustard pass used <strong>Stealth Rock</strong>!<br></div><div class="battle-history"><small>Pointed stones float in the air around the opposing team!</small><br></div><div class="spacer battle-history"><br></div><h2 class="battle-history">Turn 4</h2><div class="chat chatmessage-parnstar"><strong style="color:hsl(41,84%,41.163999978976825%)"><small>☆</small><span class="username" data-name="Parnstar">Parnstar</span>:</strong> <em>barttles taking forever to get now</em></div><div class="spacer battle-history"><br></div><div class="battle-history">Mustard pass, come back!<br></div><div class="battle-history">Go! NIpple pinochle (<strong>Crawdaunt</strong>)!<br></div><div class="battle-history"><small>Pointed stones dug into NIpple pinochle!</small><br></div><div class="spacer battle-history"><br></div><div class="battle-history">The opposing Gligar used <strong>Defog</strong>!<br></div><div class="battle-history"><small>NIpple pinochle's evasiveness fell!</small><br></div><div class="battle-history"><small>The pointed stones disappeared from around your team!</small><br></div><div class="battle-history"><small>The pointed stones disappeared from around the opposing team!</small><br></div><div class="spacer battle-history"><br></div><h2 class="battle-history">Turn 5</h2><div class="spacer battle-history"><br></div><div class="battle-history">NIpple pinochle used <strong>Dragon Dance</strong>!<br></div><div class="battle-history"><small>NIpple pinochle's Attack rose!</small><br></div><div class="battle-history"><small>NIpple pinochle's Speed rose!</small><br></div><div class="spacer battle-history"><br></div><div class="battle-history">The opposing Gligar used <strong>U-turn</strong>!<br></div><div class="battle-history"><small>It's super effective!</small><br></div><div class="battle-history"><small>(NIpple pinochle lost <abbr title="−102/267">38.2%</abbr> of its health!)</small><br></div><div class="spacer battle-history"><br></div><div class="battle-history">The opposing Gligar went back to tewlegittoquit!<br></div><div class="battle-history">tewlegittoquit sent out <strong>Mienshao</strong>!<br></div><div class="spacer battle-history"><br></div><h2 class="battle-history">Turn 6</h2><div class="spacer battle-history"><br></div><div class="battle-history">NIpple pinochle used <strong>Aqua Jet</strong>!<br></div><div class="battle-history"><small>(The opposing Mienshao lost <abbr title="−236/271">87.1%</abbr> of its health!)</small><br></div><div class="spacer battle-history"><br></div><div class="battle-history">The opposing Mienshao used <strong>Drain Punch</strong>!<br></div><div class="battle-history"><small>It's super effective!</small><br></div><div class="battle-history"><small>(NIpple pinochle lost <abbr title="−132/267">49.4%</abbr> of its health!)</small><br></div><div class="battle-history"><small>NIpple pinochle had its energy drained!</small><br></div><div class="spacer battle-history"><br></div><div class="battle-history">NIpple pinochle fainted!<br></div><div class="spacer battle-history"><br></div><div class="battle-history">Go! Mandingo (<strong>Toxicroak</strong>)!<br></div><div class="spacer battle-history"><br></div><h2 class="battle-history">Turn 7</h2><div class="spacer battle-history"><br></div><div class="battle-history">The opposing Mienshao used <strong>U-turn</strong>!<br></div><div class="battle-history"><small>It's not very effective...</small><br></div><div class="battle-history"><small>(Mandingo lost <abbr title="−29/308">9.4%</abbr> of its health!)</small><br></div><div class="spacer battle-history"><br></div><div class="battle-history">The opposing Mienshao went back to tewlegittoquit!<br></div><div class="battle-history">tewlegittoquit sent out <strong>Gligar</strong>!<br></div><div class="spacer battle-history"><br></div><div class="battle-history">Mandingo used <strong>Swords Dance</strong>!<br></div><div class="battle-history"><small>Mandingo's Attack rose sharply!</small><br></div><div class="spacer battle-history"><br></div><h2 class="battle-history">Turn 8</h2><div class="spacer battle-history"><br></div><div class="battle-history">Mandingo used <strong>Gunk Shot</strong>!<br></div><div class="battle-history"><small>It's not very effective...</small><br></div><div class="battle-history"><small>(The opposing Gligar lost <abbr title="−199/333">59.8%</abbr> of its health!)</small><br></div><div class="battle-history"><small>The opposing Gligar was poisoned!</small><br></div><div class="battle-history"><small>Mandingo lost some of its HP!</small><br></div><div class="spacer battle-history"><br></div><div class="battle-history">The opposing Gligar used <strong>U-turn</strong>!<br></div><div class="battle-history"><small>It's not very effective...</small><br></div><div class="battle-history"><small>(Mandingo lost <abbr title="−16/308">5.2%</abbr> of its health!)</small><br></div><div class="chat chatmessage-tewlegittoquit"><strong style="color:hsl(43,89%,39.317559527078686%)"><small>☆</small><span class="username" data-name="tewlegittoquit">tewlegittoquit</span>:</strong> <em>im back on showdown today after a 6 month hiatus lol</em></div><div class="spacer battle-history"><br></div><div class="battle-history">The opposing Gligar went back to tewlegittoquit!<br></div><div class="battle-history">tewlegittoquit sent out <strong>Mienshao</strong>!<br></div><div class="spacer battle-history"><br></div><h2 class="battle-history">Turn 9</h2><div class="spacer battle-history"><br></div><div class="battle-history">Mandingo used <strong>Sucker Punch</strong>!<br></div><div class="battle-history"><small>It's not very effective...</small><br></div><div class="battle-history"><small>(The opposing Mienshao lost <abbr title="−166/271">61.3%</abbr> of its health!)</small><br></div><div class="battle-history"><small>Mandingo lost some of its HP!</small><br></div><div class="spacer battle-history"><br></div><div class="battle-history">The opposing Mienshao used <strong>U-turn</strong>!<br></div><div class="battle-history"><small>It's not very effective...</small><br></div><div class="battle-history"><small>(Mandingo lost <abbr title="−30/308">9.7%</abbr> of its health!)</small><br></div><div class="spacer battle-history"><br></div><div class="battle-history">The opposing Mienshao went back to tewlegittoquit!<br></div><div class="battle-history">tewlegittoquit sent out <strong>Lucario</strong>!<br></div><div class="spacer battle-history"><br></div><h2 class="battle-history">Turn 10</h2><div class="spacer battle-history"><br></div><div class="battle-history">The opposing Lucario used <strong>Extreme Speed</strong>!<br></div><div class="battle-history"><small>(Mandingo lost <abbr title="−157/308">51.0%</abbr> of its health!)</small><br></div><div class="battle-history"><small>The opposing Lucario lost some of its HP!</small><br></div><div class="spacer battle-history"><br></div><div class="battle-history">Mandingo used <strong>Drain Punch</strong>!<br></div><div class="battle-history"><small>It's super effective!</small><br></div><div class="battle-history"><small>A critical hit!</small><br></div><div class="battle-history"><small>(The opposing Lucario lost <abbr title="−309/343">90.1%</abbr> of its health!)</small><br></div><div class="battle-history"><small>The opposing Lucario had its energy drained!</small><br></div><div class="battle-history"><small>Mandingo lost some of its HP!</small><br></div><div class="spacer battle-history"><br></div><div class="battle-history">The opposing Lucario fainted!<br></div><div class="spacer battle-history"><br></div><div class="battle-history">tewlegittoquit sent out <strong>Mienshao</strong>!<br></div><div class="spacer battle-history"><br></div><h2 class="battle-history">Turn 11</h2><div class="spacer battle-history"><br></div><div class="battle-history">tewlegittoquit withdrew Mienshao!<br></div><div class="battle-history">tewlegittoquit sent out <strong>Gligar</strong>!<br></div><div class="spacer battle-history"><br></div><div class="battle-history">Mandingo used <strong>Sucker Punch</strong>!<br></div><div class="battle-history"><small>But it failed!</small><br></div><div class="spacer battle-history"><br></div><div class="battle-history"><small>The opposing Gligar was hurt by poison!</small><br></div><div class="spacer battle-history"><br></div><h2 class="battle-history">Turn 12</h2><div class="spacer battle-history"><br></div><div class="battle-history">Mandingo used <strong>Drain Punch</strong>!<br></div><div class="battle-history"><small>It's not very effective...</small><br></div><div class="battle-history"><small>(The opposing Gligar lost <abbr title="−38/333">11.4%</abbr> of its health!)</small><br></div><div class="battle-history"><small>The opposing Gligar had its energy drained!</small><br></div><div class="battle-history"><small>Mandingo lost some of its HP!</small><br></div><div class="spacer battle-history"><br></div><div class="battle-history">The opposing Gligar fainted!<br></div><div class="spacer battle-history"><br></div><div class="battle-history">tewlegittoquit sent out <strong>Mienshao</strong>!<br></div><div class="spacer battle-history"><br></div><h2 class="battle-history">Turn 13</h2><div class="chat chatmessage-parnstar"><strong style="color:hsl(41,84%,41.163999978976825%)"><small>☆</small><span class="username" data-name="Parnstar">Parnstar</span>:</strong> <em>Your doing good for a 6 month brewk</em></div><div class="chat chatmessage-tewlegittoquit"><strong style="color:hsl(43,89%,39.317559527078686%)"><small>☆</small><span class="username" data-name="tewlegittoquit">tewlegittoquit</span>:</strong> <em>thx man</em></div><div class="chat chatmessage-tewlegittoquit"><strong style="color:hsl(43,89%,39.317559527078686%)"><small>☆</small><span class="username" data-name="tewlegittoquit">tewlegittoquit</span>:</strong> <em>do u play gen 7 uu</em></div><div class="spacer battle-history"><br></div><div class="battle-history">The opposing Mienshao used <strong>Drain Punch</strong>!<br></div><div class="battle-history"><small>It's not very effective...</small><br></div><div class="battle-history"><small>(Mandingo lost <abbr title="−87/308">28.2%</abbr> of its health!)</small><br></div><div class="battle-history"><small>Mandingo had its energy drained!</small><br></div><div class="spacer battle-history"><br></div><div class="battle-history">Mandingo used <strong>Drain Punch</strong>!<br></div><div class="battle-history"><small>(The opposing Mienshao lost <abbr title="−249/271">91.9%</abbr> of its health!)</small><br></div><div class="battle-history"><small>The opposing Mienshao had its energy drained!</small><br></div><div class="battle-history"><small>Mandingo lost some of its HP!</small><br></div><div class="spacer battle-history"><br></div><div class="battle-history">The opposing Mienshao fainted!<br></div><div class="spacer battle-history"><br></div><div class="battle-history">tewlegittoquit sent out <strong>Heliolisk</strong>!<br></div><div class="spacer battle-history"><br></div><h2 class="battle-history">Turn 14</h2><div class="spacer battle-history"><br></div><div class="battle-history">Mandingo used <strong>Sucker Punch</strong>!<br></div><div class="battle-history"><small>(The opposing Heliolisk lost <abbr title="−265/265">100%</abbr> of its health!)</small><br></div><div class="battle-history"><small>Mandingo lost some of its HP!</small><br></div><div class="spacer battle-history"><br></div><div class="battle-history">The opposing Heliolisk fainted!<br></div><div class="spacer battle-history"><br></div><div class="battle-history">tewlegittoquit sent out <strong>Suicune</strong>!<br></div><div class="battle-history"><small>[The opposing Suicune's Pressure]</small><br><small>The opposing Suicune is exerting its pressure!</small><br></div><div class="spacer battle-history"><br></div><h2 class="battle-history">Turn 15</h2><div class="spacer battle-history"><br></div><div class="battle-history">Mandingo used <strong>Drain Punch</strong>!<br></div><div class="battle-history"><small>(The opposing Suicune lost <abbr title="−218/403">54.1%</abbr> of its health!)</small><br></div><div class="battle-history"><small>The opposing Suicune had its energy drained!</small><br></div><div class="battle-history"><small>Mandingo lost some of its HP!</small><br></div><div class="spacer battle-history"><br></div><div class="battle-history">The opposing Suicune used <strong>Ice Beam</strong>!<br></div><div class="battle-history"><small>(Mandingo lost <abbr title="−85/308">27.6%</abbr> of its health!)</small><br></div><div class="spacer battle-history"><br></div><div class="battle-history"><small>The opposing Suicune restored a little HP using its Leftovers!</small><br></div><div class="spacer battle-history"><br></div><h2 class="battle-history">Turn 16</h2><div class="chat chatmessage-parnstar"><strong style="color:hsl(41,84%,41.163999978976825%)"><small>☆</small><span class="username" data-name="Parnstar">Parnstar</span>:</strong> <em>It's too broken right now</em></div><div class="spacer battle-history"><br></div><div class="battle-history">Mandingo used <strong>Drain Punch</strong>!<br></div><div class="battle-history"><small>(The opposing Suicune lost <abbr title="−210/403">52.1%</abbr> of its health!)</small><br></div><div class="battle-history"><small>The opposing Suicune had its energy drained!</small><br></div><div class="battle-history"><small>Mandingo lost some of its HP!</small><br></div><div class="spacer battle-history"><br></div><div class="battle-history">The opposing Suicune fainted!<br></div><div class="spacer battle-history"><br></div><div class="battle-history">tewlegittoquit sent out Beedrill (<strong>Beedrill-Mega</strong>)!<br></div><div class="spacer battle-history"><br></div><h2 class="battle-history">Turn 17</h2><div class="chat chatmessage-tewlegittoquit"><strong style="color:hsl(43,89%,39.317559527078686%)"><small>☆</small><span class="username" data-name="tewlegittoquit">tewlegittoquit</span>:</strong> <em>with the new pkmn?</em></div><div class="chat chatmessage-parnstar"><strong style="color:hsl(41,84%,41.163999978976825%)"><small>☆</small><span class="username" data-name="Parnstar">Parnstar</span>:</strong> <em>No the old ones</em></div><div class="chat chatmessage-parnstar"><strong style="color:hsl(41,84%,41.163999978976825%)"><small>☆</small><span class="username" data-name="Parnstar">Parnstar</span>:</strong> <em>they got diggersby on OU but gliscor in uu</em></div><div class="chat chatmessage-tewlegittoquit"><strong style="color:hsl(43,89%,39.317559527078686%)"><small>☆</small><span class="username" data-name="tewlegittoquit">tewlegittoquit</span>:</strong> <em>oh geez lol</em></div><div class="chat chatmessage-tewlegittoquit"><strong style="color:hsl(43,89%,39.317559527078686%)"><small>☆</small><span class="username" data-name="tewlegittoquit">tewlegittoquit</span>:</strong> <em>i dont try it cuz i cant use mega beedrill in there</em></div><div class="chat chatmessage-parnstar"><strong style="color:hsl(41,84%,41.163999978976825%)"><small>☆</small><span class="username" data-name="Parnstar">Parnstar</span>:</strong> <em>they had alakazam in uu but they moved it.. that's when I quit</em></div><div class="chat chatmessage-tewlegittoquit"><strong style="color:hsl(43,89%,39.317559527078686%)"><small>☆</small><span class="username" data-name="tewlegittoquit">tewlegittoquit</span>:</strong> <em>i see</em></div><div class="chat chatmessage-tewlegittoquit"><strong style="color:hsl(43,89%,39.317559527078686%)"><small>☆</small><span class="username" data-name="tewlegittoquit">tewlegittoquit</span>:</strong> <em>anyway gg man have fun</em></div><div class="spacer battle-history"><br></div><div class="battle-history"><small>tewlegittoquit forfeited.</small><br></div><div class="spacer battle-history"><br></div><div class="battle-history"><strong>Parnstar</strong> won the battle!<br></div><div class="chat"><small>tewlegittoquit left.</small></div><div class="chat">Parnstar's rating: 1398 → <strong>1412</strong><br>(+14 for winning)</div><div class="chat">tewlegittoquit's rating: 1293 → <strong>1275</strong><br>(-18 for losing)</div></div><div class="inner-preempt"></div></div></div>
</div>
<script>
let daily = Math.floor(Date.now()/1000/60/60/24);document.write('<script src="https://play.pokemonshowdown.com/js/replay-embed.js?version'+daily+'"></'+'script>');
</script>
