<!DOCTYPE html>
<meta charset="utf-8" />
<!-- version 1 -->
<title>UU replay: blunderr vs. Rodriblutar</title>
<style>
html,body {font-family:Verdana, sans-serif;font-size:10pt;margin:0;padding:0;}body{padding:12px 0;} .battle-log {font-family:Verdana, sans-serif;font-size:10pt;} .battle-log-inline {border:1px solid #AAAAAA;background:#EEF2F5;color:black;max-width:640px;margin:0 auto 80px;padding-bottom:5px;} .battle-log .inner {padding:4px 8px 0px 8px;} .battle-log .inner-preempt {padding:0 8px 4px 8px;} .battle-log .inner-after {margin-top:0.5em;} .battle-log h2 {margin:0.5em -8px;padding:4px 8px;border:1px solid #AAAAAA;background:#E0E7EA;border-left:0;border-right:0;font-family:Verdana, sans-serif;font-size:13pt;} .battle-log .chat {vertical-align:middle;padding:3px 0 3px 0;font-size:8pt;} .battle-log .chat strong {color:#40576A;} .battle-log .chat em {padding:1px 4px 1px 3px;color:#000000;font-style:normal;} .chat.mine {background:rgba(0,0,0,0.05);margin-left:-8px;margin-right:-8px;padding-left:8px;padding-right:8px;} .spoiler {color:#BBBBBB;background:#BBBBBB;padding:0px 3px;} .spoiler:hover, .spoiler:active, .spoiler-shown {color:#000000;background:#E2E2E2;padding:0px 3px;} .spoiler a {color:#BBBBBB;} .spoiler:hover a, .spoiler:active a, .spoiler-shown a {color:#2288CC;} .chat code, .chat .spoiler:hover code, .chat .spoiler:active code, .chat .spoiler-shown code {border:1px solid #C0C0C0;background:#EEEEEE;color:black;padding:0 2px;} .chat .spoiler code {border:1px solid #CCCCCC;background:#CCCCCC;color:#CCCCCC;} .battle-log .rated {padding:3px 4px;} .battle-log .rated strong {color:white;background:#89A;padding:1px 4px;border-radius:4px;} .spacer {margin-top:0.5em;} .message-announce {background:#6688AA;color:white;padding:1px 4px 2px;} .message-announce a, .broadcast-green a, .broadcast-blue a, .broadcast-red a {color:#DDEEFF;} .broadcast-green {background-color:#559955;color:white;padding:2px 4px;} .broadcast-blue {background-color:#6688AA;color:white;padding:2px 4px;} .infobox {border:1px solid #6688AA;padding:2px 4px;} .infobox-limited {max-height:200px;overflow:auto;overflow-x:hidden;} .broadcast-red {background-color:#AA5544;color:white;padding:2px 4px;} .message-learn-canlearn {font-weight:bold;color:#228822;text-decoration:underline;} .message-learn-cannotlearn {font-weight:bold;color:#CC2222;text-decoration:underline;} .message-effect-weak {font-weight:bold;color:#CC2222;} .message-effect-resist {font-weight:bold;color:#6688AA;} .message-effect-immune {font-weight:bold;color:#666666;} .message-learn-list {margin-top:0;margin-bottom:0;} .message-throttle-notice, .message-error {color:#992222;} .message-overflow, .chat small.message-overflow {font-size:0pt;} .message-overflow::before {font-size:9pt;content:'...';} .subtle {color:#3A4A66;}
</style>
<div class="wrapper replay-wrapper" style="max-width:1180px;margin:0 auto">
<input type="hidden" name="replayid" value="smogtours-uu-268257" />
<div class="battle"></div><div class="battle-log"></div><div class="replay-controls"></div><div class="replay-controls-2"></div>
<h1 style="font-weight:normal;text-align:center"><strong>UU</strong><br /><a href="http://pokemonshowdown.com/users/blunderr" class="subtle" target="_blank">blunderr</a> vs. <a href="http://pokemonshowdown.com/users/rodriblutar" class="subtle" target="_blank">Rodriblutar</a></h1>
<script type="text/plain" class="battle-log-data">|inactive|Battle timer is ON: inactive players will automatically lose when time's up.
|J|blunderr
|J|Rodriblutar
|player|p1|blunderr|31
|player|p2|Rodriblutar|32
|gametype|singles
|gen|6
|tier|UU
|seed|10819,14259,44255,44298
|rule|Sleep Clause Mod: Limit one foe put to sleep
|rule|Species Clause: Limit one of each Pokémon
|rule|OHKO Clause: OHKO moves are banned
|rule|Moody Clause: Moody is banned
|rule|Evasion Moves Clause: Evasion moves are banned
|rule|Endless Battle Clause: Forcing endless battles is banned
|rule|HP Percentage Mod: HP is shown in percentages
|clearpoke
|poke|p1|Escavalier, M|item
|poke|p1|Suicune|item
|poke|p1|Abomasnow, F|item
|poke|p1|Sylveon, F|item
|poke|p1|Crobat, M|
|poke|p1|Cobalion|item
|poke|p2|Roserade, F|item
|poke|p2|Forretress, M|item
|poke|p2|Krookodile, M|item
|poke|p2|Sylveon, F|item
|poke|p2|Jellicent, M|item
|poke|p2|Aerodactyl, M|item
|rule|Swagger Clause: Swagger is banned
|rule|Baton Pass Clause: Limit one Baton Passer, can't pass Spe and other stats simultaneously
|teampreview
|J|Bouff
|J|Vileman
|J|mpozkazp
|c|+Bouff|oof
|J|feel da rain ♔
|J|Roro
|c|☆Rodriblutar|Hf
|J|Gyslexic Duy
|J|PokemonMasterTJ
|J|Freeroamer
|J|flcl
|J|Rampecker
|c|☆blunderr|u2 bro
|J|therealslap
|c|+Bouff|the two best
|J|False偽
|c|+feel da rain ♔|innnn
|J|Zenadark
|J|We Three Kings
|c|+Bouff|players
|J|obii ☑
|J|Updated Kanto
|J|Ban Manaphy
|L|Zenadark
|c|+Bouff|known to mankind
|J|knkb
|J|Tony
|c|+Bouff|let me get an extra set of boxers
|J|jirachee
|J|Hax the gam3
|J|WhiteLion♜
|c|+obii ☑|:goat:
|J|Finchinator
|J|THE PDC SHOW
|c|+Freeroamer|cant wait to see forre gyro do 40 to aboma
|c|+feel da rain ♔|:hiker:
|J|Mysterious M ️
|J|sugarhigh
|J|Good Candiesss
|L|Good Candiesss
|J|Yoshizilla315
|J|Pearl ☆
|c|%Pearl ☆|OGM
|c|%Pearl ☆|2 unbeatable gods
|choice|team 5, team 2, team 3, team 4, team 1, team 6|team 2, team 1, team 3, team 4, team 5, team 6
|
|start
|switch|p1a: Crobat|Crobat, M|373\/373
|switch|p2a: Forretress|Forretress, M|353\/353
|turn|1
|c|+sugarhigh|rodri already won.
|J|dodmen
|J|SOULWIND❄
|choice|move acrobatics|move spikes
|
|move|p1a: Crobat|Acrobatics|p2a: Forretress
|-damage|p2a: Forretress|257\/353
|move|p2a: Forretress|Spikes|p1a: Crobat
|-sidestart|p1: blunderr|Spikes
|
|-heal|p2a: Forretress|279\/353|[from] item: Leftovers
|upkeep
|turn|2
|J|Zaettsu
|J|RED WHITE and TEAL
|choice|move defog|move voltswitch
|
|move|p1a: Crobat|Defog|p2a: Forretress
|-unboost|p2a: Forretress|evasion|1
|-sideend|p1: blunderr|Spikes|[from] move: Defog|[of] p1a: Crobat
|move|p2a: Forretress|Volt Switch|p1a: Crobat
|-supereffective|p1a: Crobat
|-damage|p1a: Crobat|289\/373
|J|Duck Chris
|J|YABO
|choice||switch 6
|
|switch|p2a: Aerodactyl|Aerodactyl, M|301\/301
|
|upkeep
|turn|3
|J|hogg
|choice|switch 6|move pursuit mega
|
|-activate|p1a: Crobat|move: Pursuit
|detailschange|p2a: Aerodactyl|Aerodactyl-Mega, M
|-mega|p2a: Aerodactyl|Aerodactyl|Aerodactylite
|move|p2a: Aerodactyl|Pursuit|p1a: Crobat|[from]Pursuit
|-crit|p1a: Crobat
|-damage|p1a: Crobat|94\/373
|switch|p1a: Cobalion|Cobalion|323\/323
|
|upkeep
|turn|4
|J|Accelgor⏫
|c|+Accelgor⏫|2 goats.
|J|GET THIS MONEY
|L|We Three Kings
|choice|move stealthrock|switch 5
|
|switch|p2a: Jellicent|Jellicent, M|399\/399
|move|p1a: Cobalion|Stealth Rock|p2a: Jellicent
|-sidestart|p2: Rodriblutar|move: Stealth Rock
|
|upkeep
|turn|5
|L|Duck Chris
|J|Hikari
|J|ABR
|J|TDK
|c|+Hikari|blunder Kreygasm 
|L|Updated Kanto
|J|Ark
|c|+ABR|blunder :warning: :fire: :100: :heart_eyes: :blows_kiss:
|L|Accelgor⏫
|L|hogg
|c|+Hikari|blunder why aren't you in BW
|choice|switch 2|switch 3
|
|switch|p1a: Suicune|Suicune|401\/401
|-ability|p1a: Suicune|Pressure
|switch|p2a: Krookodile|Krookodile, M|331\/331
|-damage|p2a: Krookodile|311\/331|[from] Stealth Rock
|-ability|p2a: Krookodile|Intimidate|boost
|-unboost|p1a: Suicune|atk|1
|
|upkeep
|turn|6
|J|Ict
|J|hogg
|c|+ABR|GOAT
|c|+Hikari|you are the BW UU goat
|J|Jayde
|L|hogg
|J|Simiatic
|J|Accelgor⏫
|L|Simiatic
|c|+Ict|OMG BLUNDYYYY
|J|hogg
|J|TSR
|choice|switch 6|move stealthrock
|
|switch|p1a: Crobat|Crobat, M|94\/373
|move|p2a: Krookodile|Stealth Rock|p1a: Crobat
|-sidestart|p1: blunderr|move: Stealth Rock
|
|upkeep
|turn|7
|c|+Bouff|go blunder 
|choice|switch 2|move knockoff
|
|switch|p1a: Cobalion|Cobalion|323\/323
|-damage|p1a: Cobalion|313\/323|[from] Stealth Rock
|move|p2a: Krookodile|Knock Off|p1a: Cobalion
|-resisted|p1a: Cobalion
|-damage|p1a: Cobalion|243\/323
|-ability|p1a: Cobalion|Justified|boost
|-boost|p1a: Cobalion|atk|1
|-enditem|p1a: Cobalion|Shuca Berry|[from] move: Knock Off|[of] p2a: Krookodile
|
|upkeep
|turn|8
|c|+Bouff|olololololo
|choice|move ironhead|switch 3
|
|switch|p2a: Jellicent|Jellicent, M|399\/399
|-damage|p2a: Jellicent|350\/399|[from] Stealth Rock
|move|p1a: Cobalion|Iron Head|p2a: Jellicent
|-resisted|p2a: Jellicent
|-damage|p2a: Jellicent|273\/399
|
|-heal|p2a: Jellicent|297\/399|[from] item: Leftovers
|upkeep
|turn|9
|c|+Ict|wht a play
|choice|switch 6|move willowisp
|
|switch|p1a: Suicune|Suicune|401\/401
|-damage|p1a: Suicune|351\/401|[from] Stealth Rock
|-ability|p1a: Suicune|Pressure
|move|p2a: Jellicent|Will-O-Wisp|p1a: Suicune
|-status|p1a: Suicune|brn
|
|-heal|p1a: Suicune|376\/401 brn|[from] item: Leftovers
|-heal|p2a: Jellicent|321\/399|[from] item: Leftovers
|-damage|p1a: Suicune|326\/401 brn|[from] brn
|upkeep
|turn|10
|choice|move roar|move taunt
|
|move|p2a: Jellicent|Taunt|p1a: Suicune
|-start|p1a: Suicune|move: Taunt
|cant|p1a: Suicune|move: Taunt|Roar
|
|-heal|p1a: Suicune|351\/401 brn|[from] item: Leftovers
|-heal|p2a: Jellicent|345\/399|[from] item: Leftovers
|-damage|p1a: Suicune|301\/401 brn|[from] brn
|upkeep
|turn|11
|choice|switch 4|move willowisp
|
|switch|p1a: Sylveon|Sylveon, F|391\/391
|-damage|p1a: Sylveon|343\/391|[from] Stealth Rock
|move|p2a: Jellicent|Will-O-Wisp|p1a: Sylveon|[miss]
|-miss|p2a: Jellicent|p1a: Sylveon
|
|-heal|p2a: Jellicent|369\/399|[from] item: Leftovers
|-heal|p1a: Sylveon|367\/391|[from] item: Leftovers
|upkeep
|turn|12
|J|analysis geek ^()^
|choice|move hypervoice|move willowisp
|
|move|p2a: Jellicent|Will-O-Wisp|p1a: Sylveon
|-status|p1a: Sylveon|brn
|move|p1a: Sylveon|Hyper Voice|p2a: Jellicent
|-damage|p2a: Jellicent|233\/399
|
|-heal|p2a: Jellicent|257\/399|[from] item: Leftovers
|-heal|p1a: Sylveon|391\/391 brn|[from] item: Leftovers
|-damage|p1a: Sylveon|343\/391 brn|[from] brn
|upkeep
|turn|13
|choice|move hypervoice|move recover
|
|move|p2a: Jellicent|Recover|p2a: Jellicent
|-heal|p2a: Jellicent|399\/399
|move|p1a: Sylveon|Hyper Voice|p2a: Jellicent
|-damage|p2a: Jellicent|266\/399
|
|-heal|p2a: Jellicent|290\/399|[from] item: Leftovers
|-heal|p1a: Sylveon|367\/391 brn|[from] item: Leftovers
|-damage|p1a: Sylveon|319\/391 brn|[from] brn
|upkeep
|turn|14
|J|Tirishia
|choice|move hypervoice|move taunt
|
|move|p2a: Jellicent|Taunt|p1a: Sylveon
|-start|p1a: Sylveon|move: Taunt
|move|p1a: Sylveon|Hyper Voice|p2a: Jellicent
|-damage|p2a: Jellicent|143\/399
|
|-heal|p2a: Jellicent|167\/399|[from] item: Leftovers
|-heal|p1a: Sylveon|343\/391 brn|[from] item: Leftovers
|-damage|p1a: Sylveon|295\/391 brn|[from] brn
|upkeep
|turn|15
|c|+Bouff|sylvieee
|choice|switch 2|move recover
|
|switch|p1a: Crobat|Crobat, M|94\/373
|-damage|p1a: Crobat|1\/373|[from] Stealth Rock
|move|p2a: Jellicent|Recover|p2a: Jellicent
|-heal|p2a: Jellicent|367\/399
|
|-heal|p2a: Jellicent|391\/399|[from] item: Leftovers
|upkeep
|turn|16
|J|Sentimentalist
|choice|move roost|move taunt
|
|move|p1a: Crobat|Roost|p1a: Crobat
|-heal|p1a: Crobat|188\/373
|move|p2a: Jellicent|Taunt|p1a: Crobat
|-start|p1a: Crobat|move: Taunt
|
|-heal|p2a: Jellicent|399\/399|[from] item: Leftovers
|upkeep
|turn|17
|J|Empo
|J|Amaroq
|choice|switch 4|move hex
|
|switch|p1a: Suicune|Suicune|301\/401 brn
|-damage|p1a: Suicune|251\/401 brn|[from] Stealth Rock
|-ability|p1a: Suicune|Pressure
|move|p2a: Jellicent|Hex|p1a: Suicune
|-damage|p1a: Suicune|122\/401 brn
|
|-heal|p1a: Suicune|147\/401 brn|[from] item: Leftovers
|-damage|p1a: Suicune|97\/401 brn|[from] brn
|upkeep
|turn|18
|J|DrReuniclus3
|J|Cdumas ♥♠
|choice|move rest|switch 3
|
|switch|p2a: Krookodile|Krookodile, M|311\/331
|-damage|p2a: Krookodile|291\/331|[from] Stealth Rock
|-ability|p2a: Krookodile|Intimidate|boost
|-unboost|p1a: Suicune|atk|1
|move|p1a: Suicune|Rest|p1a: Suicune
|-status|p1a: Suicune|slp
|-heal|p1a: Suicune|401\/401 slp|[silent]
|-status|p1a: Suicune|slp|[from] move: Rest
|
|upkeep
|turn|19
|choice|switch 6|move earthquake
|
|switch|p1a: Cobalion|Cobalion|243\/323
|-damage|p1a: Cobalion|233\/323|[from] Stealth Rock
|move|p2a: Krookodile|Earthquake|p1a: Cobalion
|-supereffective|p1a: Cobalion
|-damage|p1a: Cobalion|0 fnt
|faint|p1a: Cobalion
|
|upkeep
|J|Flaress
|choice|switch 3|
|
|switch|p1a: Abomasnow|Abomasnow, F|383\/383
|-damage|p1a: Abomasnow|288\/383|[from] Stealth Rock
|turn|20
|c|+Finchinator|wait is thi uupl
|c|+Finchinator|this*
|c|+Bouff|y
|L|Yoshizilla315
|c|+Accelgor⏫|ya
|J|welliou..
|J|Strealet❄
|c|+Finchinator|what's the score
|J|Kushalos
|c|+Finchinator|between these 2 teams
|c|+hogg|1-4
|c|+Finchinator|who has 1
|c|+Bouff|hogg
|c|+welliou..|2 gods..
|c|+hogg|us
|choice|move swordsdance mega|move knockoff
|
|detailschange|p1a: Abomasnow|Abomasnow-Mega, F
|-mega|p1a: Abomasnow|Abomasnow|Abomasite
|-weather|Hail|[from] ability: Snow Warning|[of] p1a: Abomasnow
|move|p2a: Krookodile|Knock Off|p1a: Abomasnow
|-damage|p1a: Abomasnow|186\/383
|move|p1a: Abomasnow|Swords Dance|p1a: Abomasnow
|-boost|p1a: Abomasnow|atk|2
|
|-weather|Hail|[upkeep]
|-damage|p2a: Krookodile|271\/331|[from] hail
|upkeep
|turn|21
|c|+Finchinator|oh
|c|+Bouff|genius
|c|%Pearl ☆|o shit
|c|+Finchinator|wait is blunder on
|c|+Bouff|play by rodriblutar
|c|+Finchinator|fuga's team?
|c|+Bouff|na
|c|+Hikari|n
|c|%Pearl ☆|no
|c|+Bouff|hoggs
|c|+hogg|no
|c|+Finchinator|OH
|c|+hogg|my team
|c|+Hikari|hogg's
|c|+Finchinator|this makes
|choice|move iceshard|move knockoff
|
|move|p1a: Abomasnow|Ice Shard|p2a: Krookodile
|-supereffective|p2a: Krookodile
|-damage|p2a: Krookodile|0 fnt
|faint|p2a: Krookodile
|
|-weather|Hail|[upkeep]
|upkeep
|c|+Finchinator|a lot more sense
|c|+Finchinator|i was so confused
|c|+Hikari|this is hogg's vs the battle snakes
|c|+Finchinator|advantahe's team
|c|+Finchinator|ic ic
|choice||switch 6
|
|switch|p2a: Forretress|Forretress, M|279\/353
|-damage|p2a: Forretress|235\/353|[from] Stealth Rock
|turn|22
|c|%Pearl ☆|"why is blunder using a good oras uu team"
|c|+Finchinator|advantage's*
|c|+Hikari|fuck this can win
|c|+Hikari|from this point
|choice|switch 5|move pinmissile
|
|switch|p1a: Escavalier|Escavalier, M|343\/343
|-damage|p1a: Escavalier|301\/343|[from] Stealth Rock
|move|p2a: Forretress|Pin Missile|p1a: Escavalier
|-resisted|p1a: Escavalier
|-damage|p1a: Escavalier|288\/343
|-resisted|p1a: Escavalier
|-damage|p1a: Escavalier|275\/343
|-resisted|p1a: Escavalier
|-damage|p1a: Escavalier|262\/343
|-resisted|p1a: Escavalier
|-damage|p1a: Escavalier|249\/343
|-hitcount|p1a: Escavalier|4
|
|-weather|Hail|[upkeep]
|-damage|p2a: Forretress|213\/353|[from] hail
|-heal|p2a: Forretress|235\/353|[from] item: Leftovers
|-heal|p1a: Escavalier|270\/343|[from] item: Leftovers
|upkeep
|turn|23
|c|+Bouff|fire punch this bastard right now
|J|starmaster
|J|hairy toenail
|c|+Accelgor⏫|ah the tech
|c|+Hikari|Imean
|c|+Hikari|GYro \/ Heavy Slam
|choice|move megahorn|move rapidspin
|
|move|p2a: Forretress|Rapid Spin|p1a: Escavalier
|-resisted|p1a: Escavalier
|-damage|p1a: Escavalier|263\/343
|-sideend|p2: Rodriblutar|Stealth Rock|[from] move: Rapid Spin|[of] p2a: Forretress
|move|p1a: Escavalier|Megahorn|p2a: Forretress|[miss]
|-miss|p1a: Escavalier|p2a: Forretress
|
|-weather|Hail|[upkeep]
|-damage|p2a: Forretress|213\/353|[from] hail
|-heal|p2a: Forretress|235\/353|[from] item: Leftovers
|-heal|p1a: Escavalier|284\/343|[from] item: Leftovers
|upkeep
|turn|24
|c|+Hikari|didn't kill
|c|+Bouff|yea
|c|+Ark|reveal hp fire forry
|c|+Hikari|and EQ 2HKOed,,,
|choice|move megahorn|move spikes
|
|move|p2a: Forretress|Spikes|p1a: Escavalier
|-sidestart|p1: blunderr|Spikes
|move|p1a: Escavalier|Megahorn|p2a: Forretress
|-resisted|p2a: Forretress
|-damage|p2a: Forretress|164\/353
|
|-weather|none
|-heal|p2a: Forretress|186\/353|[from] item: Leftovers
|-heal|p1a: Escavalier|305\/343|[from] item: Leftovers
|upkeep
|turn|25
|choice|move megahorn|move voltswitch
|
|move|p2a: Forretress|Volt Switch|p1a: Escavalier
|-damage|p1a: Escavalier|278\/343
|choice||switch 3
|
|switch|p2a: Jellicent|Jellicent, M|399\/399
|move|p1a: Escavalier|Megahorn|p2a: Jellicent|[miss]
|-miss|p1a: Escavalier|p2a: Jellicent
|
|-heal|p1a: Escavalier|299\/343|[from] item: Leftovers
|upkeep
|turn|26
|J|zugubu royale
|choice|move protect|move willowisp
|
|move|p1a: Escavalier|Protect|p1a: Escavalier
|-singleturn|p1a: Escavalier|Protect
|move|p2a: Jellicent|Will-O-Wisp|p1a: Escavalier
|-activate|p1a: Escavalier|move: Protect
|
|-heal|p1a: Escavalier|320\/343|[from] item: Leftovers
|upkeep
|turn|27
|choice|switch 4|move willowisp
|
|switch|p1a: Crobat|Crobat, M|188\/373
|-damage|p1a: Crobat|95\/373|[from] Stealth Rock
|move|p2a: Jellicent|Will-O-Wisp|p1a: Crobat
|-status|p1a: Crobat|brn
|
|-damage|p1a: Crobat|49\/373 brn|[from] brn
|upkeep
|turn|28
|J|r0ady
|choice|move defog|move hex
|
|move|p1a: Crobat|Defog|p2a: Jellicent
|-unboost|p2a: Jellicent|evasion|1
|-sideend|p1: blunderr|Spikes|[from] move: Defog|[of] p1a: Crobat
|-sideend|p1: blunderr|Stealth Rock|[from] move: Defog|[of] p1a: Crobat
|move|p2a: Jellicent|Hex|p1a: Crobat
|-damage|p1a: Crobat|0 fnt
|faint|p1a: Crobat
|
|upkeep
|choice|switch 6|
|
|switch|p1a: Suicune|Suicune|401\/401 slp
|-ability|p1a: Suicune|Pressure
|turn|29
|J|stay w0ke
|J|kickasser
|choice|move calmmind|switch 2
|
|switch|p2a: Roserade|Roserade, F|289\/289
|cant|p1a: Suicune|slp
|
|upkeep
|turn|30
|choice|switch 4|move toxicspikes
|
|switch|p1a: Escavalier|Escavalier, M|320\/343
|move|p2a: Roserade|Toxic Spikes|p1a: Escavalier
|-sidestart|p1: blunderr|move: Toxic Spikes
|
|-heal|p1a: Escavalier|341\/343|[from] item: Leftovers
|upkeep
|turn|31
|choice|move pursuit|switch 2
|
|-activate|p2a: Roserade|move: Pursuit
|move|p1a: Escavalier|Pursuit|p2a: Roserade|[from]Pursuit
|-damage|p2a: Roserade|151\/289
|switch|p2a: Jellicent|Jellicent, M|399\/399
|
|-heal|p1a: Escavalier|343\/343|[from] item: Leftovers
|upkeep
|turn|32
|choice|move pursuit|move taunt
|
|move|p2a: Jellicent|Taunt|p1a: Escavalier
|-start|p1a: Escavalier|move: Taunt
|move|p1a: Escavalier|Pursuit|p2a: Jellicent
|-supereffective|p2a: Jellicent
|-damage|p2a: Jellicent|305\/399
|
|-heal|p2a: Jellicent|329\/399|[from] item: Leftovers
|upkeep
|turn|33
|choice|move pursuit|move willowisp
|
|move|p2a: Jellicent|Will-O-Wisp|p1a: Escavalier
|-status|p1a: Escavalier|brn
|move|p1a: Escavalier|Pursuit|p2a: Jellicent
|-supereffective|p2a: Jellicent
|-damage|p2a: Jellicent|288\/399
|
|-heal|p2a: Jellicent|312\/399|[from] item: Leftovers
|-damage|p1a: Escavalier|301\/343 brn|[from] brn
|upkeep
|turn|34
|choice|switch 4|move hex
|
|switch|p1a: Suicune|Suicune|401\/401 slp
|-ability|p1a: Suicune|Pressure
|move|p2a: Jellicent|Hex|p1a: Suicune
|-damage|p1a: Suicune|286\/401 slp
|
|-heal|p1a: Suicune|311\/401 slp|[from] item: Leftovers
|-heal|p2a: Jellicent|336\/399|[from] item: Leftovers
|upkeep
|turn|35
|choice|move calmmind|move hex
|
|cant|p1a: Suicune|slp
|move|p2a: Jellicent|Hex|p1a: Suicune
|-damage|p1a: Suicune|200\/401 slp
|
|-heal|p1a: Suicune|225\/401 slp|[from] item: Leftovers
|-heal|p2a: Jellicent|360\/399|[from] item: Leftovers
|upkeep
|turn|36
|choice|move calmmind|move taunt
|
|-curestatus|p1a: Suicune|slp|[msg]
|move|p1a: Suicune|Calm Mind|p1a: Suicune
|-boost|p1a: Suicune|spa|1
|-boost|p1a: Suicune|spd|1
|move|p2a: Jellicent|Taunt|p1a: Suicune
|-start|p1a: Suicune|move: Taunt
|
|-heal|p1a: Suicune|250\/401|[from] item: Leftovers
|-heal|p2a: Jellicent|384\/399|[from] item: Leftovers
|upkeep
|turn|37
|choice|move scald|move willowisp
|
|move|p1a: Suicune|Scald|p2a: Jellicent
|-heal|p2a: Jellicent|399\/399|[from] ability: Water Absorb|[of] p1a: Suicune
|move|p2a: Jellicent|Will-O-Wisp|p1a: Suicune|[miss]
|-miss|p2a: Jellicent|p1a: Suicune
|
|-heal|p1a: Suicune|275\/401|[from] item: Leftovers
|upkeep
|turn|38
|choice|move scald|move willowisp
|
|move|p1a: Suicune|Scald|p2a: Jellicent
|-immune|p2a: Jellicent|[msg]|[from] ability: Water Absorb
|move|p2a: Jellicent|Will-O-Wisp|p1a: Suicune
|-status|p1a: Suicune|brn
|
|-heal|p1a: Suicune|300\/401 brn|[from] item: Leftovers
|-damage|p1a: Suicune|250\/401 brn|[from] brn
|upkeep
|turn|39
|choice|move scald|switch 2
|
|switch|p2a: Roserade|Roserade, F|151\/289
|move|p1a: Suicune|Scald|p2a: Roserade
|-resisted|p2a: Roserade
|-damage|p2a: Roserade|85\/289
|
|-heal|p2a: Roserade|103\/289|[from] item: Black Sludge
|-heal|p1a: Suicune|275\/401 brn|[from] item: Leftovers
|-damage|p1a: Suicune|225\/401 brn|[from] brn
|-end|p1a: Suicune|move: Taunt
|upkeep
|turn|40
|c|+starmaster|yo jellicents broken 
|c|+Hikari|nothing new
|choice|move rest|move gigadrain
|
|move|p2a: Roserade|Giga Drain|p1a: Suicune
|-supereffective|p1a: Suicune
|-damage|p1a: Suicune|69\/401 brn
|-heal|p2a: Roserade|181\/289|[from] drain|[of] p1a: Suicune
|move|p1a: Suicune|Rest|p1a: Suicune
|-status|p1a: Suicune|slp
|-heal|p1a: Suicune|401\/401 slp|[silent]
|-status|p1a: Suicune|slp|[from] move: Rest
|
|-heal|p2a: Roserade|199\/289|[from] item: Black Sludge
|upkeep
|turn|41
|choice|switch 4|move gigadrain
|
|switch|p1a: Escavalier|Escavalier, M|301\/343 brn
|move|p2a: Roserade|Giga Drain|p1a: Escavalier
|-resisted|p1a: Escavalier
|-damage|p1a: Escavalier|277\/343 brn
|-heal|p2a: Roserade|211\/289|[from] drain|[of] p1a: Escavalier
|
|-heal|p2a: Roserade|229\/289|[from] item: Black Sludge
|-heal|p1a: Escavalier|298\/343 brn|[from] item: Leftovers
|-damage|p1a: Escavalier|256\/343 brn|[from] brn
|upkeep
|turn|42
|L|Rampecker
|choice|move pursuit|switch 3
|
|-activate|p2a: Roserade|move: Pursuit
|move|p1a: Escavalier|Pursuit|p2a: Roserade|[from]Pursuit
|-damage|p2a: Roserade|163\/289
|switch|p2a: Forretress|Forretress, M|186\/353
|
|-heal|p2a: Forretress|208\/353|[from] item: Leftovers
|-heal|p1a: Escavalier|277\/343 brn|[from] item: Leftovers
|-damage|p1a: Escavalier|235\/343 brn|[from] brn
|upkeep
|turn|43
|choice|switch 2|move spikes
|
|switch|p1a: Sylveon|Sylveon, F|295\/391 brn
|move|p2a: Forretress|Spikes|p1a: Sylveon
|-sidestart|p1: blunderr|Spikes
|
|-heal|p1a: Sylveon|319\/391 brn|[from] item: Leftovers
|-heal|p2a: Forretress|230\/353|[from] item: Leftovers
|-damage|p1a: Sylveon|271\/391 brn|[from] brn
|upkeep
|turn|44
|choice|move healbell|move spikes
|
|move|p1a: Sylveon|Heal Bell|p1a: Sylveon
|-activate|p1a: Sylveon|move: Heal Bell
|-curestatus|p1a: Sylveon|brn|[msg]
|-curestatus|p1: Escavalier|brn|[msg]
|-curestatus|p1: Suicune|slp|[msg]
|move|p2a: Forretress|Spikes|p1a: Sylveon
|-sidestart|p1: blunderr|Spikes
|
|-heal|p1a: Sylveon|295\/391|[from] item: Leftovers
|-heal|p2a: Forretress|252\/353|[from] item: Leftovers
|upkeep
|turn|45
|choice|move hypervoice|move spikes
|
|move|p1a: Sylveon|Hyper Voice|p2a: Forretress
|-resisted|p2a: Forretress
|-damage|p2a: Forretress|182\/353
|move|p2a: Forretress|Spikes|p1a: Sylveon
|-sidestart|p1: blunderr|Spikes
|
|-heal|p1a: Sylveon|319\/391|[from] item: Leftovers
|-heal|p2a: Forretress|204\/353|[from] item: Leftovers
|upkeep
|turn|46
|J|Eyan
|choice|move hypervoice|move voltswitch
|
|move|p1a: Sylveon|Hyper Voice|p2a: Forretress
|-resisted|p2a: Forretress
|-damage|p2a: Forretress|124\/353
|move|p2a: Forretress|Volt Switch|p1a: Sylveon
|-damage|p1a: Sylveon|296\/391
|choice||switch 3
|
|switch|p2a: Roserade|Roserade, F|163\/289
|
|-heal|p2a: Roserade|181\/289|[from] item: Black Sludge
|-heal|p1a: Sylveon|320\/391|[from] item: Leftovers
|upkeep
|turn|47
|choice|move wish|move sludgebomb
|
|move|p2a: Roserade|Sludge Bomb|p1a: Sylveon
|-supereffective|p1a: Sylveon
|-damage|p1a: Sylveon|104\/391
|move|p1a: Sylveon|Wish|p1a: Sylveon
|
|-heal|p2a: Roserade|199\/289|[from] item: Black Sludge
|-heal|p1a: Sylveon|128\/391|[from] item: Leftovers
|upkeep
|turn|48
|choice|move protect|move hiddenpower
|
|move|p1a: Sylveon|Protect|p1a: Sylveon
|-singleturn|p1a: Sylveon|Protect
|move|p2a: Roserade|Hidden Power|p1a: Sylveon
|-activate|p1a: Sylveon|move: Protect
|
|-heal|p1a: Sylveon|323\/391|[from] move: Wish|[wisher] Sylveon
|-heal|p2a: Roserade|217\/289|[from] item: Black Sludge
|-heal|p1a: Sylveon|347\/391|[from] item: Leftovers
|upkeep
|turn|49
|choice|move wish|move sludgebomb
|
|move|p2a: Roserade|Sludge Bomb|p1a: Sylveon
|-supereffective|p1a: Sylveon
|-damage|p1a: Sylveon|147\/391
|-status|p1a: Sylveon|psn
|move|p1a: Sylveon|Wish|p1a: Sylveon
|
|-heal|p2a: Roserade|235\/289|[from] item: Black Sludge
|-heal|p1a: Sylveon|171\/391 psn|[from] item: Leftovers
|-damage|p1a: Sylveon|123\/391 psn|[from] psn
|upkeep
|turn|50
|J|killintime
|choice|move healbell|move sludgebomb
|
|move|p2a: Roserade|Sludge Bomb|p1a: Sylveon
|-supereffective|p1a: Sylveon
|-damage|p1a: Sylveon|0 fnt
|faint|p1a: Sylveon
|
|-heal|p2a: Roserade|253\/289|[from] item: Black Sludge
|upkeep
|choice|switch 5|
|
|switch|p1a: Abomasnow|Abomasnow-Mega, F|186\/383
|-damage|p1a: Abomasnow|91\/383|[from] Spikes
|-status|p1a: Abomasnow|psn
|-weather|Hail|[from] ability: Snow Warning|[of] p1a: Abomasnow
|turn|51
|choice|move iceshard|switch 3
|
|switch|p2a: Forretress|Forretress, M|124\/353
|move|p1a: Abomasnow|Ice Shard|p2a: Forretress
|-resisted|p2a: Forretress
|-damage|p2a: Forretress|93\/353
|
|-weather|Hail|[upkeep]
|-damage|p2a: Forretress|71\/353|[from] hail
|-heal|p2a: Forretress|93\/353|[from] item: Leftovers
|-damage|p1a: Abomasnow|44\/383 psn|[from] psn
|upkeep
|turn|52
|L|TDK
|choice|move earthquake|move voltswitch
|
|move|p2a: Forretress|Volt Switch|p1a: Abomasnow
|-resisted|p1a: Abomasnow
|-damage|p1a: Abomasnow|28\/383 psn
|c|☆blunderr|gg 
|-message|blunderr forfeited.
|
|win|Rodriblutar</script>
</div>
<div class="battle-log battle-log-inline"><div class="inner"><div class="battle-options"></div><div class="inner"><div class="chat message-error">Battle timer is ON: inactive players will automatically lose when time's up.</div><div class=""><small>Format:</small> <br><strong>UU</strong></div><div class=""><small><em>Sleep Clause Mod:</em> Limit one foe put to sleep</small></div><div class=""><small><em>Species Clause:</em> Limit one of each Pokémon</small></div><div class=""><small><em>OHKO Clause:</em> OHKO moves are banned</small></div><div class=""><small><em>Moody Clause:</em> Moody is banned</small></div><div class=""><small><em>Evasion Moves Clause:</em> Evasion moves are banned</small></div><div class=""><small><em>Endless Battle Clause:</em> Forcing endless battles is banned</small></div><div class=""><small><em>HP Percentage Mod:</em> HP is shown in percentages</small></div><div class=""><small><em>Swagger Clause:</em> Swagger is banned</small></div><div class=""><small><em>Baton Pass Clause:</em> Limit one Baton Passer, can't pass Spe and other stats simultaneously</small></div><div class="chat battle-history"><strong>blunderr's team:</strong> <em style="color:#445566;display:block;">Escavalier / Suicune / Abomasnow / Sylveon / Crobat / Cobalion</em></div><div class="chat battle-history"><strong>Rodriblutar's team:</strong> <em style="color:#445566;display:block;">Roserade / Forretress / Krookodile / Sylveon / Jellicent / Aerodactyl</em></div><div class="chat chatmessage-bouff"><strong style="color:hsl(351,64%,44%)"><small>+</small><span class="username" data-name="Bouff">Bouff</span>:</strong> <em>oof</em></div><div class="chat chatmessage-rodriblutar"><strong style="color:hsl(280,58%,53.69668823944782%)"><small>☆</small><span class="username" data-name="Rodriblutar">Rodriblutar</span>:</strong> <em>Hf</em></div><div class="chat chatmessage-blunderr"><strong style="color:hsl(252,82%,60.01687145142231%)"><small>☆</small><span class="username" data-name="blunderr">blunderr</span>:</strong> <em>u2 bro</em></div><div class="chat chatmessage-bouff"><strong style="color:hsl(351,64%,44%)"><small>+</small><span class="username" data-name="Bouff">Bouff</span>:</strong> <em>the two best</em></div><div class="chat chatmessage-feeldarain"><strong style="color:hsl(169,45%,34.223754046907736%)"><small>+</small><span class="username" data-name="feel da rain ♔">feel da rain ♔</span>:</strong> <em>innnn</em></div><div class="chat chatmessage-bouff"><strong style="color:hsl(351,64%,44%)"><small>+</small><span class="username" data-name="Bouff">Bouff</span>:</strong> <em>players</em></div><div class="chat chatmessage-bouff"><strong style="color:hsl(351,64%,44%)"><small>+</small><span class="username" data-name="Bouff">Bouff</span>:</strong> <em>known to mankind</em></div><div class="chat chatmessage-bouff"><strong style="color:hsl(351,64%,44%)"><small>+</small><span class="username" data-name="Bouff">Bouff</span>:</strong> <em>let me get an extra set of boxers</em></div><div class="chat chatmessage-obii"><strong style="color:hsl(176,89%,35.39078725533895%)"><small>+</small><span class="username" data-name="obii ☑">obii ☑</span>:</strong> <em>:goat:</em></div><div class="chat chatmessage-freeroamer"><strong style="color:hsl(101,61%,30%)"><small>+</small><span class="username" data-name="Freeroamer">Freeroamer</span>:</strong> <em>cant wait to see forre gyro do 40 to aboma</em></div><div class="chat chatmessage-feeldarain"><strong style="color:hsl(169,45%,34.223754046907736%)"><small>+</small><span class="username" data-name="feel da rain ♔">feel da rain ♔</span>:</strong> <em>:hiker:</em></div><div class="chat chatmessage-pearl"><strong style="color:hsl(137,70%,38.48887992080507%)"><small>%</small><span class="username" data-name="Pearl ☆">Pearl ☆</span>:</strong> <em>OGM</em></div><div class="chat chatmessage-pearl"><strong style="color:hsl(137,70%,38.48887992080507%)"><small>%</small><span class="username" data-name="Pearl ☆">Pearl ☆</span>:</strong> <em>2 unbeatable gods</em></div><div class="spacer battle-history"><br></div><div class="battle-history">Battle started between blunderr and Rodriblutar!<br></div><div class="spacer battle-history"><br></div><div class="battle-history">Go! <strong>Crobat</strong>!<br></div><div class="spacer battle-history"><br></div><div class="battle-history">Rodriblutar sent out <strong>Forretress</strong>!<br></div><div class="spacer battle-history"><br></div><h2 class="battle-history">Turn 1</h2><div class="chat chatmessage-sugarhigh"><strong style="color:hsl(317,60%,47%)"><small>+</small><span class="username" data-name="sugarhigh">sugarhigh</span>:</strong> <em>rodri already won.</em></div><div class="spacer battle-history"><br></div><div class="battle-history">Crobat used <strong>Acrobatics</strong>!<br></div><div class="battle-history"><small>(The opposing Forretress lost <abbr title="−96/353">27.2%</abbr> of its health!)</small><br></div><div class="spacer battle-history"><br></div><div class="battle-history">The opposing Forretress used <strong>Spikes</strong>!<br></div><div class="battle-history"><small>Spikes were scattered on the ground all around your team!</small><br></div><div class="spacer battle-history"><br></div><div class="battle-history"><small>The opposing Forretress restored a little HP using its Leftovers!</small><br></div><div class="spacer battle-history"><br></div><h2 class="battle-history">Turn 2</h2><div class="spacer battle-history"><br></div><div class="battle-history">Crobat used <strong>Defog</strong>!<br></div><div class="battle-history"><small>The opposing Forretress's evasiveness fell!</small><br></div><div class="battle-history"><small>The spikes disappeared from the ground around your team!</small><br></div><div class="spacer battle-history"><br></div><div class="battle-history">The opposing Forretress used <strong>Volt Switch</strong>!<br></div><div class="battle-history"><small>It's super effective!</small><br></div><div class="battle-history"><small>(Crobat lost <abbr title="−84/373">22.5%</abbr> of its health!)</small><br></div><div class="spacer battle-history"><br></div><div class="battle-history">The opposing Forretress went back to Rodriblutar!<br></div><div class="battle-history">Rodriblutar sent out <strong>Aerodactyl</strong>!<br></div><div class="spacer battle-history"><br></div><h2 class="battle-history">Turn 3</h2><div class="spacer battle-history"><br></div><div class="battle-history"><small>(Crobat is being withdrawn...)</small><br></div><div class="spacer battle-history"><br></div><div class="battle-history"><small>The opposing Aerodactyl's Aerodactylite is reacting to Rodriblutar's Mega Bracelet!</small><br>The opposing Aerodactyl has Mega Evolved into Mega Aerodactyl!<br></div><div class="spacer battle-history"><br></div><div class="battle-history">The opposing Aerodactyl used <strong>Pursuit</strong>!<br></div><div class="battle-history"><small>A critical hit!</small><br></div><div class="battle-history"><small>(Crobat lost <abbr title="−195/373">52.3%</abbr> of its health!)</small><br></div><div class="spacer battle-history"><br></div><div class="battle-history">Crobat, come back!<br></div><div class="battle-history">Go! <strong>Cobalion</strong>!<br></div><div class="spacer battle-history"><br></div><h2 class="battle-history">Turn 4</h2><div class="chat chatmessage-accelgor"><strong style="color:hsl(220,52%,54.04920181066666%)"><small>+</small><span class="username" data-name="Accelgor⏫">Accelgor⏫</span>:</strong> <em>2 goats.</em></div><div class="spacer battle-history"><br></div><div class="battle-history">Rodriblutar withdrew Aerodactyl!<br></div><div class="battle-history">Rodriblutar sent out <strong>Jellicent</strong>!<br></div><div class="spacer battle-history"><br></div><div class="battle-history">Cobalion used <strong>Stealth Rock</strong>!<br></div><div class="battle-history"><small>Pointed stones float in the air around the opposing team!</small><br></div><div class="spacer battle-history"><br></div><h2 class="battle-history">Turn 5</h2><div class="chat chatmessage-hikari"><strong style="color:hsl(10,82%,39%)"><small>+</small><span class="username" data-name="Hikari">Hikari</span>:</strong> <em>blunder Kreygasm </em></div><div class="chat chatmessage-abr"><strong style="color:hsl(345,82%,40.06701760144763%)"><small>+</small><span class="username" data-name="ABR">ABR</span>:</strong> <em>blunder :warning: :fire: :100: :heart_eyes: :blows_kiss:</em></div><div class="chat chatmessage-hikari"><strong style="color:hsl(10,82%,39%)"><small>+</small><span class="username" data-name="Hikari">Hikari</span>:</strong> <em>blunder why aren't you in BW</em></div><div class="spacer battle-history"><br></div><div class="battle-history">Cobalion, come back!<br></div><div class="battle-history">Go! <strong>Suicune</strong>!<br></div><div class="battle-history"><small>[Suicune's Pressure]</small><br><small>Suicune is exerting its pressure!</small><br></div><div class="spacer battle-history"><br></div><div class="battle-history">Rodriblutar withdrew Jellicent!<br></div><div class="battle-history">Rodriblutar sent out <strong>Krookodile</strong>!<br></div><div class="battle-history"><small>Pointed stones dug into the opposing Krookodile!</small><br></div><div class="battle-history"><small>[The opposing Krookodile's Intimidate]</small><br></div><div class="battle-history"><small>Suicune's Attack fell!</small><br></div><div class="spacer battle-history"><br></div><h2 class="battle-history">Turn 6</h2><div class="chat chatmessage-abr"><strong style="color:hsl(345,82%,40.06701760144763%)"><small>+</small><span class="username" data-name="ABR">ABR</span>:</strong> <em>GOAT</em></div><div class="chat chatmessage-hikari"><strong style="color:hsl(10,82%,39%)"><small>+</small><span class="username" data-name="Hikari">Hikari</span>:</strong> <em>you are the BW UU goat</em></div><div class="chat chatmessage-ict"><strong style="color:hsl(281,40%,50.792432564636634%)"><small>+</small><span class="username" data-name="Ict">Ict</span>:</strong> <em>OMG BLUNDYYYY</em></div><div class="spacer battle-history"><br></div><div class="battle-history">Suicune, come back!<br></div><div class="battle-history">Go! <strong>Crobat</strong>!<br></div><div class="spacer battle-history"><br></div><div class="battle-history">The opposing Krookodile used <strong>Stealth Rock</strong>!<br></div><div class="battle-history"><small>Pointed stones float in the air around your team!</small><br></div><div class="spacer battle-history"><br></div><h2 class="battle-history">Turn 7</h2><div class="chat chatmessage-bouff"><strong style="color:hsl(351,64%,44%)"><small>+</small><span class="username" data-name="Bouff">Bouff</span>:</strong> <em>go blunder </em></div><div class="spacer battle-history"><br></div><div class="battle-history">Crobat, come back!<br></div><div class="battle-history">Go! <strong>Cobalion</strong>!<br></div><div class="battle-history"><small>Pointed stones dug into Cobalion!</small><br></div><div class="spacer battle-history"><br></div><div class="battle-history">The opposing Krookodile used <strong>Knock Off</strong>!<br></div><div class="battle-history"><small>It's not very effective...</small><br></div><div class="battle-history"><small>(Cobalion lost <abbr title="−70/323">21.7%</abbr> of its health!)</small><br></div><div class="battle-history"><small>[Cobalion's Justified]</small><br></div><div class="battle-history"><small>Cobalion's Attack rose!</small><br></div><div class="battle-history"><small>The opposing Krookodile knocked off Cobalion's Shuca Berry!</small><br></div><div class="spacer battle-history"><br></div><h2 class="battle-history">Turn 8</h2><div class="chat chatmessage-bouff"><strong style="color:hsl(351,64%,44%)"><small>+</small><span class="username" data-name="Bouff">Bouff</span>:</strong> <em>olololololo</em></div><div class="spacer battle-history"><br></div><div class="battle-history">Rodriblutar withdrew Krookodile!<br></div><div class="battle-history">Rodriblutar sent out <strong>Jellicent</strong>!<br></div><div class="battle-history"><small>Pointed stones dug into the opposing Jellicent!</small><br></div><div class="spacer battle-history"><br></div><div class="battle-history">Cobalion used <strong>Iron Head</strong>!<br></div><div class="battle-history"><small>It's not very effective...</small><br></div><div class="battle-history"><small>(The opposing Jellicent lost <abbr title="−77/399">19.3%</abbr> of its health!)</small><br></div><div class="spacer battle-history"><br></div><div class="battle-history"><small>The opposing Jellicent restored a little HP using its Leftovers!</small><br></div><div class="spacer battle-history"><br></div><h2 class="battle-history">Turn 9</h2><div class="chat chatmessage-ict"><strong style="color:hsl(281,40%,50.792432564636634%)"><small>+</small><span class="username" data-name="Ict">Ict</span>:</strong> <em>wht a play</em></div><div class="spacer battle-history"><br></div><div class="battle-history">Cobalion, come back!<br></div><div class="battle-history">Go! <strong>Suicune</strong>!<br></div><div class="battle-history"><small>Pointed stones dug into Suicune!</small><br></div><div class="battle-history"><small>[Suicune's Pressure]</small><br><small>Suicune is exerting its pressure!</small><br></div><div class="spacer battle-history"><br></div><div class="battle-history">The opposing Jellicent used <strong>Will-O-Wisp</strong>!<br></div><div class="battle-history"><small>Suicune was burned!</small><br></div><div class="spacer battle-history"><br></div><div class="battle-history"><small>Suicune restored a little HP using its Leftovers!</small><br></div><div class="battle-history"><small>The opposing Jellicent restored a little HP using its Leftovers!</small><br></div><div class="battle-history"><small>Suicune was hurt by its burn!</small><br></div><div class="spacer battle-history"><br></div><h2 class="battle-history">Turn 10</h2><div class="spacer battle-history"><br></div><div class="battle-history">The opposing Jellicent used <strong>Taunt</strong>!<br></div><div class="battle-history"><small>Suicune fell for the taunt!</small><br></div><div class="spacer battle-history"><br></div><div class="battle-history">Suicune can't use Roar after the taunt!<br></div><div class="spacer battle-history"><br></div><div class="battle-history"><small>Suicune restored a little HP using its Leftovers!</small><br></div><div class="battle-history"><small>The opposing Jellicent restored a little HP using its Leftovers!</small><br></div><div class="battle-history"><small>Suicune was hurt by its burn!</small><br></div><div class="spacer battle-history"><br></div><h2 class="battle-history">Turn 11</h2><div class="spacer battle-history"><br></div><div class="battle-history">Suicune, come back!<br></div><div class="battle-history">Go! <strong>Sylveon</strong>!<br></div><div class="battle-history"><small>Pointed stones dug into Sylveon!</small><br></div><div class="spacer battle-history"><br></div><div class="battle-history">The opposing Jellicent used <strong>Will-O-Wisp</strong>!<br></div><div class="battle-history"><small>Sylveon avoided the attack!</small><br></div><div class="spacer battle-history"><br></div><div class="battle-history"><small>The opposing Jellicent restored a little HP using its Leftovers!</small><br></div><div class="battle-history"><small>Sylveon restored a little HP using its Leftovers!</small><br></div><div class="spacer battle-history"><br></div><h2 class="battle-history">Turn 12</h2><div class="spacer battle-history"><br></div><div class="battle-history">The opposing Jellicent used <strong>Will-O-Wisp</strong>!<br></div><div class="battle-history"><small>Sylveon was burned!</small><br></div><div class="spacer battle-history"><br></div><div class="battle-history">Sylveon used <strong>Hyper Voice</strong>!<br></div><div class="battle-history"><small>(The opposing Jellicent lost <abbr title="−136/399">34.1%</abbr> of its health!)</small><br></div><div class="spacer battle-history"><br></div><div class="battle-history"><small>The opposing Jellicent restored a little HP using its Leftovers!</small><br></div><div class="battle-history"><small>Sylveon restored a little HP using its Leftovers!</small><br></div><div class="battle-history"><small>Sylveon was hurt by its burn!</small><br></div><div class="spacer battle-history"><br></div><h2 class="battle-history">Turn 13</h2><div class="spacer battle-history"><br></div><div class="battle-history">The opposing Jellicent used <strong>Recover</strong>!<br></div><div class="battle-history"><small>The opposing Jellicent restored its HP.</small><br></div><div class="spacer battle-history"><br></div><div class="battle-history">Sylveon used <strong>Hyper Voice</strong>!<br></div><div class="battle-history"><small>(The opposing Jellicent lost <abbr title="−133/399">33.3%</abbr> of its health!)</small><br></div><div class="spacer battle-history"><br></div><div class="battle-history"><small>The opposing Jellicent restored a little HP using its Leftovers!</small><br></div><div class="battle-history"><small>Sylveon restored a little HP using its Leftovers!</small><br></div><div class="battle-history"><small>Sylveon was hurt by its burn!</small><br></div><div class="spacer battle-history"><br></div><h2 class="battle-history">Turn 14</h2><div class="spacer battle-history"><br></div><div class="battle-history">The opposing Jellicent used <strong>Taunt</strong>!<br></div><div class="battle-history"><small>Sylveon fell for the taunt!</small><br></div><div class="spacer battle-history"><br></div><div class="battle-history">Sylveon used <strong>Hyper Voice</strong>!<br></div><div class="battle-history"><small>(The opposing Jellicent lost <abbr title="−147/399">36.8%</abbr> of its health!)</small><br></div><div class="spacer battle-history"><br></div><div class="battle-history"><small>The opposing Jellicent restored a little HP using its Leftovers!</small><br></div><div class="battle-history"><small>Sylveon restored a little HP using its Leftovers!</small><br></div><div class="battle-history"><small>Sylveon was hurt by its burn!</small><br></div><div class="spacer battle-history"><br></div><h2 class="battle-history">Turn 15</h2><div class="chat chatmessage-bouff"><strong style="color:hsl(351,64%,44%)"><small>+</small><span class="username" data-name="Bouff">Bouff</span>:</strong> <em>sylvieee</em></div><div class="spacer battle-history"><br></div><div class="battle-history">Sylveon, come back!<br></div><div class="battle-history">Go! <strong>Crobat</strong>!<br></div><div class="battle-history"><small>Pointed stones dug into Crobat!</small><br></div><div class="spacer battle-history"><br></div><div class="battle-history">The opposing Jellicent used <strong>Recover</strong>!<br></div><div class="battle-history"><small>The opposing Jellicent restored its HP.</small><br></div><div class="spacer battle-history"><br></div><div class="battle-history"><small>The opposing Jellicent restored a little HP using its Leftovers!</small><br></div><div class="spacer battle-history"><br></div><h2 class="battle-history">Turn 16</h2><div class="spacer battle-history"><br></div><div class="battle-history">Crobat used <strong>Roost</strong>!<br></div><div class="battle-history"><small>Crobat restored its HP.</small><br></div><div class="spacer battle-history"><br></div><div class="battle-history">The opposing Jellicent used <strong>Taunt</strong>!<br></div><div class="battle-history"><small>Crobat fell for the taunt!</small><br></div><div class="spacer battle-history"><br></div><div class="battle-history"><small>The opposing Jellicent restored a little HP using its Leftovers!</small><br></div><div class="spacer battle-history"><br></div><h2 class="battle-history">Turn 17</h2><div class="spacer battle-history"><br></div><div class="battle-history">Crobat, come back!<br></div><div class="battle-history">Go! <strong>Suicune</strong>!<br></div><div class="battle-history"><small>Pointed stones dug into Suicune!</small><br></div><div class="battle-history"><small>[Suicune's Pressure]</small><br><small>Suicune is exerting its pressure!</small><br></div><div class="spacer battle-history"><br></div><div class="battle-history">The opposing Jellicent used <strong>Hex</strong>!<br></div><div class="battle-history"><small>(Suicune lost <abbr title="−129/401">32.2%</abbr> of its health!)</small><br></div><div class="spacer battle-history"><br></div><div class="battle-history"><small>Suicune restored a little HP using its Leftovers!</small><br></div><div class="battle-history"><small>Suicune was hurt by its burn!</small><br></div><div class="spacer battle-history"><br></div><h2 class="battle-history">Turn 18</h2><div class="spacer battle-history"><br></div><div class="battle-history">Rodriblutar withdrew Jellicent!<br></div><div class="battle-history">Rodriblutar sent out <strong>Krookodile</strong>!<br></div><div class="battle-history"><small>Pointed stones dug into the opposing Krookodile!</small><br></div><div class="battle-history"><small>[The opposing Krookodile's Intimidate]</small><br></div><div class="battle-history"><small>Suicune's Attack fell!</small><br></div><div class="spacer battle-history"><br></div><div class="battle-history">Suicune used <strong>Rest</strong>!<br></div><div class="battle-history"><small>Suicune fell asleep!</small><br></div><div class="battle-history"><small>Suicune slept and became healthy!</small><br></div><div class="spacer battle-history"><br></div><h2 class="battle-history">Turn 19</h2><div class="spacer battle-history"><br></div><div class="battle-history">Suicune, come back!<br></div><div class="battle-history">Go! <strong>Cobalion</strong>!<br></div><div class="battle-history"><small>Pointed stones dug into Cobalion!</small><br></div><div class="spacer battle-history"><br></div><div class="battle-history">The opposing Krookodile used <strong>Earthquake</strong>!<br></div><div class="battle-history"><small>It's super effective!</small><br></div><div class="battle-history"><small>(Cobalion lost <abbr title="−233/323">72.1%</abbr> of its health!)</small><br></div><div class="spacer battle-history"><br></div><div class="battle-history">Cobalion fainted!<br></div><div class="spacer battle-history"><br></div><div class="battle-history">Go! <strong>Abomasnow</strong>!<br></div><div class="battle-history"><small>Pointed stones dug into Abomasnow!</small><br></div><div class="spacer battle-history"><br></div><h2 class="battle-history">Turn 20</h2><div class="chat chatmessage-finchinator"><strong style="color:hsl(235,76%,58.96121738613333%)"><small>+</small><span class="username" data-name="Finchinator">Finchinator</span>:</strong> <em>wait is thi uupl</em></div><div class="chat chatmessage-finchinator"><strong style="color:hsl(235,76%,58.96121738613333%)"><small>+</small><span class="username" data-name="Finchinator">Finchinator</span>:</strong> <em>this*</em></div><div class="chat chatmessage-bouff"><strong style="color:hsl(351,64%,44%)"><small>+</small><span class="username" data-name="Bouff">Bouff</span>:</strong> <em>y</em></div><div class="chat chatmessage-accelgor"><strong style="color:hsl(220,52%,54.04920181066666%)"><small>+</small><span class="username" data-name="Accelgor⏫">Accelgor⏫</span>:</strong> <em>ya</em></div><div class="chat chatmessage-finchinator"><strong style="color:hsl(235,76%,58.96121738613333%)"><small>+</small><span class="username" data-name="Finchinator">Finchinator</span>:</strong> <em>what's the score</em></div><div class="chat chatmessage-finchinator"><strong style="color:hsl(235,76%,58.96121738613333%)"><small>+</small><span class="username" data-name="Finchinator">Finchinator</span>:</strong> <em>between these 2 teams</em></div><div class="chat chatmessage-hogg"><strong style="color:hsl(295,48%,46.495355361408%)"><small>+</small><span class="username" data-name="hogg">hogg</span>:</strong> <em>1-4</em></div><div class="chat chatmessage-finchinator"><strong style="color:hsl(235,76%,58.96121738613333%)"><small>+</small><span class="username" data-name="Finchinator">Finchinator</span>:</strong> <em>who has 1</em></div><div class="chat chatmessage-bouff"><strong style="color:hsl(351,64%,44%)"><small>+</small><span class="username" data-name="Bouff">Bouff</span>:</strong> <em>hogg</em></div><div class="chat chatmessage-welliou"><strong style="color:hsl(76,77%,35.32712912600022%)"><small>+</small><span class="username" data-name="welliou..">welliou..</span>:</strong> <em>2 gods..</em></div><div class="chat chatmessage-hogg"><strong style="color:hsl(295,48%,46.495355361408%)"><small>+</small><span class="username" data-name="hogg">hogg</span>:</strong> <em>us</em></div><div class="spacer battle-history"><br></div><div class="battle-history"><small>Abomasnow's Abomasite is reacting to blunderr's Mega Bracelet!</small><br>Abomasnow has Mega Evolved into Mega Abomasnow!<br></div><div class="battle-history"><small>[Abomasnow's Snow Warning]</small><br><small>It started to hail!</small><br></div><div class="spacer battle-history"><br></div><div class="battle-history">The opposing Krookodile used <strong>Knock Off</strong>!<br></div><div class="battle-history"><small>(Abomasnow lost <abbr title="−102/383">26.6%</abbr> of its health!)</small><br></div><div class="spacer battle-history"><br></div><div class="battle-history">Abomasnow used <strong>Swords Dance</strong>!<br></div><div class="battle-history"><small>Abomasnow's Attack rose sharply!</small><br></div><div class="spacer battle-history"><br></div><div class="battle-history"><small>The hail is crashing down.</small><br></div><div class="battle-history"><small>The opposing Krookodile is buffeted by the hail!</small><br></div><div class="spacer battle-history"><br></div><h2 class="battle-history">Turn 21</h2><div class="chat chatmessage-finchinator"><strong style="color:hsl(235,76%,58.96121738613333%)"><small>+</small><span class="username" data-name="Finchinator">Finchinator</span>:</strong> <em>oh</em></div><div class="chat chatmessage-bouff"><strong style="color:hsl(351,64%,44%)"><small>+</small><span class="username" data-name="Bouff">Bouff</span>:</strong> <em>genius</em></div><div class="chat chatmessage-pearl"><strong style="color:hsl(137,70%,38.48887992080507%)"><small>%</small><span class="username" data-name="Pearl ☆">Pearl ☆</span>:</strong> <em>o shit</em></div><div class="chat chatmessage-finchinator"><strong style="color:hsl(235,76%,58.96121738613333%)"><small>+</small><span class="username" data-name="Finchinator">Finchinator</span>:</strong> <em>wait is blunder on</em></div><div class="chat chatmessage-bouff"><strong style="color:hsl(351,64%,44%)"><small>+</small><span class="username" data-name="Bouff">Bouff</span>:</strong> <em>play by rodriblutar</em></div><div class="chat chatmessage-finchinator"><strong style="color:hsl(235,76%,58.96121738613333%)"><small>+</small><span class="username" data-name="Finchinator">Finchinator</span>:</strong> <em>fuga's team?</em></div><div class="chat chatmessage-bouff"><strong style="color:hsl(351,64%,44%)"><small>+</small><span class="username" data-name="Bouff">Bouff</span>:</strong> <em>na</em></div><div class="chat chatmessage-hikari"><strong style="color:hsl(10,82%,39%)"><small>+</small><span class="username" data-name="Hikari">Hikari</span>:</strong> <em>n</em></div><div class="chat chatmessage-pearl"><strong style="color:hsl(137,70%,38.48887992080507%)"><small>%</small><span class="username" data-name="Pearl ☆">Pearl ☆</span>:</strong> <em>no</em></div><div class="chat chatmessage-bouff"><strong style="color:hsl(351,64%,44%)"><small>+</small><span class="username" data-name="Bouff">Bouff</span>:</strong> <em>hoggs</em></div><div class="chat chatmessage-hogg"><strong style="color:hsl(295,48%,46.495355361408%)"><small>+</small><span class="username" data-name="hogg">hogg</span>:</strong> <em>no</em></div><div class="chat chatmessage-finchinator"><strong style="color:hsl(235,76%,58.96121738613333%)"><small>+</small><span class="username" data-name="Finchinator">Finchinator</span>:</strong> <em>OH</em></div><div class="chat chatmessage-hogg"><strong style="color:hsl(295,48%,46.495355361408%)"><small>+</small><span class="username" data-name="hogg">hogg</span>:</strong> <em>my team</em></div><div class="chat chatmessage-hikari"><strong style="color:hsl(10,82%,39%)"><small>+</small><span class="username" data-name="Hikari">Hikari</span>:</strong> <em>hogg's</em></div><div class="chat chatmessage-finchinator"><strong style="color:hsl(235,76%,58.96121738613333%)"><small>+</small><span class="username" data-name="Finchinator">Finchinator</span>:</strong> <em>this makes</em></div><div class="spacer battle-history"><br></div><div class="battle-history">Abomasnow used <strong>Ice Shard</strong>!<br></div><div class="battle-history"><small>It's super effective!</small><br></div><div class="battle-history"><small>(The opposing Krookodile lost <abbr title="−271/331">81.9%</abbr> of its health!)</small><br></div><div class="spacer battle-history"><br></div><div class="battle-history">The opposing Krookodile fainted!<br></div><div class="spacer battle-history"><br></div><div class="battle-history"><small>The hail is crashing down.</small><br></div><div class="chat chatmessage-finchinator"><strong style="color:hsl(235,76%,58.96121738613333%)"><small>+</small><span class="username" data-name="Finchinator">Finchinator</span>:</strong> <em>a lot more sense</em></div><div class="chat chatmessage-finchinator"><strong style="color:hsl(235,76%,58.96121738613333%)"><small>+</small><span class="username" data-name="Finchinator">Finchinator</span>:</strong> <em>i was so confused</em></div><div class="chat chatmessage-hikari"><strong style="color:hsl(10,82%,39%)"><small>+</small><span class="username" data-name="Hikari">Hikari</span>:</strong> <em>this is hogg's vs the battle snakes</em></div><div class="chat chatmessage-finchinator"><strong style="color:hsl(235,76%,58.96121738613333%)"><small>+</small><span class="username" data-name="Finchinator">Finchinator</span>:</strong> <em>advantahe's team</em></div><div class="chat chatmessage-finchinator"><strong style="color:hsl(235,76%,58.96121738613333%)"><small>+</small><span class="username" data-name="Finchinator">Finchinator</span>:</strong> <em>ic ic</em></div><div class="spacer battle-history"><br></div><div class="battle-history">Rodriblutar sent out <strong>Forretress</strong>!<br></div><div class="battle-history"><small>Pointed stones dug into the opposing Forretress!</small><br></div><div class="spacer battle-history"><br></div><h2 class="battle-history">Turn 22</h2><div class="chat chatmessage-pearl"><strong style="color:hsl(137,70%,38.48887992080507%)"><small>%</small><span class="username" data-name="Pearl ☆">Pearl ☆</span>:</strong> <em>"why is blunder using a good oras uu team"</em></div><div class="chat chatmessage-finchinator"><strong style="color:hsl(235,76%,58.96121738613333%)"><small>+</small><span class="username" data-name="Finchinator">Finchinator</span>:</strong> <em>advantage's*</em></div><div class="chat chatmessage-hikari"><strong style="color:hsl(10,82%,39%)"><small>+</small><span class="username" data-name="Hikari">Hikari</span>:</strong> <em>fuck this can win</em></div><div class="chat chatmessage-hikari"><strong style="color:hsl(10,82%,39%)"><small>+</small><span class="username" data-name="Hikari">Hikari</span>:</strong> <em>from this point</em></div><div class="spacer battle-history"><br></div><div class="battle-history">Abomasnow, come back!<br></div><div class="battle-history">Go! <strong>Escavalier</strong>!<br></div><div class="battle-history"><small>Pointed stones dug into Escavalier!</small><br></div><div class="spacer battle-history"><br></div><div class="battle-history">The opposing Forretress used <strong>Pin Missile</strong>!<br></div><div class="battle-history"><small>It's not very effective...</small><br></div><div class="battle-history"><small>(Escavalier lost <abbr title="−13/343">3.8%</abbr> of its health!)</small><br></div><div class="battle-history"><small>It's not very effective...</small><br></div><div class="battle-history"><small>(Escavalier lost <abbr title="−13/343">3.8%</abbr> of its health!)</small><br></div><div class="battle-history"><small>It's not very effective...</small><br></div><div class="battle-history"><small>(Escavalier lost <abbr title="−13/343">3.8%</abbr> of its health!)</small><br></div><div class="battle-history"><small>It's not very effective...</small><br></div><div class="battle-history"><small>(Escavalier lost <abbr title="−13/343">3.8%</abbr> of its health!)</small><br></div><div class="battle-history"><small>Hit 4 times!</small><br></div><div class="spacer battle-history"><br></div><div class="battle-history"><small>The hail is crashing down.</small><br></div><div class="battle-history"><small>The opposing Forretress is buffeted by the hail!</small><br></div><div class="battle-history"><small>The opposing Forretress restored a little HP using its Leftovers!</small><br></div><div class="battle-history"><small>Escavalier restored a little HP using its Leftovers!</small><br></div><div class="spacer battle-history"><br></div><h2 class="battle-history">Turn 23</h2><div class="chat chatmessage-bouff"><strong style="color:hsl(351,64%,44%)"><small>+</small><span class="username" data-name="Bouff">Bouff</span>:</strong> <em>fire punch this bastard right now</em></div><div class="chat chatmessage-accelgor"><strong style="color:hsl(220,52%,54.04920181066666%)"><small>+</small><span class="username" data-name="Accelgor⏫">Accelgor⏫</span>:</strong> <em>ah the tech</em></div><div class="chat chatmessage-hikari"><strong style="color:hsl(10,82%,39%)"><small>+</small><span class="username" data-name="Hikari">Hikari</span>:</strong> <em>Imean</em></div><div class="chat chatmessage-hikari"><strong style="color:hsl(10,82%,39%)"><small>+</small><span class="username" data-name="Hikari">Hikari</span>:</strong> <em>GYro / Heavy Slam</em></div><div class="spacer battle-history"><br></div><div class="battle-history">The opposing Forretress used <strong>Rapid Spin</strong>!<br></div><div class="battle-history"><small>It's not very effective...</small><br></div><div class="battle-history"><small>(Escavalier lost <abbr title="−7/343">2.0%</abbr> of its health!)</small><br></div><div class="battle-history"><small>The pointed stones disappeared from around the opposing team!</small><br></div><div class="spacer battle-history"><br></div><div class="battle-history">Escavalier used <strong>Megahorn</strong>!<br></div><div class="battle-history"><small>The opposing Forretress avoided the attack!</small><br></div><div class="spacer battle-history"><br></div><div class="battle-history"><small>The hail is crashing down.</small><br></div><div class="battle-history"><small>The opposing Forretress is buffeted by the hail!</small><br></div><div class="battle-history"><small>The opposing Forretress restored a little HP using its Leftovers!</small><br></div><div class="battle-history"><small>Escavalier restored a little HP using its Leftovers!</small><br></div><div class="spacer battle-history"><br></div><h2 class="battle-history">Turn 24</h2><div class="chat chatmessage-hikari"><strong style="color:hsl(10,82%,39%)"><small>+</small><span class="username" data-name="Hikari">Hikari</span>:</strong> <em>didn't kill</em></div><div class="chat chatmessage-bouff"><strong style="color:hsl(351,64%,44%)"><small>+</small><span class="username" data-name="Bouff">Bouff</span>:</strong> <em>yea</em></div><div class="chat chatmessage-ark"><strong style="color:hsl(194,57%,39.20543981230054%)"><small>+</small><span class="username" data-name="Ark">Ark</span>:</strong> <em>reveal hp fire forry</em></div><div class="chat chatmessage-hikari"><strong style="color:hsl(10,82%,39%)"><small>+</small><span class="username" data-name="Hikari">Hikari</span>:</strong> <em>and EQ 2HKOed,,,</em></div><div class="spacer battle-history"><br></div><div class="battle-history">The opposing Forretress used <strong>Spikes</strong>!<br></div><div class="battle-history"><small>Spikes were scattered on the ground all around your team!</small><br></div><div class="spacer battle-history"><br></div><div class="battle-history">Escavalier used <strong>Megahorn</strong>!<br></div><div class="battle-history"><small>It's not very effective...</small><br></div><div class="battle-history"><small>(The opposing Forretress lost <abbr title="−71/353">20.1%</abbr> of its health!)</small><br></div><div class="spacer battle-history"><br></div><div class="battle-history"><small>The hail stopped.</small><br></div><div class="battle-history"><small>The opposing Forretress restored a little HP using its Leftovers!</small><br></div><div class="battle-history"><small>Escavalier restored a little HP using its Leftovers!</small><br></div><div class="spacer battle-history"><br></div><h2 class="battle-history">Turn 25</h2><div class="spacer battle-history"><br></div><div class="battle-history">The opposing Forretress used <strong>Volt Switch</strong>!<br></div><div class="battle-history"><small>(Escavalier lost <abbr title="−27/343">7.9%</abbr> of its health!)</small><br></div><div class="spacer battle-history"><br></div><div class="battle-history">The opposing Forretress went back to Rodriblutar!<br></div><div class="battle-history">Rodriblutar sent out <strong>Jellicent</strong>!<br></div><div class="spacer battle-history"><br></div><div class="battle-history">Escavalier used <strong>Megahorn</strong>!<br></div><div class="battle-history"><small>The opposing Jellicent avoided the attack!</small><br></div><div class="spacer battle-history"><br></div><div class="battle-history"><small>Escavalier restored a little HP using its Leftovers!</small><br></div><div class="spacer battle-history"><br></div><h2 class="battle-history">Turn 26</h2><div class="spacer battle-history"><br></div><div class="battle-history">Escavalier used <strong>Protect</strong>!<br></div><div class="battle-history"><small>Escavalier protected itself!</small><br></div><div class="spacer battle-history"><br></div><div class="battle-history">The opposing Jellicent used <strong>Will-O-Wisp</strong>!<br></div><div class="battle-history"><small>Escavalier protected itself!</small><br></div><div class="spacer battle-history"><br></div><div class="battle-history"><small>Escavalier restored a little HP using its Leftovers!</small><br></div><div class="spacer battle-history"><br></div><h2 class="battle-history">Turn 27</h2><div class="spacer battle-history"><br></div><div class="battle-history">Escavalier, come back!<br></div><div class="battle-history">Go! <strong>Crobat</strong>!<br></div><div class="battle-history"><small>Pointed stones dug into Crobat!</small><br></div><div class="spacer battle-history"><br></div><div class="battle-history">The opposing Jellicent used <strong>Will-O-Wisp</strong>!<br></div><div class="battle-history"><small>Crobat was burned!</small><br></div><div class="spacer battle-history"><br></div><div class="battle-history"><small>Crobat was hurt by its burn!</small><br></div><div class="spacer battle-history"><br></div><h2 class="battle-history">Turn 28</h2><div class="spacer battle-history"><br></div><div class="battle-history">Crobat used <strong>Defog</strong>!<br></div><div class="battle-history"><small>The opposing Jellicent's evasiveness fell!</small><br></div><div class="battle-history"><small>The spikes disappeared from the ground around your team!</small><br></div><div class="battle-history"><small>The pointed stones disappeared from around your team!</small><br></div><div class="spacer battle-history"><br></div><div class="battle-history">The opposing Jellicent used <strong>Hex</strong>!<br></div><div class="battle-history"><small>(Crobat lost <abbr title="−49/373">13.1%</abbr> of its health!)</small><br></div><div class="spacer battle-history"><br></div><div class="battle-history">Crobat fainted!<br></div><div class="spacer battle-history"><br></div><div class="battle-history">Go! <strong>Suicune</strong>!<br></div><div class="battle-history"><small>[Suicune's Pressure]</small><br><small>Suicune is exerting its pressure!</small><br></div><div class="spacer battle-history"><br></div><h2 class="battle-history">Turn 29</h2><div class="spacer battle-history"><br></div><div class="battle-history">Rodriblutar withdrew Jellicent!<br></div><div class="battle-history">Rodriblutar sent out <strong>Roserade</strong>!<br></div><div class="spacer battle-history"><br></div><div class="battle-history">Suicune is fast asleep.<br></div><div class="spacer battle-history"><br></div><h2 class="battle-history">Turn 30</h2><div class="spacer battle-history"><br></div><div class="battle-history">Suicune, come back!<br></div><div class="battle-history">Go! <strong>Escavalier</strong>!<br></div><div class="spacer battle-history"><br></div><div class="battle-history">The opposing Roserade used <strong>Toxic Spikes</strong>!<br></div><div class="battle-history"><small>Poison spikes were scattered on the ground all around your team!</small><br></div><div class="spacer battle-history"><br></div><div class="battle-history"><small>Escavalier restored a little HP using its Leftovers!</small><br></div><div class="spacer battle-history"><br></div><h2 class="battle-history">Turn 31</h2><div class="spacer battle-history"><br></div><div class="battle-history"><small>(The opposing Roserade is being withdrawn...)</small><br></div><div class="spacer battle-history"><br></div><div class="battle-history">Escavalier used <strong>Pursuit</strong>!<br></div><div class="battle-history"><small>(The opposing Roserade lost <abbr title="−138/289">47.8%</abbr> of its health!)</small><br></div><div class="spacer battle-history"><br></div><div class="battle-history">Rodriblutar withdrew Roserade!<br></div><div class="battle-history">Rodriblutar sent out <strong>Jellicent</strong>!<br></div><div class="spacer battle-history"><br></div><div class="battle-history"><small>Escavalier restored a little HP using its Leftovers!</small><br></div><div class="spacer battle-history"><br></div><h2 class="battle-history">Turn 32</h2><div class="spacer battle-history"><br></div><div class="battle-history">The opposing Jellicent used <strong>Taunt</strong>!<br></div><div class="battle-history"><small>Escavalier fell for the taunt!</small><br></div><div class="spacer battle-history"><br></div><div class="battle-history">Escavalier used <strong>Pursuit</strong>!<br></div><div class="battle-history"><small>It's super effective!</small><br></div><div class="battle-history"><small>(The opposing Jellicent lost <abbr title="−94/399">23.6%</abbr> of its health!)</small><br></div><div class="spacer battle-history"><br></div><div class="battle-history"><small>The opposing Jellicent restored a little HP using its Leftovers!</small><br></div><div class="spacer battle-history"><br></div><h2 class="battle-history">Turn 33</h2><div class="spacer battle-history"><br></div><div class="battle-history">The opposing Jellicent used <strong>Will-O-Wisp</strong>!<br></div><div class="battle-history"><small>Escavalier was burned!</small><br></div><div class="spacer battle-history"><br></div><div class="battle-history">Escavalier used <strong>Pursuit</strong>!<br></div><div class="battle-history"><small>It's super effective!</small><br></div><div class="battle-history"><small>(The opposing Jellicent lost <abbr title="−41/399">10.3%</abbr> of its health!)</small><br></div><div class="spacer battle-history"><br></div><div class="battle-history"><small>The opposing Jellicent restored a little HP using its Leftovers!</small><br></div><div class="battle-history"><small>Escavalier was hurt by its burn!</small><br></div><div class="spacer battle-history"><br></div><h2 class="battle-history">Turn 34</h2><div class="spacer battle-history"><br></div><div class="battle-history">Escavalier, come back!<br></div><div class="battle-history">Go! <strong>Suicune</strong>!<br></div><div class="battle-history"><small>[Suicune's Pressure]</small><br><small>Suicune is exerting its pressure!</small><br></div><div class="spacer battle-history"><br></div><div class="battle-history">The opposing Jellicent used <strong>Hex</strong>!<br></div><div class="battle-history"><small>(Suicune lost <abbr title="−115/401">28.7%</abbr> of its health!)</small><br></div><div class="spacer battle-history"><br></div><div class="battle-history"><small>Suicune restored a little HP using its Leftovers!</small><br></div><div class="battle-history"><small>The opposing Jellicent restored a little HP using its Leftovers!</small><br></div><div class="spacer battle-history"><br></div><h2 class="battle-history">Turn 35</h2><div class="spacer battle-history"><br></div><div class="battle-history">Suicune is fast asleep.<br></div><div class="spacer battle-history"><br></div><div class="battle-history">The opposing Jellicent used <strong>Hex</strong>!<br></div><div class="battle-history"><small>(Suicune lost <abbr title="−111/401">27.7%</abbr> of its health!)</small><br></div><div class="spacer battle-history"><br></div><div class="battle-history"><small>Suicune restored a little HP using its Leftovers!</small><br></div><div class="battle-history"><small>The opposing Jellicent restored a little HP using its Leftovers!</small><br></div><div class="spacer battle-history"><br></div><h2 class="battle-history">Turn 36</h2><div class="spacer battle-history"><br></div><div class="battle-history"><small>Suicune woke up!</small><br></div><div class="spacer battle-history"><br></div><div class="battle-history">Suicune used <strong>Calm Mind</strong>!<br></div><div class="battle-history"><small>Suicune's Special Attack rose!</small><br></div><div class="battle-history"><small>Suicune's Special Defense rose!</small><br></div><div class="spacer battle-history"><br></div><div class="battle-history">The opposing Jellicent used <strong>Taunt</strong>!<br></div><div class="battle-history"><small>Suicune fell for the taunt!</small><br></div><div class="spacer battle-history"><br></div><div class="battle-history"><small>Suicune restored a little HP using its Leftovers!</small><br></div><div class="battle-history"><small>The opposing Jellicent restored a little HP using its Leftovers!</small><br></div><div class="spacer battle-history"><br></div><h2 class="battle-history">Turn 37</h2><div class="spacer battle-history"><br></div><div class="battle-history">Suicune used <strong>Scald</strong>!<br></div><div class="battle-history"><small>[The opposing Jellicent's Water Absorb]</small><br><small>The opposing Jellicent restored its HP.</small><br></div><div class="spacer battle-history"><br></div><div class="battle-history">The opposing Jellicent used <strong>Will-O-Wisp</strong>!<br></div><div class="battle-history"><small>Suicune avoided the attack!</small><br></div><div class="spacer battle-history"><br></div><div class="battle-history"><small>Suicune restored a little HP using its Leftovers!</small><br></div><div class="spacer battle-history"><br></div><h2 class="battle-history">Turn 38</h2><div class="spacer battle-history"><br></div><div class="battle-history">Suicune used <strong>Scald</strong>!<br></div><div class="battle-history"><small>[The opposing Jellicent's Water Absorb]</small><br><small>It doesn't affect the opposing Jellicent...</small><br></div><div class="spacer battle-history"><br></div><div class="battle-history">The opposing Jellicent used <strong>Will-O-Wisp</strong>!<br></div><div class="battle-history"><small>Suicune was burned!</small><br></div><div class="spacer battle-history"><br></div><div class="battle-history"><small>Suicune restored a little HP using its Leftovers!</small><br></div><div class="battle-history"><small>Suicune was hurt by its burn!</small><br></div><div class="spacer battle-history"><br></div><h2 class="battle-history">Turn 39</h2><div class="spacer battle-history"><br></div><div class="battle-history">Rodriblutar withdrew Jellicent!<br></div><div class="battle-history">Rodriblutar sent out <strong>Roserade</strong>!<br></div><div class="spacer battle-history"><br></div><div class="battle-history">Suicune used <strong>Scald</strong>!<br></div><div class="battle-history"><small>It's not very effective...</small><br></div><div class="battle-history"><small>(The opposing Roserade lost <abbr title="−66/289">22.8%</abbr> of its health!)</small><br></div><div class="spacer battle-history"><br></div><div class="battle-history"><small>The opposing Roserade restored a little HP using its Black Sludge!</small><br></div><div class="battle-history"><small>Suicune restored a little HP using its Leftovers!</small><br></div><div class="battle-history"><small>Suicune was hurt by its burn!</small><br></div><div class="battle-history"><small>Suicune's taunt wore off!</small><br></div><div class="spacer battle-history"><br></div><h2 class="battle-history">Turn 40</h2><div class="chat chatmessage-starmaster"><strong style="color:hsl(303,67%,40%)"><small>+</small><span class="username" data-name="starmaster">starmaster</span>:</strong> <em>yo jellicents broken </em></div><div class="chat chatmessage-hikari"><strong style="color:hsl(10,82%,39%)"><small>+</small><span class="username" data-name="Hikari">Hikari</span>:</strong> <em>nothing new</em></div><div class="spacer battle-history"><br></div><div class="battle-history">The opposing Roserade used <strong>Giga Drain</strong>!<br></div><div class="battle-history"><small>It's super effective!</small><br></div><div class="battle-history"><small>(Suicune lost <abbr title="−156/401">38.9%</abbr> of its health!)</small><br></div><div class="battle-history"><small>Suicune had its energy drained!</small><br></div><div class="spacer battle-history"><br></div><div class="battle-history">Suicune used <strong>Rest</strong>!<br></div><div class="battle-history"><small>Suicune fell asleep!</small><br></div><div class="battle-history"><small>Suicune slept and became healthy!</small><br></div><div class="spacer battle-history"><br></div><div class="battle-history"><small>The opposing Roserade restored a little HP using its Black Sludge!</small><br></div><div class="spacer battle-history"><br></div><h2 class="battle-history">Turn 41</h2><div class="spacer battle-history"><br></div><div class="battle-history">Suicune, come back!<br></div><div class="battle-history">Go! <strong>Escavalier</strong>!<br></div><div class="spacer battle-history"><br></div><div class="battle-history">The opposing Roserade used <strong>Giga Drain</strong>!<br></div><div class="battle-history"><small>It's not very effective...</small><br></div><div class="battle-history"><small>(Escavalier lost <abbr title="−24/343">7.0%</abbr> of its health!)</small><br></div><div class="battle-history"><small>Escavalier had its energy drained!</small><br></div><div class="spacer battle-history"><br></div><div class="battle-history"><small>The opposing Roserade restored a little HP using its Black Sludge!</small><br></div><div class="battle-history"><small>Escavalier restored a little HP using its Leftovers!</small><br></div><div class="battle-history"><small>Escavalier was hurt by its burn!</small><br></div><div class="spacer battle-history"><br></div><h2 class="battle-history">Turn 42</h2><div class="spacer battle-history"><br></div><div class="battle-history"><small>(The opposing Roserade is being withdrawn...)</small><br></div><div class="spacer battle-history"><br></div><div class="battle-history">Escavalier used <strong>Pursuit</strong>!<br></div><div class="battle-history"><small>(The opposing Roserade lost <abbr title="−66/289">22.8%</abbr> of its health!)</small><br></div><div class="spacer battle-history"><br></div><div class="battle-history">Rodriblutar withdrew Roserade!<br></div><div class="battle-history">Rodriblutar sent out <strong>Forretress</strong>!<br></div><div class="spacer battle-history"><br></div><div class="battle-history"><small>The opposing Forretress restored a little HP using its Leftovers!</small><br></div><div class="battle-history"><small>Escavalier restored a little HP using its Leftovers!</small><br></div><div class="battle-history"><small>Escavalier was hurt by its burn!</small><br></div><div class="spacer battle-history"><br></div><h2 class="battle-history">Turn 43</h2><div class="spacer battle-history"><br></div><div class="battle-history">Escavalier, come back!<br></div><div class="battle-history">Go! <strong>Sylveon</strong>!<br></div><div class="spacer battle-history"><br></div><div class="battle-history">The opposing Forretress used <strong>Spikes</strong>!<br></div><div class="battle-history"><small>Spikes were scattered on the ground all around your team!</small><br></div><div class="spacer battle-history"><br></div><div class="battle-history"><small>Sylveon restored a little HP using its Leftovers!</small><br></div><div class="battle-history"><small>The opposing Forretress restored a little HP using its Leftovers!</small><br></div><div class="battle-history"><small>Sylveon was hurt by its burn!</small><br></div><div class="spacer battle-history"><br></div><h2 class="battle-history">Turn 44</h2><div class="spacer battle-history"><br></div><div class="battle-history">Sylveon used <strong>Heal Bell</strong>!<br></div><div class="battle-history"><small>A bell chimed!</small><br></div><div class="battle-history"><small>Sylveon's burn was healed.</small><br></div><div class="battle-history"><small>Escavalier's burn was healed.</small><br></div><div class="battle-history"><small>Suicune woke up!</small><br></div><div class="spacer battle-history"><br></div><div class="battle-history">The opposing Forretress used <strong>Spikes</strong>!<br></div><div class="battle-history"><small>Spikes were scattered on the ground all around your team!</small><br></div><div class="spacer battle-history"><br></div><div class="battle-history"><small>Sylveon restored a little HP using its Leftovers!</small><br></div><div class="battle-history"><small>The opposing Forretress restored a little HP using its Leftovers!</small><br></div><div class="spacer battle-history"><br></div><h2 class="battle-history">Turn 45</h2><div class="spacer battle-history"><br></div><div class="battle-history">Sylveon used <strong>Hyper Voice</strong>!<br></div><div class="battle-history"><small>It's not very effective...</small><br></div><div class="battle-history"><small>(The opposing Forretress lost <abbr title="−70/353">19.8%</abbr> of its health!)</small><br></div><div class="spacer battle-history"><br></div><div class="battle-history">The opposing Forretress used <strong>Spikes</strong>!<br></div><div class="battle-history"><small>Spikes were scattered on the ground all around your team!</small><br></div><div class="spacer battle-history"><br></div><div class="battle-history"><small>Sylveon restored a little HP using its Leftovers!</small><br></div><div class="battle-history"><small>The opposing Forretress restored a little HP using its Leftovers!</small><br></div><div class="spacer battle-history"><br></div><h2 class="battle-history">Turn 46</h2><div class="spacer battle-history"><br></div><div class="battle-history">Sylveon used <strong>Hyper Voice</strong>!<br></div><div class="battle-history"><small>It's not very effective...</small><br></div><div class="battle-history"><small>(The opposing Forretress lost <abbr title="−80/353">22.7%</abbr> of its health!)</small><br></div><div class="spacer battle-history"><br></div><div class="battle-history">The opposing Forretress used <strong>Volt Switch</strong>!<br></div><div class="battle-history"><small>(Sylveon lost <abbr title="−23/391">5.9%</abbr> of its health!)</small><br></div><div class="spacer battle-history"><br></div><div class="battle-history">The opposing Forretress went back to Rodriblutar!<br></div><div class="battle-history">Rodriblutar sent out <strong>Roserade</strong>!<br></div><div class="spacer battle-history"><br></div><div class="battle-history"><small>The opposing Roserade restored a little HP using its Black Sludge!</small><br></div><div class="battle-history"><small>Sylveon restored a little HP using its Leftovers!</small><br></div><div class="spacer battle-history"><br></div><h2 class="battle-history">Turn 47</h2><div class="spacer battle-history"><br></div><div class="battle-history">The opposing Roserade used <strong>Sludge Bomb</strong>!<br></div><div class="battle-history"><small>It's super effective!</small><br></div><div class="battle-history"><small>(Sylveon lost <abbr title="−216/391">55.2%</abbr> of its health!)</small><br></div><div class="spacer battle-history"><br></div><div class="battle-history">Sylveon used <strong>Wish</strong>!<br></div><div class="spacer battle-history"><br></div><div class="battle-history"><small>The opposing Roserade restored a little HP using its Black Sludge!</small><br></div><div class="battle-history"><small>Sylveon restored a little HP using its Leftovers!</small><br></div><div class="spacer battle-history"><br></div><h2 class="battle-history">Turn 48</h2><div class="spacer battle-history"><br></div><div class="battle-history">Sylveon used <strong>Protect</strong>!<br></div><div class="battle-history"><small>Sylveon protected itself!</small><br></div><div class="spacer battle-history"><br></div><div class="battle-history">The opposing Roserade used <strong>Hidden Power</strong>!<br></div><div class="battle-history"><small>Sylveon protected itself!</small><br></div><div class="spacer battle-history"><br></div><div class="battle-history"><small>Sylveon's wish came true!</small><br></div><div class="battle-history"><small>The opposing Roserade restored a little HP using its Black Sludge!</small><br></div><div class="battle-history"><small>Sylveon restored a little HP using its Leftovers!</small><br></div><div class="spacer battle-history"><br></div><h2 class="battle-history">Turn 49</h2><div class="spacer battle-history"><br></div><div class="battle-history">The opposing Roserade used <strong>Sludge Bomb</strong>!<br></div><div class="battle-history"><small>It's super effective!</small><br></div><div class="battle-history"><small>(Sylveon lost <abbr title="−200/391">51.2%</abbr> of its health!)</small><br></div><div class="battle-history"><small>Sylveon was poisoned!</small><br></div><div class="spacer battle-history"><br></div><div class="battle-history">Sylveon used <strong>Wish</strong>!<br></div><div class="spacer battle-history"><br></div><div class="battle-history"><small>The opposing Roserade restored a little HP using its Black Sludge!</small><br></div><div class="battle-history"><small>Sylveon restored a little HP using its Leftovers!</small><br></div><div class="battle-history"><small>Sylveon was hurt by poison!</small><br></div><div class="spacer battle-history"><br></div><h2 class="battle-history">Turn 50</h2><div class="spacer battle-history"><br></div><div class="battle-history">The opposing Roserade used <strong>Sludge Bomb</strong>!<br></div><div class="battle-history"><small>It's super effective!</small><br></div><div class="battle-history"><small>(Sylveon lost <abbr title="−123/391">31.5%</abbr> of its health!)</small><br></div><div class="spacer battle-history"><br></div><div class="battle-history">Sylveon fainted!<br></div><div class="spacer battle-history"><br></div><div class="battle-history"><small>The opposing Roserade restored a little HP using its Black Sludge!</small><br></div><div class="spacer battle-history"><br></div><div class="battle-history">Go! Abomasnow (<strong>Abomasnow-Mega</strong>)!<br></div><div class="battle-history"><small>Abomasnow is hurt by the spikes!</small><br></div><div class="battle-history"><small>Abomasnow was poisoned!</small><br></div><div class="battle-history"><small>[Abomasnow's Snow Warning]</small><br><small>It started to hail!</small><br></div><div class="spacer battle-history"><br></div><h2 class="battle-history">Turn 51</h2><div class="spacer battle-history"><br></div><div class="battle-history">Rodriblutar withdrew Roserade!<br></div><div class="battle-history">Rodriblutar sent out <strong>Forretress</strong>!<br></div><div class="spacer battle-history"><br></div><div class="battle-history">Abomasnow used <strong>Ice Shard</strong>!<br></div><div class="battle-history"><small>It's not very effective...</small><br></div><div class="battle-history"><small>(The opposing Forretress lost <abbr title="−31/353">8.8%</abbr> of its health!)</small><br></div><div class="spacer battle-history"><br></div><div class="battle-history"><small>The hail is crashing down.</small><br></div><div class="battle-history"><small>The opposing Forretress is buffeted by the hail!</small><br></div><div class="battle-history"><small>The opposing Forretress restored a little HP using its Leftovers!</small><br></div><div class="battle-history"><small>Abomasnow was hurt by poison!</small><br></div><div class="spacer battle-history"><br></div><h2 class="battle-history">Turn 52</h2><div class="spacer battle-history"><br></div><div class="battle-history">The opposing Forretress used <strong>Volt Switch</strong>!<br></div><div class="battle-history"><small>It's not very effective...</small><br></div><div class="battle-history"><small>(Abomasnow lost <abbr title="−16/383">4.2%</abbr> of its health!)</small><br></div><div class="chat chatmessage-blunderr"><strong style="color:hsl(252,82%,60.01687145142231%)"><small>☆</small><span class="username" data-name="blunderr">blunderr</span>:</strong> <em>gg </em></div><div class="battle-history"><small>blunderr forfeited.</small><br></div><div class="spacer battle-history"><br></div><div class="battle-history"><strong>Rodriblutar</strong> won the battle!<br></div></div><div class="inner-preempt"></div></div></div>
</div>
<script>
let daily = Math.floor(Date.now()/1000/60/60/24);document.write('<script src="https://play.pokemonshowdown.com/js/replay-embed.js?version'+daily+'"></'+'script>');
</script>
