<!DOCTYPE html>
<meta charset="utf-8" />
<!-- version 1 -->
<title>UU replay: jhsdoaklfd vs. Hugobou</title>
<style>
html,body {font-family:Verdana, sans-serif;font-size:10pt;margin:0;padding:0;}body{padding:12px 0;} .battle-log {font-family:Verdana, sans-serif;font-size:10pt;} .battle-log-inline {border:1px solid #AAAAAA;background:#EEF2F5;color:black;max-width:640px;margin:0 auto 80px;padding-bottom:5px;} .battle-log .inner {padding:4px 8px 0px 8px;} .battle-log .inner-preempt {padding:0 8px 4px 8px;} .battle-log .inner-after {margin-top:0.5em;} .battle-log h2 {margin:0.5em -8px;padding:4px 8px;border:1px solid #AAAAAA;background:#E0E7EA;border-left:0;border-right:0;font-family:Verdana, sans-serif;font-size:13pt;} .battle-log .chat {vertical-align:middle;padding:3px 0 3px 0;font-size:8pt;} .battle-log .chat strong {color:#40576A;} .battle-log .chat em {padding:1px 4px 1px 3px;color:#000000;font-style:normal;} .chat.mine {background:rgba(0,0,0,0.05);margin-left:-8px;margin-right:-8px;padding-left:8px;padding-right:8px;} .spoiler {color:#BBBBBB;background:#BBBBBB;padding:0px 3px;} .spoiler:hover, .spoiler:active, .spoiler-shown {color:#000000;background:#E2E2E2;padding:0px 3px;} .spoiler a {color:#BBBBBB;} .spoiler:hover a, .spoiler:active a, .spoiler-shown a {color:#2288CC;} .chat code, .chat .spoiler:hover code, .chat .spoiler:active code, .chat .spoiler-shown code {border:1px solid #C0C0C0;background:#EEEEEE;color:black;padding:0 2px;} .chat .spoiler code {border:1px solid #CCCCCC;background:#CCCCCC;color:#CCCCCC;} .battle-log .rated {padding:3px 4px;} .battle-log .rated strong {color:white;background:#89A;padding:1px 4px;border-radius:4px;} .spacer {margin-top:0.5em;} .message-announce {background:#6688AA;color:white;padding:1px 4px 2px;} .message-announce a, .broadcast-green a, .broadcast-blue a, .broadcast-red a {color:#DDEEFF;} .broadcast-green {background-color:#559955;color:white;padding:2px 4px;} .broadcast-blue {background-color:#6688AA;color:white;padding:2px 4px;} .infobox {border:1px solid #6688AA;padding:2px 4px;} .infobox-limited {max-height:200px;overflow:auto;overflow-x:hidden;} .broadcast-red {background-color:#AA5544;color:white;padding:2px 4px;} .message-learn-canlearn {font-weight:bold;color:#228822;text-decoration:underline;} .message-learn-cannotlearn {font-weight:bold;color:#CC2222;text-decoration:underline;} .message-effect-weak {font-weight:bold;color:#CC2222;} .message-effect-resist {font-weight:bold;color:#6688AA;} .message-effect-immune {font-weight:bold;color:#666666;} .message-learn-list {margin-top:0;margin-bottom:0;} .message-throttle-notice, .message-error {color:#992222;} .message-overflow, .chat small.message-overflow {font-size:0pt;} .message-overflow::before {font-size:9pt;content:'...';} .subtle {color:#3A4A66;}
</style>
<div class="wrapper replay-wrapper" style="max-width:1180px;margin:0 auto">
<input type="hidden" name="replayid" value="uu-564458919" />
<div class="battle"></div><div class="battle-log"></div><div class="replay-controls"></div><div class="replay-controls-2"></div>
<h1 style="font-weight:normal;text-align:center"><strong>UU</strong><br /><a href="http://pokemonshowdown.com/users/jhsdoaklfd" class="subtle" target="_blank">jhsdoaklfd</a> vs. <a href="http://pokemonshowdown.com/users/hugobou" class="subtle" target="_blank">Hugobou</a></h1>
<script type="text/plain" class="battle-log-data">|j|jhsdoaklfd
|j|Hugobou
|player|p1|jhsdoaklfd|261
|player|p2|Hugobou|138
|gametype|singles
|gen|6
|tier|UU
|rated
|seed|33931,10913,6495,16471
|rule|Sleep Clause Mod: Limit one foe put to sleep
|rule|Species Clause: Limit one of each Pokémon
|rule|OHKO Clause: OHKO moves are banned
|rule|Moody Clause: Moody is banned
|rule|Evasion Moves Clause: Evasion moves are banned
|rule|Endless Battle Clause: Forcing endless battles is banned
|rule|HP Percentage Mod: HP is shown in percentages
|clearpoke
|poke|p1|Mandibuzz, F|item
|poke|p1|Lanturn, M|item
|poke|p1|Crobat, F|item
|poke|p1|Klefki, F|item
|poke|p1|Shedinja|item
|poke|p1|Absol, M|item
|poke|p2|Jolteon, F|item
|poke|p2|Feraligatr, F|item
|poke|p2|Cinccino, F|item
|poke|p2|Whimsicott, M|item
|poke|p2|Hydreigon, M|item
|poke|p2|Beedrill, F|item
|rule|Swagger Clause: Swagger is banned
|rule|Baton Pass Clause: Limit one Baton Passer, can't pass Spe and other stats simultaneously
|teampreview
|choice|team 4, team 2, team 3, team 1, team 5, team 6|team 6, team 2, team 3, team 4, team 5, team 1
|
|start
|switch|p1a: Klefki|Klefki, F|318\/318
|switch|p2a: Beedrill|Beedrill, F|272\/272
|-item|p1a: Klefki|Air Balloon
|turn|1
|choice|move thunderwave|switch 6
|
|switch|p2a: Jolteon|Jolteon, F|271\/271
|move|p1a: Klefki|Thunder Wave|p2a: Jolteon
|-immune|p2a: Jolteon|[msg]|[from] ability: Volt Absorb
|
|upkeep
|turn|2
|choice|move toxic|move shadowball
|
|move|p1a: Klefki|Toxic|p2a: Jolteon
|-status|p2a: Jolteon|tox
|move|p2a: Jolteon|Shadow Ball|p1a: Klefki
|-damage|p1a: Klefki|215\/318
|-enditem|p1a: Klefki|Air Balloon
|
|-damage|p2a: Jolteon|255\/271 tox|[from] psn
|upkeep
|turn|3
|choice|move protect|move shadowball
|
|move|p1a: Klefki|Protect|p1a: Klefki
|-singleturn|p1a: Klefki|Protect
|move|p2a: Jolteon|Shadow Ball|p1a: Klefki
|-activate|p1a: Klefki|move: Protect
|
|-damage|p2a: Jolteon|223\/271 tox|[from] psn
|upkeep
|turn|4
|choice|move healblock|switch 6
|
|switch|p2a: Beedrill|Beedrill, F|272\/272
|move|p1a: Klefki|Heal Block|p2a: Beedrill
|-start|p2a: Beedrill|move: Heal Block
|
|upkeep
|turn|5
|choice|move thunderwave|switch 6
|
|switch|p2a: Jolteon|Jolteon, F|223\/271 tox
|move|p1a: Klefki|Thunder Wave|p2a: Jolteon
|-heal|p2a: Jolteon|271\/271 tox|[from] ability: Volt Absorb|[of] p1a: Klefki
|
|-damage|p2a: Jolteon|255\/271 tox|[from] psn
|upkeep
|turn|6
|choice|move protect|move voltswitch
|
|move|p1a: Klefki|Protect|p1a: Klefki
|-singleturn|p1a: Klefki|Protect
|move|p2a: Jolteon|Volt Switch|p1a: Klefki
|-activate|p1a: Klefki|move: Protect
|
|-damage|p2a: Jolteon|223\/271 tox|[from] psn
|upkeep
|turn|7
|choice|switch 5|switch 4
|
|switch|p2a: Whimsicott|Whimsicott, M|262\/262
|switch|p1a: Shedinja|Shedinja|1\/1
|
|upkeep
|turn|8
|choice|move willowisp|move switcheroo
|
|move|p2a: Whimsicott|Switcheroo|p1a: Shedinja
|-activate|p2a: Whimsicott|move: Trick|[of] p1a: Shedinja
|-item|p1a: Shedinja|Choice Specs|[from] move: Switcheroo
|-item|p2a: Whimsicott|Focus Sash|[from] move: Switcheroo
|move|p1a: Shedinja|Will-O-Wisp|p2a: Whimsicott
|-status|p2a: Whimsicott|brn
|
|-damage|p2a: Whimsicott|230\/262 brn|[from] brn
|upkeep
|turn|9
|choice|switch 3|move moonblast
|
|switch|p1a: Crobat|Crobat, F|311\/311
|move|p2a: Whimsicott|Moonblast|p1a: Crobat
|-resisted|p1a: Crobat
|-damage|p1a: Crobat|239\/311
|-unboost|p1a: Crobat|spa|1
|
|-damage|p2a: Whimsicott|198\/262 brn|[from] brn
|upkeep
|turn|10
|choice|move pursuit|switch 4
|
|-activate|p2a: Whimsicott|move: Pursuit
|move|p1a: Crobat|Pursuit|p2a: Whimsicott|[from]Pursuit
|-resisted|p2a: Whimsicott
|-damage|p2a: Whimsicott|157\/262 brn
|switch|p2a: Jolteon|Jolteon, F|223\/271 tox
|
|-damage|p2a: Jolteon|207\/271 tox|[from] psn
|upkeep
|turn|11
|choice|switch 2|move hiddenpower
|
|switch|p1a: Lanturn|Lanturn, M|407\/407
|move|p2a: Jolteon|Hidden Power|p1a: Lanturn
|-resisted|p1a: Lanturn
|-damage|p1a: Lanturn|372\/407
|
|-damage|p2a: Jolteon|175\/271 tox|[from] psn
|upkeep
|turn|12
|choice|move scald|switch 4
|
|switch|p2a: Whimsicott|Whimsicott, M|157\/262 brn
|move|p1a: Lanturn|Scald|p2a: Whimsicott
|-resisted|p2a: Whimsicott
|-damage|p2a: Whimsicott|85\/262 brn
|
|-damage|p2a: Whimsicott|53\/262 brn|[from] brn
|upkeep
|turn|13
|choice|switch 3|move switcheroo
|
|switch|p1a: Shedinja|Shedinja|1\/1
|move|p2a: Whimsicott|Switcheroo|p1a: Shedinja
|-activate|p2a: Whimsicott|move: Trick|[of] p1a: Shedinja
|-item|p1a: Shedinja|Focus Sash|[from] move: Switcheroo
|-item|p2a: Whimsicott|Choice Specs|[from] move: Switcheroo
|
|-damage|p2a: Whimsicott|21\/262 brn|[from] brn
|upkeep
|turn|14
|choice|move shadowball|move switcheroo
|
|move|p2a: Whimsicott|Switcheroo|p1a: Shedinja
|-activate|p2a: Whimsicott|move: Trick|[of] p1a: Shedinja
|-item|p1a: Shedinja|Choice Specs|[from] move: Switcheroo
|-item|p2a: Whimsicott|Focus Sash|[from] move: Switcheroo
|move|p1a: Shedinja|Shadow Ball|p2a: Whimsicott
|-damage|p2a: Whimsicott|0 fnt
|faint|p2a: Whimsicott
|
|upkeep
|choice||switch 3
|
|switch|p2a: Cinccino|Cinccino, F|292\/292
|turn|15
|choice|switch 5|move tailslap
|
|switch|p1a: Klefki|Klefki, F|215\/318
|move|p2a: Cinccino|Tail Slap|p1a: Klefki
|-resisted|p1a: Klefki
|-damage|p1a: Klefki|180\/318
|-resisted|p1a: Klefki
|-damage|p1a: Klefki|148\/318
|-resisted|p1a: Klefki
|-damage|p1a: Klefki|119\/318
|-resisted|p1a: Klefki
|-damage|p1a: Klefki|87\/318
|-resisted|p1a: Klefki
|-damage|p1a: Klefki|53\/318
|-hitcount|p1a: Klefki|5
|
|upkeep
|turn|16
|choice|move toxic|switch 4
|
|switch|p2a: Jolteon|Jolteon, F|175\/271 tox
|move|p1a: Klefki|Toxic|p2a: Jolteon
|-fail|p2a: Jolteon|tox
|
|-damage|p2a: Jolteon|159\/271 tox|[from] psn
|upkeep
|turn|17
|choice|move healblock|move shadowball
|
|move|p1a: Klefki|Heal Block|p2a: Jolteon
|-start|p2a: Jolteon|move: Heal Block
|move|p2a: Jolteon|Shadow Ball|p1a: Klefki
|-damage|p1a: Klefki|0 fnt
|faint|p1a: Klefki
|
|-damage|p2a: Jolteon|127\/271 tox|[from] psn
|upkeep
|choice|switch 2|
|
|switch|p1a: Crobat|Crobat, F|239\/311
|turn|18
|choice|move bravebird|move shadowball
|
|move|p2a: Jolteon|Shadow Ball|p1a: Crobat
|-damage|p1a: Crobat|94\/311
|move|p1a: Crobat|Brave Bird|p2a: Jolteon
|-resisted|p2a: Jolteon
|-damage|p2a: Jolteon|6\/271 tox
|-damage|p1a: Crobat|54\/311|[from] recoil|[of] p2a: Jolteon
|
|-damage|p2a: Jolteon|0 fnt|[from] psn
|upkeep
|faint|p2a: Jolteon
|choice||switch 2
|
|switch|p2a: Feraligatr|Feraligatr, F|312\/312
|turn|19
|choice|move toxic|move substitute
|
|move|p1a: Crobat|Toxic|p2a: Feraligatr
|-status|p2a: Feraligatr|tox
|move|p2a: Feraligatr|Substitute|p2a: Feraligatr
|-start|p2a: Feraligatr|Substitute
|-damage|p2a: Feraligatr|234\/312 tox
|
|-damage|p2a: Feraligatr|215\/312 tox|[from] psn
|upkeep
|turn|20
|choice|move bravebird|move dragondance
|
|move|p1a: Crobat|Brave Bird|p2a: Feraligatr
|-damage|p2a: Feraligatr|62\/312 tox
|-damage|p1a: Crobat|4\/311|[from] recoil|[of] p2a: Feraligatr
|move|p2a: Feraligatr|Dragon Dance|p2a: Feraligatr
|-boost|p2a: Feraligatr|atk|1
|-boost|p2a: Feraligatr|spe|1
|
|-damage|p2a: Feraligatr|24\/312 tox|[from] psn
|upkeep
|turn|21
|choice|move pursuit|move waterfall
|
|move|p1a: Crobat|Pursuit|p2a: Feraligatr
|-damage|p2a: Feraligatr|0 fnt
|faint|p2a: Feraligatr
|
|upkeep
|choice||switch 6
|
|switch|p2a: Beedrill|Beedrill, F|272\/272
|turn|22
|choice|move bravebird|switch 5
|
|switch|p2a: Hydreigon|Hydreigon, M|326\/326
|move|p1a: Crobat|Brave Bird|p2a: Hydreigon
|-damage|p2a: Hydreigon|145\/326
|-damage|p1a: Crobat|0 fnt|[from] recoil|[of] p2a: Hydreigon
|faint|p1a: Crobat
|
|upkeep
|choice|switch 3|
|
|switch|p1a: Lanturn|Lanturn, M|372\/407
|turn|23
|choice|move dazzlinggleam|move roost
|
|move|p2a: Hydreigon|Roost|p2a: Hydreigon
|-heal|p2a: Hydreigon|308\/326
|move|p1a: Lanturn|Dazzling Gleam|p2a: Hydreigon
|-supereffective|p2a: Hydreigon
|-damage|p2a: Hydreigon|0 fnt
|faint|p2a: Hydreigon
|
|upkeep
|choice||switch 4
|
|switch|p2a: Cinccino|Cinccino, F|292\/292
|turn|24
|choice|switch 5|move rockblast
|
|switch|p1a: Shedinja|Shedinja|1\/1
|move|p2a: Cinccino|Rock Blast|p1a: Shedinja
|-supereffective|p1a: Shedinja
|-damage|p1a: Shedinja|0 fnt
|-hitcount|p1a: Shedinja|1
|faint|p1a: Shedinja
|
|upkeep
|choice|switch 4|
|
|switch|p1a: Mandibuzz|Mandibuzz, F|424\/424
|turn|25
|choice|move toxic|switch 5
|
|switch|p2a: Beedrill|Beedrill, F|272\/272
|move|p1a: Mandibuzz|Toxic|p2a: Beedrill
|-immune|p2a: Beedrill|[msg]
|
|upkeep
|turn|26
|choice|move airslash|move uturn mega
|
|detailschange|p2a: Beedrill|Beedrill-Mega, F
|-mega|p2a: Beedrill|Beedrill|Beedrillite
|move|p2a: Beedrill|U-turn|p1a: Mandibuzz
|-damage|p1a: Mandibuzz|242\/424
|-ability|p1a: Mandibuzz|Weak Armor|boost
|-unboost|p1a: Mandibuzz|def|1
|-boost|p1a: Mandibuzz|spe|1
|choice||switch 5
|
|switch|p2a: Cinccino|Cinccino, F|292\/292
|move|p1a: Mandibuzz|Air Slash|p2a: Cinccino
|-damage|p2a: Cinccino|195\/292
|
|-heal|p1a: Mandibuzz|268\/424|[from] item: Leftovers
|upkeep
|turn|27
|choice|move toxic|move rockblast
|
|move|p2a: Cinccino|Rock Blast|p1a: Mandibuzz
|-supereffective|p1a: Mandibuzz
|-damage|p1a: Mandibuzz|160\/424
|-ability|p1a: Mandibuzz|Weak Armor|boost
|-unboost|p1a: Mandibuzz|def|1
|-boost|p1a: Mandibuzz|spe|1
|-supereffective|p1a: Mandibuzz
|-damage|p1a: Mandibuzz|20\/424
|-ability|p1a: Mandibuzz|Weak Armor|boost
|-unboost|p1a: Mandibuzz|def|1
|-boost|p1a: Mandibuzz|spe|1
|-supereffective|p1a: Mandibuzz
|-damage|p1a: Mandibuzz|0 fnt
|-hitcount|p1a: Mandibuzz|3
|faint|p1a: Mandibuzz
|
|upkeep
|choice|switch 5|
|
|switch|p1a: Lanturn|Lanturn, M|372\/407
|turn|28
|choice|move scald|switch 5
|
|switch|p2a: Beedrill|Beedrill-Mega, F|272\/272
|move|p1a: Lanturn|Scald|p2a: Beedrill
|-damage|p2a: Beedrill|151\/272
|
|upkeep
|turn|29
|choice|move icebeam|move drillrun
|
|move|p2a: Beedrill|Drill Run|p1a: Lanturn
|-supereffective|p1a: Lanturn
|-damage|p1a: Lanturn|42\/407
|move|p1a: Lanturn|Ice Beam|p2a: Beedrill
|-damage|p2a: Beedrill|54\/272
|
|upkeep
|turn|30
|choice|move scald|move drillrun
|
|move|p2a: Beedrill|Drill Run|p1a: Lanturn
|-supereffective|p1a: Lanturn
|-damage|p1a: Lanturn|0 fnt
|faint|p1a: Lanturn
|
|upkeep
|choice|switch 6|
|
|switch|p1a: Absol|Absol, M|271\/271
|-ability|p1a: Absol|Pressure
|turn|31
|choice|move flamethrower mega|move uturn
|
|detailschange|p1a: Absol|Absol-Mega, M
|-mega|p1a: Absol|Absol|Absolite
|move|p2a: Beedrill|U-turn|p1a: Absol
|-supereffective|p1a: Absol
|-damage|p1a: Absol|0 fnt
|faint|p1a: Absol
|
|win|Hugobou
|l|jhsdoaklfd
|raw|jhsdoaklfd's rating: 1040 &rarr; <strong>1030<\/strong><br \/>(-10 for losing)
|raw|Hugobou's rating: 1172 &rarr; <strong>1188<\/strong><br \/>(+16 for winning)</script>
</div>
<div class="battle-log battle-log-inline"><div class="inner"><div class="battle-options"></div><div class="inner"><div class="chat"><small>jhsdoaklfd joined.</small></div><div class="chat"><small>Hugobou joined.</small></div><div class=""><small>Format:</small> <br><strong>UU</strong></div><div class="rated"><strong>Rated battle</strong></div><div class=""><small><em>Sleep Clause Mod:</em> Limit one foe put to sleep</small></div><div class=""><small><em>Species Clause:</em> Limit one of each Pokémon</small></div><div class=""><small><em>OHKO Clause:</em> OHKO moves are banned</small></div><div class=""><small><em>Moody Clause:</em> Moody is banned</small></div><div class=""><small><em>Evasion Moves Clause:</em> Evasion moves are banned</small></div><div class=""><small><em>Endless Battle Clause:</em> Forcing endless battles is banned</small></div><div class=""><small><em>HP Percentage Mod:</em> HP is shown in percentages</small></div><div class=""><small><em>Swagger Clause:</em> Swagger is banned</small></div><div class=""><small><em>Baton Pass Clause:</em> Limit one Baton Passer, can't pass Spe and other stats simultaneously</small></div><div class="chat battle-history"><strong>jhsdoaklfd's team:</strong> <em style="color:#445566;display:block;">Mandibuzz / Lanturn / Crobat / Klefki / Shedinja / Absol</em></div><div class="chat battle-history"><strong>Hugobou's team:</strong> <em style="color:#445566;display:block;">Jolteon / Feraligatr / Cinccino / Whimsicott / Hydreigon / Beedrill</em></div><div class="spacer battle-history"><br></div><div class="battle-history">Battle started between jhsdoaklfd and Hugobou!<br></div><div class="spacer battle-history"><br></div><div class="battle-history">Go! <strong>Klefki</strong>!<br></div><div class="spacer battle-history"><br></div><div class="battle-history">Hugobou sent out <strong>Beedrill</strong>!<br></div><div class="battle-history"><small>Klefki floats in the air with its Air Balloon!</small><br></div><div class="spacer battle-history"><br></div><h2 class="battle-history">Turn 1</h2><div class="spacer battle-history"><br></div><div class="battle-history">Hugobou withdrew Beedrill!<br></div><div class="battle-history">Hugobou sent out <strong>Jolteon</strong>!<br></div><div class="spacer battle-history"><br></div><div class="battle-history">Klefki used <strong>Thunder Wave</strong>!<br></div><div class="battle-history"><small>[The opposing Jolteon's Volt Absorb]</small><br><small>It doesn't affect the opposing Jolteon...</small><br></div><div class="spacer battle-history"><br></div><h2 class="battle-history">Turn 2</h2><div class="spacer battle-history"><br></div><div class="battle-history">Klefki used <strong>Toxic</strong>!<br></div><div class="battle-history"><small>The opposing Jolteon was badly poisoned!</small><br></div><div class="spacer battle-history"><br></div><div class="battle-history">The opposing Jolteon used <strong>Shadow Ball</strong>!<br></div><div class="battle-history"><small>(Klefki lost <abbr title="−103/318">32.4%</abbr> of its health!)</small><br></div><div class="battle-history"><small>Klefki's Air Balloon popped!</small><br></div><div class="spacer battle-history"><br></div><div class="battle-history"><small>The opposing Jolteon was hurt by poison!</small><br></div><div class="spacer battle-history"><br></div><h2 class="battle-history">Turn 3</h2><div class="spacer battle-history"><br></div><div class="battle-history">Klefki used <strong>Protect</strong>!<br></div><div class="battle-history"><small>Klefki protected itself!</small><br></div><div class="spacer battle-history"><br></div><div class="battle-history">The opposing Jolteon used <strong>Shadow Ball</strong>!<br></div><div class="battle-history"><small>Klefki protected itself!</small><br></div><div class="spacer battle-history"><br></div><div class="battle-history"><small>The opposing Jolteon was hurt by poison!</small><br></div><div class="spacer battle-history"><br></div><h2 class="battle-history">Turn 4</h2><div class="spacer battle-history"><br></div><div class="battle-history">Hugobou withdrew Jolteon!<br></div><div class="battle-history">Hugobou sent out <strong>Beedrill</strong>!<br></div><div class="spacer battle-history"><br></div><div class="battle-history">Klefki used <strong>Heal Block</strong>!<br></div><div class="battle-history"><small>The opposing Beedrill was prevented from healing!</small><br></div><div class="spacer battle-history"><br></div><h2 class="battle-history">Turn 5</h2><div class="spacer battle-history"><br></div><div class="battle-history">Hugobou withdrew Beedrill!<br></div><div class="battle-history">Hugobou sent out <strong>Jolteon</strong>!<br></div><div class="spacer battle-history"><br></div><div class="battle-history">Klefki used <strong>Thunder Wave</strong>!<br></div><div class="battle-history"><small>[The opposing Jolteon's Volt Absorb]</small><br><small>The opposing Jolteon restored its HP.</small><br></div><div class="spacer battle-history"><br></div><div class="battle-history"><small>The opposing Jolteon was hurt by poison!</small><br></div><div class="spacer battle-history"><br></div><h2 class="battle-history">Turn 6</h2><div class="spacer battle-history"><br></div><div class="battle-history">Klefki used <strong>Protect</strong>!<br></div><div class="battle-history"><small>Klefki protected itself!</small><br></div><div class="spacer battle-history"><br></div><div class="battle-history">The opposing Jolteon used <strong>Volt Switch</strong>!<br></div><div class="battle-history"><small>Klefki protected itself!</small><br></div><div class="spacer battle-history"><br></div><div class="battle-history"><small>The opposing Jolteon was hurt by poison!</small><br></div><div class="spacer battle-history"><br></div><h2 class="battle-history">Turn 7</h2><div class="spacer battle-history"><br></div><div class="battle-history">The opposing Jolteon went back to Hugobou!<br></div><div class="battle-history">Hugobou sent out <strong>Whimsicott</strong>!<br></div><div class="spacer battle-history"><br></div><div class="battle-history">Klefki, come back!<br></div><div class="battle-history">Go! <strong>Shedinja</strong>!<br></div><div class="spacer battle-history"><br></div><h2 class="battle-history">Turn 8</h2><div class="spacer battle-history"><br></div><div class="battle-history">The opposing Whimsicott used <strong>Switcheroo</strong>!<br></div><div class="battle-history"><small>The opposing Whimsicott switched items with its target!</small><br></div><div class="battle-history"><small>Shedinja obtained one Choice Specs.</small><br></div><div class="battle-history"><small>The opposing Whimsicott obtained one Focus Sash.</small><br></div><div class="spacer battle-history"><br></div><div class="battle-history">Shedinja used <strong>Will-O-Wisp</strong>!<br></div><div class="battle-history"><small>The opposing Whimsicott was burned!</small><br></div><div class="spacer battle-history"><br></div><div class="battle-history"><small>The opposing Whimsicott was hurt by its burn!</small><br></div><div class="spacer battle-history"><br></div><h2 class="battle-history">Turn 9</h2><div class="spacer battle-history"><br></div><div class="battle-history">Shedinja, come back!<br></div><div class="battle-history">Go! <strong>Crobat</strong>!<br></div><div class="spacer battle-history"><br></div><div class="battle-history">The opposing Whimsicott used <strong>Moonblast</strong>!<br></div><div class="battle-history"><small>It's not very effective...</small><br></div><div class="battle-history"><small>(Crobat lost <abbr title="−72/311">23.2%</abbr> of its health!)</small><br></div><div class="battle-history"><small>Crobat's Special Attack fell!</small><br></div><div class="spacer battle-history"><br></div><div class="battle-history"><small>The opposing Whimsicott was hurt by its burn!</small><br></div><div class="spacer battle-history"><br></div><h2 class="battle-history">Turn 10</h2><div class="spacer battle-history"><br></div><div class="battle-history"><small>(The opposing Whimsicott is being withdrawn...)</small><br></div><div class="spacer battle-history"><br></div><div class="battle-history">Crobat used <strong>Pursuit</strong>!<br></div><div class="battle-history"><small>It's not very effective...</small><br></div><div class="battle-history"><small>(The opposing Whimsicott lost <abbr title="−41/262">15.6%</abbr> of its health!)</small><br></div><div class="spacer battle-history"><br></div><div class="battle-history">Hugobou withdrew Whimsicott!<br></div><div class="battle-history">Hugobou sent out <strong>Jolteon</strong>!<br></div><div class="spacer battle-history"><br></div><div class="battle-history"><small>The opposing Jolteon was hurt by poison!</small><br></div><div class="spacer battle-history"><br></div><h2 class="battle-history">Turn 11</h2><div class="spacer battle-history"><br></div><div class="battle-history">Crobat, come back!<br></div><div class="battle-history">Go! <strong>Lanturn</strong>!<br></div><div class="spacer battle-history"><br></div><div class="battle-history">The opposing Jolteon used <strong>Hidden Power</strong>!<br></div><div class="battle-history"><small>It's not very effective...</small><br></div><div class="battle-history"><small>(Lanturn lost <abbr title="−35/407">8.6%</abbr> of its health!)</small><br></div><div class="spacer battle-history"><br></div><div class="battle-history"><small>The opposing Jolteon was hurt by poison!</small><br></div><div class="spacer battle-history"><br></div><h2 class="battle-history">Turn 12</h2><div class="spacer battle-history"><br></div><div class="battle-history">Hugobou withdrew Jolteon!<br></div><div class="battle-history">Hugobou sent out <strong>Whimsicott</strong>!<br></div><div class="spacer battle-history"><br></div><div class="battle-history">Lanturn used <strong>Scald</strong>!<br></div><div class="battle-history"><small>It's not very effective...</small><br></div><div class="battle-history"><small>(The opposing Whimsicott lost <abbr title="−72/262">27.5%</abbr> of its health!)</small><br></div><div class="spacer battle-history"><br></div><div class="battle-history"><small>The opposing Whimsicott was hurt by its burn!</small><br></div><div class="spacer battle-history"><br></div><h2 class="battle-history">Turn 13</h2><div class="spacer battle-history"><br></div><div class="battle-history">Lanturn, come back!<br></div><div class="battle-history">Go! <strong>Shedinja</strong>!<br></div><div class="spacer battle-history"><br></div><div class="battle-history">The opposing Whimsicott used <strong>Switcheroo</strong>!<br></div><div class="battle-history"><small>The opposing Whimsicott switched items with its target!</small><br></div><div class="battle-history"><small>Shedinja obtained one Focus Sash.</small><br></div><div class="battle-history"><small>The opposing Whimsicott obtained one Choice Specs.</small><br></div><div class="spacer battle-history"><br></div><div class="battle-history"><small>The opposing Whimsicott was hurt by its burn!</small><br></div><div class="spacer battle-history"><br></div><h2 class="battle-history">Turn 14</h2><div class="spacer battle-history"><br></div><div class="battle-history">The opposing Whimsicott used <strong>Switcheroo</strong>!<br></div><div class="battle-history"><small>The opposing Whimsicott switched items with its target!</small><br></div><div class="battle-history"><small>Shedinja obtained one Choice Specs.</small><br></div><div class="battle-history"><small>The opposing Whimsicott obtained one Focus Sash.</small><br></div><div class="spacer battle-history"><br></div><div class="battle-history">Shedinja used <strong>Shadow Ball</strong>!<br></div><div class="battle-history"><small>(The opposing Whimsicott lost <abbr title="−21/262">8.0%</abbr> of its health!)</small><br></div><div class="spacer battle-history"><br></div><div class="battle-history">The opposing Whimsicott fainted!<br></div><div class="spacer battle-history"><br></div><div class="battle-history">Hugobou sent out <strong>Cinccino</strong>!<br></div><div class="spacer battle-history"><br></div><h2 class="battle-history">Turn 15</h2><div class="spacer battle-history"><br></div><div class="battle-history">Shedinja, come back!<br></div><div class="battle-history">Go! <strong>Klefki</strong>!<br></div><div class="spacer battle-history"><br></div><div class="battle-history">The opposing Cinccino used <strong>Tail Slap</strong>!<br></div><div class="battle-history"><small>It's not very effective...</small><br></div><div class="battle-history"><small>(Klefki lost <abbr title="−35/318">11.0%</abbr> of its health!)</small><br></div><div class="battle-history"><small>It's not very effective...</small><br></div><div class="battle-history"><small>(Klefki lost <abbr title="−32/318">10.1%</abbr> of its health!)</small><br></div><div class="battle-history"><small>It's not very effective...</small><br></div><div class="battle-history"><small>(Klefki lost <abbr title="−29/318">9.1%</abbr> of its health!)</small><br></div><div class="battle-history"><small>It's not very effective...</small><br></div><div class="battle-history"><small>(Klefki lost <abbr title="−32/318">10.1%</abbr> of its health!)</small><br></div><div class="battle-history"><small>It's not very effective...</small><br></div><div class="battle-history"><small>(Klefki lost <abbr title="−34/318">10.7%</abbr> of its health!)</small><br></div><div class="battle-history"><small>Hit 5 times!</small><br></div><div class="spacer battle-history"><br></div><h2 class="battle-history">Turn 16</h2><div class="spacer battle-history"><br></div><div class="battle-history">Hugobou withdrew Cinccino!<br></div><div class="battle-history">Hugobou sent out <strong>Jolteon</strong>!<br></div><div class="spacer battle-history"><br></div><div class="battle-history">Klefki used <strong>Toxic</strong>!<br></div><div class="battle-history"><small>But it failed!</small><br></div><div class="spacer battle-history"><br></div><div class="battle-history"><small>The opposing Jolteon was hurt by poison!</small><br></div><div class="spacer battle-history"><br></div><h2 class="battle-history">Turn 17</h2><div class="spacer battle-history"><br></div><div class="battle-history">Klefki used <strong>Heal Block</strong>!<br></div><div class="battle-history"><small>The opposing Jolteon was prevented from healing!</small><br></div><div class="spacer battle-history"><br></div><div class="battle-history">The opposing Jolteon used <strong>Shadow Ball</strong>!<br></div><div class="battle-history"><small>(Klefki lost <abbr title="−53/318">16.7%</abbr> of its health!)</small><br></div><div class="spacer battle-history"><br></div><div class="battle-history">Klefki fainted!<br></div><div class="spacer battle-history"><br></div><div class="battle-history"><small>The opposing Jolteon was hurt by poison!</small><br></div><div class="spacer battle-history"><br></div><div class="battle-history">Go! <strong>Crobat</strong>!<br></div><div class="spacer battle-history"><br></div><h2 class="battle-history">Turn 18</h2><div class="spacer battle-history"><br></div><div class="battle-history">The opposing Jolteon used <strong>Shadow Ball</strong>!<br></div><div class="battle-history"><small>(Crobat lost <abbr title="−145/311">46.6%</abbr> of its health!)</small><br></div><div class="spacer battle-history"><br></div><div class="battle-history">Crobat used <strong>Brave Bird</strong>!<br></div><div class="battle-history"><small>It's not very effective...</small><br></div><div class="battle-history"><small>(The opposing Jolteon lost <abbr title="−121/271">44.6%</abbr> of its health!)</small><br></div><div class="battle-history"><small>Crobat is damaged by the recoil!</small><br></div><div class="spacer battle-history"><br></div><div class="battle-history"><small>The opposing Jolteon was hurt by poison!</small><br></div><div class="spacer battle-history"><br></div><div class="battle-history">The opposing Jolteon fainted!<br></div><div class="spacer battle-history"><br></div><div class="battle-history">Hugobou sent out <strong>Feraligatr</strong>!<br></div><div class="spacer battle-history"><br></div><h2 class="battle-history">Turn 19</h2><div class="spacer battle-history"><br></div><div class="battle-history">Crobat used <strong>Toxic</strong>!<br></div><div class="battle-history"><small>The opposing Feraligatr was badly poisoned!</small><br></div><div class="spacer battle-history"><br></div><div class="battle-history">The opposing Feraligatr used <strong>Substitute</strong>!<br></div><div class="battle-history"><small>The opposing Feraligatr put in a substitute!</small><br></div><div class="battle-history"><small>(The opposing Feraligatr lost <abbr title="−78/312">25%</abbr> of its health!)</small><br></div><div class="spacer battle-history"><br></div><div class="battle-history"><small>The opposing Feraligatr was hurt by poison!</small><br></div><div class="spacer battle-history"><br></div><h2 class="battle-history">Turn 20</h2><div class="spacer battle-history"><br></div><div class="battle-history">Crobat used <strong>Brave Bird</strong>!<br></div><div class="battle-history"><small>(The opposing Feraligatr lost <abbr title="−153/312">49.0%</abbr> of its health!)</small><br></div><div class="battle-history"><small>Crobat is damaged by the recoil!</small><br></div><div class="spacer battle-history"><br></div><div class="battle-history">The opposing Feraligatr used <strong>Dragon Dance</strong>!<br></div><div class="battle-history"><small>The opposing Feraligatr's Attack rose!</small><br></div><div class="battle-history"><small>The opposing Feraligatr's Speed rose!</small><br></div><div class="spacer battle-history"><br></div><div class="battle-history"><small>The opposing Feraligatr was hurt by poison!</small><br></div><div class="spacer battle-history"><br></div><h2 class="battle-history">Turn 21</h2><div class="spacer battle-history"><br></div><div class="battle-history">Crobat used <strong>Pursuit</strong>!<br></div><div class="battle-history"><small>(The opposing Feraligatr lost <abbr title="−24/312">7.7%</abbr> of its health!)</small><br></div><div class="spacer battle-history"><br></div><div class="battle-history">The opposing Feraligatr fainted!<br></div><div class="spacer battle-history"><br></div><div class="battle-history">Hugobou sent out <strong>Beedrill</strong>!<br></div><div class="spacer battle-history"><br></div><h2 class="battle-history">Turn 22</h2><div class="spacer battle-history"><br></div><div class="battle-history">Hugobou withdrew Beedrill!<br></div><div class="battle-history">Hugobou sent out <strong>Hydreigon</strong>!<br></div><div class="spacer battle-history"><br></div><div class="battle-history">Crobat used <strong>Brave Bird</strong>!<br></div><div class="battle-history"><small>(The opposing Hydreigon lost <abbr title="−181/326">55.5%</abbr> of its health!)</small><br></div><div class="battle-history"><small>Crobat is damaged by the recoil!</small><br></div><div class="spacer battle-history"><br></div><div class="battle-history">Crobat fainted!<br></div><div class="spacer battle-history"><br></div><div class="battle-history">Go! <strong>Lanturn</strong>!<br></div><div class="spacer battle-history"><br></div><h2 class="battle-history">Turn 23</h2><div class="spacer battle-history"><br></div><div class="battle-history">The opposing Hydreigon used <strong>Roost</strong>!<br></div><div class="battle-history"><small>The opposing Hydreigon restored its HP.</small><br></div><div class="spacer battle-history"><br></div><div class="battle-history">Lanturn used <strong>Dazzling Gleam</strong>!<br></div><div class="battle-history"><small>It's super effective!</small><br></div><div class="battle-history"><small>(The opposing Hydreigon lost <abbr title="−308/326">94.5%</abbr> of its health!)</small><br></div><div class="spacer battle-history"><br></div><div class="battle-history">The opposing Hydreigon fainted!<br></div><div class="spacer battle-history"><br></div><div class="battle-history">Hugobou sent out <strong>Cinccino</strong>!<br></div><div class="spacer battle-history"><br></div><h2 class="battle-history">Turn 24</h2><div class="spacer battle-history"><br></div><div class="battle-history">Lanturn, come back!<br></div><div class="battle-history">Go! <strong>Shedinja</strong>!<br></div><div class="spacer battle-history"><br></div><div class="battle-history">The opposing Cinccino used <strong>Rock Blast</strong>!<br></div><div class="battle-history"><small>It's super effective!</small><br></div><div class="battle-history"><small>(Shedinja lost <abbr title="−1/1">100%</abbr> of its health!)</small><br></div><div class="battle-history"><small>Hit 1 time!</small><br></div><div class="spacer battle-history"><br></div><div class="battle-history">Shedinja fainted!<br></div><div class="spacer battle-history"><br></div><div class="battle-history">Go! <strong>Mandibuzz</strong>!<br></div><div class="spacer battle-history"><br></div><h2 class="battle-history">Turn 25</h2><div class="spacer battle-history"><br></div><div class="battle-history">Hugobou withdrew Cinccino!<br></div><div class="battle-history">Hugobou sent out <strong>Beedrill</strong>!<br></div><div class="spacer battle-history"><br></div><div class="battle-history">Mandibuzz used <strong>Toxic</strong>!<br></div><div class="battle-history"><small>It doesn't affect the opposing Beedrill...</small><br></div><div class="spacer battle-history"><br></div><h2 class="battle-history">Turn 26</h2><div class="spacer battle-history"><br></div><div class="battle-history"><small>The opposing Beedrill's Beedrillite is reacting to Hugobou's Mega Bracelet!</small><br>The opposing Beedrill has Mega Evolved into Mega Beedrill!<br></div><div class="spacer battle-history"><br></div><div class="battle-history">The opposing Beedrill used <strong>U-turn</strong>!<br></div><div class="battle-history"><small>(Mandibuzz lost <abbr title="−182/424">42.9%</abbr> of its health!)</small><br></div><div class="battle-history"><small>[Mandibuzz's Weak Armor]</small><br></div><div class="battle-history"><small>Mandibuzz's Defense fell!</small><br></div><div class="battle-history"><small>Mandibuzz's Speed rose!</small><br></div><div class="spacer battle-history"><br></div><div class="battle-history">The opposing Beedrill went back to Hugobou!<br></div><div class="battle-history">Hugobou sent out <strong>Cinccino</strong>!<br></div><div class="spacer battle-history"><br></div><div class="battle-history">Mandibuzz used <strong>Air Slash</strong>!<br></div><div class="battle-history"><small>(The opposing Cinccino lost <abbr title="−97/292">33.2%</abbr> of its health!)</small><br></div><div class="spacer battle-history"><br></div><div class="battle-history"><small>Mandibuzz restored a little HP using its Leftovers!</small><br></div><div class="spacer battle-history"><br></div><h2 class="battle-history">Turn 27</h2><div class="spacer battle-history"><br></div><div class="battle-history">The opposing Cinccino used <strong>Rock Blast</strong>!<br></div><div class="battle-history"><small>It's super effective!</small><br></div><div class="battle-history"><small>(Mandibuzz lost <abbr title="−108/424">25.5%</abbr> of its health!)</small><br></div><div class="battle-history"><small>[Mandibuzz's Weak Armor]</small><br></div><div class="battle-history"><small>Mandibuzz's Defense fell!</small><br></div><div class="battle-history"><small>Mandibuzz's Speed rose!</small><br></div><div class="battle-history"><small>It's super effective!</small><br></div><div class="battle-history"><small>(Mandibuzz lost <abbr title="−140/424">33.0%</abbr> of its health!)</small><br></div><div class="battle-history"><small>[Mandibuzz's Weak Armor]</small><br></div><div class="battle-history"><small>Mandibuzz's Defense fell!</small><br></div><div class="battle-history"><small>Mandibuzz's Speed rose!</small><br></div><div class="battle-history"><small>It's super effective!</small><br></div><div class="battle-history"><small>(Mandibuzz lost <abbr title="−20/424">4.7%</abbr> of its health!)</small><br></div><div class="battle-history"><small>Hit 3 times!</small><br></div><div class="spacer battle-history"><br></div><div class="battle-history">Mandibuzz fainted!<br></div><div class="spacer battle-history"><br></div><div class="battle-history">Go! <strong>Lanturn</strong>!<br></div><div class="spacer battle-history"><br></div><h2 class="battle-history">Turn 28</h2><div class="spacer battle-history"><br></div><div class="battle-history">Hugobou withdrew Cinccino!<br></div><div class="battle-history">Hugobou sent out Beedrill (<strong>Beedrill-Mega</strong>)!<br></div><div class="spacer battle-history"><br></div><div class="battle-history">Lanturn used <strong>Scald</strong>!<br></div><div class="battle-history"><small>(The opposing Beedrill lost <abbr title="−121/272">44.5%</abbr> of its health!)</small><br></div><div class="spacer battle-history"><br></div><h2 class="battle-history">Turn 29</h2><div class="spacer battle-history"><br></div><div class="battle-history">The opposing Beedrill used <strong>Drill Run</strong>!<br></div><div class="battle-history"><small>It's super effective!</small><br></div><div class="battle-history"><small>(Lanturn lost <abbr title="−330/407">81.1%</abbr> of its health!)</small><br></div><div class="spacer battle-history"><br></div><div class="battle-history">Lanturn used <strong>Ice Beam</strong>!<br></div><div class="battle-history"><small>(The opposing Beedrill lost <abbr title="−97/272">35.7%</abbr> of its health!)</small><br></div><div class="spacer battle-history"><br></div><h2 class="battle-history">Turn 30</h2><div class="spacer battle-history"><br></div><div class="battle-history">The opposing Beedrill used <strong>Drill Run</strong>!<br></div><div class="battle-history"><small>It's super effective!</small><br></div><div class="battle-history"><small>(Lanturn lost <abbr title="−42/407">10.3%</abbr> of its health!)</small><br></div><div class="spacer battle-history"><br></div><div class="battle-history">Lanturn fainted!<br></div><div class="spacer battle-history"><br></div><div class="battle-history">Go! <strong>Absol</strong>!<br></div><div class="battle-history"><small>[Absol's Pressure]</small><br><small>Absol is exerting its pressure!</small><br></div><div class="spacer battle-history"><br></div><h2 class="battle-history">Turn 31</h2><div class="spacer battle-history"><br></div><div class="battle-history"><small>Absol's Absolite is reacting to jhsdoaklfd's Mega Bracelet!</small><br>Absol has Mega Evolved into Mega Absol!<br></div><div class="spacer battle-history"><br></div><div class="battle-history">The opposing Beedrill used <strong>U-turn</strong>!<br></div><div class="battle-history"><small>It's super effective!</small><br></div><div class="battle-history"><small>(Absol lost <abbr title="−271/271">100%</abbr> of its health!)</small><br></div><div class="spacer battle-history"><br></div><div class="battle-history">Absol fainted!<br></div><div class="spacer battle-history"><br></div><div class="battle-history"><strong>Hugobou</strong> won the battle!<br></div><div class="chat"><small>jhsdoaklfd left.</small></div><div class="chat">jhsdoaklfd's rating: 1040 → <strong>1030</strong><br>(-10 for losing)</div><div class="chat">Hugobou's rating: 1172 → <strong>1188</strong><br>(+16 for winning)</div></div><div class="inner-preempt"></div></div></div>
</div>
<script>
let daily = Math.floor(Date.now()/1000/60/60/24);document.write('<script src="https://play.pokemonshowdown.com/js/replay-embed.js?version'+daily+'"></'+'script>');
</script>
