<!DOCTYPE html>
<meta charset="utf-8" />
<!-- version 1 -->
<title>UU replay: 10blast vs. stellar blast</title>
<style>
html,body {font-family:Verdana, sans-serif;font-size:10pt;margin:0;padding:0;}body{padding:12px 0;} .battle-log {font-family:Verdana, sans-serif;font-size:10pt;} .battle-log-inline {border:1px solid #AAAAAA;background:#EEF2F5;color:black;max-width:640px;margin:0 auto 80px;padding-bottom:5px;} .battle-log .inner {padding:4px 8px 0px 8px;} .battle-log .inner-preempt {padding:0 8px 4px 8px;} .battle-log .inner-after {margin-top:0.5em;} .battle-log h2 {margin:0.5em -8px;padding:4px 8px;border:1px solid #AAAAAA;background:#E0E7EA;border-left:0;border-right:0;font-family:Verdana, sans-serif;font-size:13pt;} .battle-log .chat {vertical-align:middle;padding:3px 0 3px 0;font-size:8pt;} .battle-log .chat strong {color:#40576A;} .battle-log .chat em {padding:1px 4px 1px 3px;color:#000000;font-style:normal;} .chat.mine {background:rgba(0,0,0,0.05);margin-left:-8px;margin-right:-8px;padding-left:8px;padding-right:8px;} .spoiler {color:#BBBBBB;background:#BBBBBB;padding:0px 3px;} .spoiler:hover, .spoiler:active, .spoiler-shown {color:#000000;background:#E2E2E2;padding:0px 3px;} .spoiler a {color:#BBBBBB;} .spoiler:hover a, .spoiler:active a, .spoiler-shown a {color:#2288CC;} .chat code, .chat .spoiler:hover code, .chat .spoiler:active code, .chat .spoiler-shown code {border:1px solid #C0C0C0;background:#EEEEEE;color:black;padding:0 2px;} .chat .spoiler code {border:1px solid #CCCCCC;background:#CCCCCC;color:#CCCCCC;} .battle-log .rated {padding:3px 4px;} .battle-log .rated strong {color:white;background:#89A;padding:1px 4px;border-radius:4px;} .spacer {margin-top:0.5em;} .message-announce {background:#6688AA;color:white;padding:1px 4px 2px;} .message-announce a, .broadcast-green a, .broadcast-blue a, .broadcast-red a {color:#DDEEFF;} .broadcast-green {background-color:#559955;color:white;padding:2px 4px;} .broadcast-blue {background-color:#6688AA;color:white;padding:2px 4px;} .infobox {border:1px solid #6688AA;padding:2px 4px;} .infobox-limited {max-height:200px;overflow:auto;overflow-x:hidden;} .broadcast-red {background-color:#AA5544;color:white;padding:2px 4px;} .message-learn-canlearn {font-weight:bold;color:#228822;text-decoration:underline;} .message-learn-cannotlearn {font-weight:bold;color:#CC2222;text-decoration:underline;} .message-effect-weak {font-weight:bold;color:#CC2222;} .message-effect-resist {font-weight:bold;color:#6688AA;} .message-effect-immune {font-weight:bold;color:#666666;} .message-learn-list {margin-top:0;margin-bottom:0;} .message-throttle-notice, .message-error {color:#992222;} .message-overflow, .chat small.message-overflow {font-size:0pt;} .message-overflow::before {font-size:9pt;content:'...';} .subtle {color:#3A4A66;}
</style>
<div class="wrapper replay-wrapper" style="max-width:1180px;margin:0 auto">
<input type="hidden" name="replayid" value="uu-539023554" />
<div class="battle"></div><div class="battle-log"></div><div class="replay-controls"></div><div class="replay-controls-2"></div>
<h1 style="font-weight:normal;text-align:center"><strong>UU</strong><br /><a href="http://pokemonshowdown.com/users/10blast" class="subtle" target="_blank">10blast</a> vs. <a href="http://pokemonshowdown.com/users/stellarblast" class="subtle" target="_blank">stellar blast</a></h1>
<script type="text/plain" class="battle-log-data">|j|10blast
|j|stellar blast
|player|p1|10blast|68
|player|p2|stellar blast|265
|gametype|singles
|gen|6
|tier|UU
|rated
|seed|18891,43324,17390,57277
|rule|Sleep Clause Mod: Limit one foe put to sleep
|rule|Species Clause: Limit one of each Pokémon
|rule|OHKO Clause: OHKO moves are banned
|rule|Moody Clause: Moody is banned
|rule|Evasion Moves Clause: Evasion moves are banned
|rule|Endless Battle Clause: Forcing endless battles is banned
|rule|HP Percentage Mod: HP is shown in percentages
|clearpoke
|poke|p1|Gallade, M|item
|poke|p1|Yanmega, M, shiny|item
|poke|p1|Froslass, F, shiny|item
|poke|p1|Donphan, F, shiny|item
|poke|p1|Florges-White, F, shiny|item
|poke|p1|Ambipom, F, shiny|item
|poke|p2|Blastoise, F|item
|poke|p2|Registeel|item
|poke|p2|Florges, F|item
|poke|p2|Celebi|item
|poke|p2|Haxorus, F|item
|poke|p2|Darmanitan, F|item
|rule|Swagger Clause: Swagger is banned
|rule|Baton Pass Clause: Limit one Baton Passer, can't pass Spe and other stats simultaneously
|teampreview
|choice|team 6, team 2, team 3, team 4, team 5, team 1|team 1, team 2, team 3, team 4, team 5, team 6
|
|start
|switch|p1a: Harambæ|Ambipom, F, shiny|292\/292
|switch|p2a: Blastoise|Blastoise, F|317\/317
|turn|1
|choice|move fakeout|move scald mega
|
|detailschange|p2a: Blastoise|Blastoise-Mega, F
|-mega|p2a: Blastoise|Blastoise|Blastoisinite
|move|p1a: Harambæ|Fake Out|p2a: Blastoise
|-damage|p2a: Blastoise|251\/317
|cant|p2a: Blastoise|flinch
|
|upkeep
|turn|2
|choice|move uturn|switch 2
|
|switch|p2a: Registeel|Registeel|364\/364
|move|p1a: Harambæ|U-turn|p2a: Registeel
|-resisted|p2a: Registeel
|-damage|p2a: Registeel|342\/364
|choice|switch 4|
|
|switch|p1a: Daphnee|Donphan, F, shiny|384\/384
|
|-heal|p2a: Registeel|364\/364|[from] item: Leftovers
|upkeep
|turn|3
|choice|move knockoff|switch 2
|
|switch|p2a: Blastoise|Blastoise-Mega, F|251\/317
|move|p1a: Daphnee|Knock Off|p2a: Blastoise
|-damage|p2a: Blastoise|213\/317
|
|upkeep
|turn|4
|choice|switch 6|move scald
|
|switch|p1a: Goku|Gallade, M|278\/278
|move|p2a: Blastoise|Scald|p1a: Goku
|-damage|p1a: Goku|214\/278
|
|upkeep
|turn|5
|choice|move leafblade|move scald
|
|move|p2a: Blastoise|Scald|p1a: Goku
|-damage|p1a: Goku|154\/278
|move|p1a: Goku|Leaf Blade|p2a: Blastoise
|-supereffective|p2a: Blastoise
|-damage|p2a: Blastoise|57\/317
|
|upkeep
|turn|6
|choice|move leafblade|switch 6
|
|switch|p2a: Darmanitan|Darmanitan, F|351\/351
|move|p1a: Goku|Leaf Blade|p2a: Darmanitan
|-resisted|p2a: Darmanitan
|-damage|p2a: Darmanitan|258\/351
|
|upkeep
|turn|7
|choice|switch 6|move flareblitz
|
|switch|p1a: Daphnee|Donphan, F, shiny|384\/384
|move|p2a: Darmanitan|Flare Blitz|p1a: Daphnee
|-damage|p1a: Daphnee|186\/384
|-damage|p2a: Darmanitan|193\/351|[from] recoil|[of] p1a: Daphnee
|
|-heal|p1a: Daphnee|210\/384|[from] item: Leftovers
|upkeep
|turn|8
|choice|move earthquake|switch 6
|
|switch|p2a: Blastoise|Blastoise-Mega, F|57\/317
|move|p1a: Daphnee|Earthquake|p2a: Blastoise
|-damage|p2a: Blastoise|0 fnt
|faint|p2a: Blastoise
|
|-heal|p1a: Daphnee|234\/384|[from] item: Leftovers
|upkeep
|choice||switch 4
|
|switch|p2a: Celebi|Celebi|341\/341
|turn|9
|choice|switch 2|switch 3
|
|switch|p2a: Florges|Florges, F|359\/359
|switch|p1a: Yamnigga|Yanmega, M, shiny|313\/313
|
|upkeep
|turn|10
|choice|switch 5|move toxic
|
|switch|p1a: Dat Good Good|Florges-White, F, shiny|360\/360
|move|p2a: Florges|Toxic|p1a: Dat Good Good|[miss]
|-miss|p2a: Florges|p1a: Dat Good Good
|
|upkeep
|turn|11
|choice|move calmmind|move toxic
|
|move|p2a: Florges|Toxic|p1a: Dat Good Good
|-status|p1a: Dat Good Good|tox
|move|p1a: Dat Good Good|Calm Mind|p1a: Dat Good Good
|-boost|p1a: Dat Good Good|spa|1
|-boost|p1a: Dat Good Good|spd|1
|
|-damage|p1a: Dat Good Good|338\/360 tox|[from] psn
|upkeep
|turn|12
|choice|move calmmind|switch 2
|
|switch|p2a: Registeel|Registeel|364\/364
|move|p1a: Dat Good Good|Calm Mind|p1a: Dat Good Good
|-boost|p1a: Dat Good Good|spa|1
|-boost|p1a: Dat Good Good|spd|1
|
|-heal|p1a: Dat Good Good|360\/360 tox|[from] item: Leftovers
|-damage|p1a: Dat Good Good|316\/360 tox|[from] psn
|upkeep
|turn|13
|choice|switch 2|move ironhead
|
|switch|p1a: Daphnee|Donphan, F, shiny|234\/384
|move|p2a: Registeel|Iron Head|p1a: Daphnee
|-damage|p1a: Daphnee|183\/384
|
|-heal|p1a: Daphnee|207\/384|[from] item: Leftovers
|upkeep
|turn|14
|choice|move knockoff|switch 2
|
|switch|p2a: Florges|Florges, F|359\/359
|move|p1a: Daphnee|Knock Off|p2a: Florges
|-resisted|p2a: Florges
|-damage|p2a: Florges|293\/359
|-enditem|p2a: Florges|Leftovers|[from] move: Knock Off|[of] p1a: Daphnee
|
|-heal|p1a: Daphnee|231\/384|[from] item: Leftovers
|upkeep
|turn|15
|choice|switch 2|move moonblast
|
|switch|p1a: Dat Good Good|Florges-White, F, shiny|316\/360 tox
|move|p2a: Florges|Moonblast|p1a: Dat Good Good
|-damage|p1a: Dat Good Good|229\/360 tox
|-unboost|p1a: Dat Good Good|spa|1
|
|-heal|p1a: Dat Good Good|251\/360 tox|[from] item: Leftovers
|-damage|p1a: Dat Good Good|229\/360 tox|[from] psn
|upkeep
|turn|16
|choice|move wish|move wish
|
|move|p2a: Florges|Wish|p2a: Florges
|move|p1a: Dat Good Good|Wish|p1a: Dat Good Good
|
|-heal|p1a: Dat Good Good|251\/360 tox|[from] item: Leftovers
|-damage|p1a: Dat Good Good|207\/360 tox|[from] psn
|upkeep
|turn|17
|choice|move aromatherapy|switch 3
|
|switch|p2a: Celebi|Celebi|341\/341
|move|p1a: Dat Good Good|Aromatherapy|p1a: Dat Good Good
|-activate|p1a: Dat Good Good|move: Aromatherapy
|-curestatus|p1a: Dat Good Good|tox|[msg]
|
|-heal|p1a: Dat Good Good|360\/360|[from] move: Wish|[wisher] Dat Good Good
|upkeep
|turn|18
|choice|move calmmind|switch 3
|
|switch|p2a: Florges|Florges, F|293\/359
|move|p1a: Dat Good Good|Calm Mind|p1a: Dat Good Good
|-boost|p1a: Dat Good Good|spa|1
|-boost|p1a: Dat Good Good|spd|1
|
|upkeep
|turn|19
|choice|switch 3|move moonblast
|
|switch|p1a: Keiko|Froslass, F, shiny|282\/282
|move|p2a: Florges|Moonblast|p1a: Keiko
|-damage|p1a: Keiko|120\/282
|
|upkeep
|turn|20
|choice|move destinybond|move moonblast
|
|move|p1a: Keiko|Destiny Bond|p1a: Keiko
|-singlemove|p1a: Keiko|Destiny Bond
|move|p2a: Florges|Moonblast|p1a: Keiko
|-damage|p1a: Keiko|0 fnt
|faint|p1a: Keiko
|-activate|p1a: Keiko|move: Destiny Bond
|faint|p2a: Florges
|
|upkeep
|choice|switch 4|switch 5
|
|switch|p1a: Harambæ|Ambipom, F, shiny|292\/292
|switch|p2a: Haxorus|Haxorus, F|293\/293
|turn|21
|choice|move fakeout|switch 2
|
|switch|p2a: Registeel|Registeel|364\/364
|move|p1a: Harambæ|Fake Out|p2a: Registeel
|-resisted|p2a: Registeel
|-damage|p2a: Registeel|331\/364
|
|-heal|p2a: Registeel|353\/364|[from] item: Leftovers
|upkeep
|turn|22
|choice|move uturn|move stealthrock
|
|move|p1a: Harambæ|U-turn|p2a: Registeel
|-resisted|p2a: Registeel
|-damage|p2a: Registeel|331\/364
|choice|switch 2|
|
|switch|p1a: Daphnee|Donphan, F, shiny|231\/384
|move|p2a: Registeel|Stealth Rock|p1a: Daphnee
|-sidestart|p1: 10blast|move: Stealth Rock
|
|-heal|p2a: Registeel|353\/364|[from] item: Leftovers
|-heal|p1a: Daphnee|255\/384|[from] item: Leftovers
|upkeep
|turn|23
|choice|move stealthrock|switch 3
|
|switch|p2a: Celebi|Celebi|341\/341
|move|p1a: Daphnee|Stealth Rock|p2a: Celebi
|-sidestart|p2: stellar blast|move: Stealth Rock
|
|-heal|p1a: Daphnee|279\/384|[from] item: Leftovers
|upkeep
|turn|24
|choice|move rapidspin|move calmmind
|
|move|p2a: Celebi|Calm Mind|p2a: Celebi
|-boost|p2a: Celebi|spa|1
|-boost|p2a: Celebi|spd|1
|move|p1a: Daphnee|Rapid Spin|p2a: Celebi
|-crit|p2a: Celebi
|-damage|p2a: Celebi|312\/341
|-sideend|p1: 10blast|Stealth Rock|[from] move: Rapid Spin|[of] p1a: Daphnee
|
|-heal|p1a: Daphnee|303\/384|[from] item: Leftovers
|upkeep
|turn|25
|choice|switch 3|move leafstorm
|
|switch|p1a: Dat Good Good|Florges-White, F, shiny|360\/360
|move|p2a: Celebi|Leaf Storm|p1a: Dat Good Good
|-damage|p1a: Dat Good Good|62\/360
|-unboost|p2a: Celebi|spa|2
|-damage|p2a: Celebi|278\/341|[from] item: Life Orb
|
|-heal|p1a: Dat Good Good|84\/360|[from] item: Leftovers
|upkeep
|turn|26
|choice|move wish|move leafstorm
|
|move|p2a: Celebi|Leaf Storm|p1a: Dat Good Good
|-damage|p1a: Dat Good Good|0 fnt
|-unboost|p2a: Celebi|spa|2
|-damage|p2a: Celebi|244\/341|[from] item: Life Orb
|faint|p1a: Dat Good Good
|
|upkeep
|choice|switch 2|
|
|switch|p1a: Harambæ|Ambipom, F, shiny|292\/292
|turn|27
|choice|move fakeout|switch 3
|
|switch|p2a: Registeel|Registeel|353\/364
|-damage|p2a: Registeel|331\/364|[from] Stealth Rock
|move|p1a: Harambæ|Fake Out|p2a: Registeel
|-resisted|p2a: Registeel
|-damage|p2a: Registeel|293\/364
|
|-heal|p2a: Registeel|315\/364|[from] item: Leftovers
|upkeep
|turn|28
|choice|move uturn|switch 2
|
|switch|p2a: Haxorus|Haxorus, F|293\/293
|-damage|p2a: Haxorus|257\/293|[from] Stealth Rock
|move|p1a: Harambæ|U-turn|p2a: Haxorus
|-damage|p2a: Haxorus|175\/293
|choice|switch 3|
|
|switch|p1a: Daphnee|Donphan, F, shiny|303\/384
|
|-heal|p1a: Daphnee|327\/384|[from] item: Leftovers
|upkeep
|turn|29
|choice|move earthquake|move dragondance
|
|move|p2a: Haxorus|Dragon Dance|p2a: Haxorus
|-boost|p2a: Haxorus|atk|1
|-boost|p2a: Haxorus|spe|1
|move|p1a: Daphnee|Earthquake|p2a: Haxorus
|-damage|p2a: Haxorus|25\/293
|
|-heal|p1a: Daphnee|351\/384|[from] item: Leftovers
|upkeep
|turn|30
|choice|move knockoff|move dragonclaw
|
|move|p2a: Haxorus|Dragon Claw|p1a: Daphnee
|-damage|p1a: Daphnee|153\/384
|move|p1a: Daphnee|Knock Off|p2a: Haxorus
|-damage|p2a: Haxorus|0 fnt
|-enditem|p2a: Haxorus|Focus Sash|[from] move: Knock Off|[of] p1a: Daphnee
|faint|p2a: Haxorus
|
|-heal|p1a: Daphnee|177\/384|[from] item: Leftovers
|upkeep
|choice||switch 3
|
|switch|p2a: Celebi|Celebi|244\/341
|-damage|p2a: Celebi|202\/341|[from] Stealth Rock
|turn|31
|choice|switch 5|switch 2
|
|switch|p2a: Registeel|Registeel|315\/364
|-damage|p2a: Registeel|293\/364|[from] Stealth Rock
|switch|p1a: Yamnigga|Yanmega, M, shiny|313\/313
|
|-heal|p2a: Registeel|315\/364|[from] item: Leftovers
|upkeep
|turn|32
|choice|move bugbuzz|move stealthrock
|
|move|p1a: Yamnigga|Bug Buzz|p2a: Registeel
|-resisted|p2a: Registeel
|-damage|p2a: Registeel|237\/364
|move|p2a: Registeel|Stealth Rock|p1a: Yamnigga
|-sidestart|p1: 10blast|move: Stealth Rock
|
|-heal|p2a: Registeel|259\/364|[from] item: Leftovers
|upkeep
|turn|33
|choice|move bugbuzz|move seismictoss
|
|move|p1a: Yamnigga|Bug Buzz|p2a: Registeel
|-resisted|p2a: Registeel
|-damage|p2a: Registeel|181\/364
|move|p2a: Registeel|Seismic Toss|p1a: Yamnigga
|-damage|p1a: Yamnigga|213\/313
|
|-heal|p2a: Registeel|203\/364|[from] item: Leftovers
|upkeep
|turn|34
|choice|move bugbuzz|move ironhead
|
|move|p1a: Yamnigga|Bug Buzz|p2a: Registeel
|-resisted|p2a: Registeel
|-damage|p2a: Registeel|127\/364
|move|p2a: Registeel|Iron Head|p1a: Yamnigga
|-damage|p1a: Yamnigga|131\/313
|
|-heal|p2a: Registeel|149\/364|[from] item: Leftovers
|upkeep
|turn|35
|-message|stellar blast forfeited.
|
|win|10blast
|player|p1
|player|p2
|l|stellar blast
|raw|10blast's rating: 1280 &rarr; <strong>1290<\/strong><br \/>(+10 for winning)
|raw|stellar blast's rating: 1040 &rarr; <strong>1034<\/strong><br \/>(-6 for losing)</script>
</div>
<div class="battle-log battle-log-inline"><div class="inner"><div class="battle-options"></div><div class="inner"><div class="chat"><small>10blast joined.</small></div><div class="chat"><small>stellar blast joined.</small></div><div class=""><small>Format:</small> <br><strong>UU</strong></div><div class="rated"><strong>Rated battle</strong></div><div class=""><small><em>Sleep Clause Mod:</em> Limit one foe put to sleep</small></div><div class=""><small><em>Species Clause:</em> Limit one of each Pokémon</small></div><div class=""><small><em>OHKO Clause:</em> OHKO moves are banned</small></div><div class=""><small><em>Moody Clause:</em> Moody is banned</small></div><div class=""><small><em>Evasion Moves Clause:</em> Evasion moves are banned</small></div><div class=""><small><em>Endless Battle Clause:</em> Forcing endless battles is banned</small></div><div class=""><small><em>HP Percentage Mod:</em> HP is shown in percentages</small></div><div class=""><small><em>Swagger Clause:</em> Swagger is banned</small></div><div class=""><small><em>Baton Pass Clause:</em> Limit one Baton Passer, can't pass Spe and other stats simultaneously</small></div><div class="chat battle-history"><strong>10blast's team:</strong> <em style="color:#445566;display:block;">Gallade / Yanmega / Froslass / Donphan / Florges-White / Ambipom</em></div><div class="chat battle-history"><strong>stellar blast's team:</strong> <em style="color:#445566;display:block;">Blastoise / Registeel / Florges / Celebi / Haxorus / Darmanitan</em></div><div class="spacer battle-history"><br></div><div class="battle-history">Battle started between 10blast and stellar blast!<br></div><div class="spacer battle-history"><br></div><div class="battle-history">Go! Harambæ (<strong>Ambipom</strong>)!<br></div><div class="spacer battle-history"><br></div><div class="battle-history">stellar blast sent out <strong>Blastoise</strong>!<br></div><div class="spacer battle-history"><br></div><h2 class="battle-history">Turn 1</h2><div class="spacer battle-history"><br></div><div class="battle-history"><small>The opposing Blastoise's Blastoisinite is reacting to stellar blast's Mega Bracelet!</small><br>The opposing Blastoise has Mega Evolved into Mega Blastoise!<br></div><div class="spacer battle-history"><br></div><div class="battle-history">Harambæ used <strong>Fake Out</strong>!<br></div><div class="battle-history"><small>(The opposing Blastoise lost <abbr title="−66/317">20.8%</abbr> of its health!)</small><br></div><div class="spacer battle-history"><br></div><div class="battle-history">The opposing Blastoise flinched and couldn't move!<br></div><div class="spacer battle-history"><br></div><h2 class="battle-history">Turn 2</h2><div class="spacer battle-history"><br></div><div class="battle-history">stellar blast withdrew Blastoise!<br></div><div class="battle-history">stellar blast sent out <strong>Registeel</strong>!<br></div><div class="spacer battle-history"><br></div><div class="battle-history">Harambæ used <strong>U-turn</strong>!<br></div><div class="battle-history"><small>It's not very effective...</small><br></div><div class="battle-history"><small>(The opposing Registeel lost <abbr title="−22/364">6.0%</abbr> of its health!)</small><br></div><div class="spacer battle-history"><br></div><div class="battle-history">Harambæ went back to 10blast!<br></div><div class="battle-history">Go! Daphnee (<strong>Donphan</strong>)!<br></div><div class="spacer battle-history"><br></div><div class="battle-history"><small>The opposing Registeel restored a little HP using its Leftovers!</small><br></div><div class="spacer battle-history"><br></div><h2 class="battle-history">Turn 3</h2><div class="spacer battle-history"><br></div><div class="battle-history">stellar blast withdrew Registeel!<br></div><div class="battle-history">stellar blast sent out Blastoise (<strong>Blastoise-Mega</strong>)!<br></div><div class="spacer battle-history"><br></div><div class="battle-history">Daphnee used <strong>Knock Off</strong>!<br></div><div class="battle-history"><small>(The opposing Blastoise lost <abbr title="−38/317">12.0%</abbr> of its health!)</small><br></div><div class="spacer battle-history"><br></div><h2 class="battle-history">Turn 4</h2><div class="spacer battle-history"><br></div><div class="battle-history">Daphnee, come back!<br></div><div class="battle-history">Go! Goku (<strong>Gallade</strong>)!<br></div><div class="spacer battle-history"><br></div><div class="battle-history">The opposing Blastoise used <strong>Scald</strong>!<br></div><div class="battle-history"><small>(Goku lost <abbr title="−64/278">23.0%</abbr> of its health!)</small><br></div><div class="spacer battle-history"><br></div><h2 class="battle-history">Turn 5</h2><div class="spacer battle-history"><br></div><div class="battle-history">The opposing Blastoise used <strong>Scald</strong>!<br></div><div class="battle-history"><small>(Goku lost <abbr title="−60/278">21.6%</abbr> of its health!)</small><br></div><div class="spacer battle-history"><br></div><div class="battle-history">Goku used <strong>Leaf Blade</strong>!<br></div><div class="battle-history"><small>It's super effective!</small><br></div><div class="battle-history"><small>(The opposing Blastoise lost <abbr title="−156/317">49.2%</abbr> of its health!)</small><br></div><div class="spacer battle-history"><br></div><h2 class="battle-history">Turn 6</h2><div class="spacer battle-history"><br></div><div class="battle-history">stellar blast withdrew Blastoise!<br></div><div class="battle-history">stellar blast sent out <strong>Darmanitan</strong>!<br></div><div class="spacer battle-history"><br></div><div class="battle-history">Goku used <strong>Leaf Blade</strong>!<br></div><div class="battle-history"><small>It's not very effective...</small><br></div><div class="battle-history"><small>(The opposing Darmanitan lost <abbr title="−93/351">26.5%</abbr> of its health!)</small><br></div><div class="spacer battle-history"><br></div><h2 class="battle-history">Turn 7</h2><div class="spacer battle-history"><br></div><div class="battle-history">Goku, come back!<br></div><div class="battle-history">Go! Daphnee (<strong>Donphan</strong>)!<br></div><div class="spacer battle-history"><br></div><div class="battle-history">The opposing Darmanitan used <strong>Flare Blitz</strong>!<br></div><div class="battle-history"><small>(Daphnee lost <abbr title="−198/384">51.6%</abbr> of its health!)</small><br></div><div class="battle-history"><small>The opposing Darmanitan is damaged by the recoil!</small><br></div><div class="spacer battle-history"><br></div><div class="battle-history"><small>Daphnee restored a little HP using its Leftovers!</small><br></div><div class="spacer battle-history"><br></div><h2 class="battle-history">Turn 8</h2><div class="spacer battle-history"><br></div><div class="battle-history">stellar blast withdrew Darmanitan!<br></div><div class="battle-history">stellar blast sent out Blastoise (<strong>Blastoise-Mega</strong>)!<br></div><div class="spacer battle-history"><br></div><div class="battle-history">Daphnee used <strong>Earthquake</strong>!<br></div><div class="battle-history"><small>(The opposing Blastoise lost <abbr title="−57/317">18.0%</abbr> of its health!)</small><br></div><div class="spacer battle-history"><br></div><div class="battle-history">The opposing Blastoise fainted!<br></div><div class="spacer battle-history"><br></div><div class="battle-history"><small>Daphnee restored a little HP using its Leftovers!</small><br></div><div class="spacer battle-history"><br></div><div class="battle-history">stellar blast sent out <strong>Celebi</strong>!<br></div><div class="spacer battle-history"><br></div><h2 class="battle-history">Turn 9</h2><div class="spacer battle-history"><br></div><div class="battle-history">stellar blast withdrew Celebi!<br></div><div class="battle-history">stellar blast sent out <strong>Florges</strong>!<br></div><div class="spacer battle-history"><br></div><div class="battle-history">Daphnee, come back!<br></div><div class="battle-history">Go! Yamnigga (<strong>Yanmega</strong>)!<br></div><div class="spacer battle-history"><br></div><h2 class="battle-history">Turn 10</h2><div class="spacer battle-history"><br></div><div class="battle-history">Yamnigga, come back!<br></div><div class="battle-history">Go! Dat Good Good (<strong>Florges-White</strong>)!<br></div><div class="spacer battle-history"><br></div><div class="battle-history">The opposing Florges used <strong>Toxic</strong>!<br></div><div class="battle-history"><small>Dat Good Good avoided the attack!</small><br></div><div class="spacer battle-history"><br></div><h2 class="battle-history">Turn 11</h2><div class="spacer battle-history"><br></div><div class="battle-history">The opposing Florges used <strong>Toxic</strong>!<br></div><div class="battle-history"><small>Dat Good Good was badly poisoned!</small><br></div><div class="spacer battle-history"><br></div><div class="battle-history">Dat Good Good used <strong>Calm Mind</strong>!<br></div><div class="battle-history"><small>Dat Good Good's Special Attack rose!</small><br></div><div class="battle-history"><small>Dat Good Good's Special Defense rose!</small><br></div><div class="spacer battle-history"><br></div><div class="battle-history"><small>Dat Good Good was hurt by poison!</small><br></div><div class="spacer battle-history"><br></div><h2 class="battle-history">Turn 12</h2><div class="spacer battle-history"><br></div><div class="battle-history">stellar blast withdrew Florges!<br></div><div class="battle-history">stellar blast sent out <strong>Registeel</strong>!<br></div><div class="spacer battle-history"><br></div><div class="battle-history">Dat Good Good used <strong>Calm Mind</strong>!<br></div><div class="battle-history"><small>Dat Good Good's Special Attack rose!</small><br></div><div class="battle-history"><small>Dat Good Good's Special Defense rose!</small><br></div><div class="spacer battle-history"><br></div><div class="battle-history"><small>Dat Good Good restored a little HP using its Leftovers!</small><br></div><div class="battle-history"><small>Dat Good Good was hurt by poison!</small><br></div><div class="spacer battle-history"><br></div><h2 class="battle-history">Turn 13</h2><div class="spacer battle-history"><br></div><div class="battle-history">Dat Good Good, come back!<br></div><div class="battle-history">Go! Daphnee (<strong>Donphan</strong>)!<br></div><div class="spacer battle-history"><br></div><div class="battle-history">The opposing Registeel used <strong>Iron Head</strong>!<br></div><div class="battle-history"><small>(Daphnee lost <abbr title="−51/384">13.3%</abbr> of its health!)</small><br></div><div class="spacer battle-history"><br></div><div class="battle-history"><small>Daphnee restored a little HP using its Leftovers!</small><br></div><div class="spacer battle-history"><br></div><h2 class="battle-history">Turn 14</h2><div class="spacer battle-history"><br></div><div class="battle-history">stellar blast withdrew Registeel!<br></div><div class="battle-history">stellar blast sent out <strong>Florges</strong>!<br></div><div class="spacer battle-history"><br></div><div class="battle-history">Daphnee used <strong>Knock Off</strong>!<br></div><div class="battle-history"><small>It's not very effective...</small><br></div><div class="battle-history"><small>(The opposing Florges lost <abbr title="−66/359">18.4%</abbr> of its health!)</small><br></div><div class="battle-history"><small>Daphnee knocked off the opposing Florges's Leftovers!</small><br></div><div class="spacer battle-history"><br></div><div class="battle-history"><small>Daphnee restored a little HP using its Leftovers!</small><br></div><div class="spacer battle-history"><br></div><h2 class="battle-history">Turn 15</h2><div class="spacer battle-history"><br></div><div class="battle-history">Daphnee, come back!<br></div><div class="battle-history">Go! Dat Good Good (<strong>Florges-White</strong>)!<br></div><div class="spacer battle-history"><br></div><div class="battle-history">The opposing Florges used <strong>Moonblast</strong>!<br></div><div class="battle-history"><small>(Dat Good Good lost <abbr title="−87/360">24.2%</abbr> of its health!)</small><br></div><div class="battle-history"><small>Dat Good Good's Special Attack fell!</small><br></div><div class="spacer battle-history"><br></div><div class="battle-history"><small>Dat Good Good restored a little HP using its Leftovers!</small><br></div><div class="battle-history"><small>Dat Good Good was hurt by poison!</small><br></div><div class="spacer battle-history"><br></div><h2 class="battle-history">Turn 16</h2><div class="spacer battle-history"><br></div><div class="battle-history">The opposing Florges used <strong>Wish</strong>!<br></div><div class="spacer battle-history"><br></div><div class="battle-history">Dat Good Good used <strong>Wish</strong>!<br></div><div class="spacer battle-history"><br></div><div class="battle-history"><small>Dat Good Good restored a little HP using its Leftovers!</small><br></div><div class="battle-history"><small>Dat Good Good was hurt by poison!</small><br></div><div class="spacer battle-history"><br></div><h2 class="battle-history">Turn 17</h2><div class="spacer battle-history"><br></div><div class="battle-history">stellar blast withdrew Florges!<br></div><div class="battle-history">stellar blast sent out <strong>Celebi</strong>!<br></div><div class="spacer battle-history"><br></div><div class="battle-history">Dat Good Good used <strong>Aromatherapy</strong>!<br></div><div class="battle-history"><small>A soothing aroma wafted through the area!</small><br></div><div class="battle-history"><small>Dat Good Good was cured of its poisoning.</small><br></div><div class="spacer battle-history"><br></div><div class="battle-history"><small>Dat Good Good's wish came true!</small><br></div><div class="spacer battle-history"><br></div><h2 class="battle-history">Turn 18</h2><div class="spacer battle-history"><br></div><div class="battle-history">stellar blast withdrew Celebi!<br></div><div class="battle-history">stellar blast sent out <strong>Florges</strong>!<br></div><div class="spacer battle-history"><br></div><div class="battle-history">Dat Good Good used <strong>Calm Mind</strong>!<br></div><div class="battle-history"><small>Dat Good Good's Special Attack rose!</small><br></div><div class="battle-history"><small>Dat Good Good's Special Defense rose!</small><br></div><div class="spacer battle-history"><br></div><h2 class="battle-history">Turn 19</h2><div class="spacer battle-history"><br></div><div class="battle-history">Dat Good Good, come back!<br></div><div class="battle-history">Go! Keiko (<strong>Froslass</strong>)!<br></div><div class="spacer battle-history"><br></div><div class="battle-history">The opposing Florges used <strong>Moonblast</strong>!<br></div><div class="battle-history"><small>(Keiko lost <abbr title="−162/282">57.4%</abbr> of its health!)</small><br></div><div class="spacer battle-history"><br></div><h2 class="battle-history">Turn 20</h2><div class="spacer battle-history"><br></div><div class="battle-history">Keiko used <strong>Destiny Bond</strong>!<br></div><div class="battle-history">Keiko is hoping to take its attacker down with it!<br></div><div class="spacer battle-history"><br></div><div class="battle-history">The opposing Florges used <strong>Moonblast</strong>!<br></div><div class="battle-history"><small>(Keiko lost <abbr title="−120/282">42.6%</abbr> of its health!)</small><br></div><div class="spacer battle-history"><br></div><div class="battle-history">Keiko fainted!<br></div><div class="battle-history"><small>Keiko took its attacker down with it!</small><br></div><div class="spacer battle-history"><br></div><div class="battle-history">The opposing Florges fainted!<br></div><div class="spacer battle-history"><br></div><div class="battle-history">Go! Harambæ (<strong>Ambipom</strong>)!<br></div><div class="spacer battle-history"><br></div><div class="battle-history">stellar blast sent out <strong>Haxorus</strong>!<br></div><div class="spacer battle-history"><br></div><h2 class="battle-history">Turn 21</h2><div class="spacer battle-history"><br></div><div class="battle-history">stellar blast withdrew Haxorus!<br></div><div class="battle-history">stellar blast sent out <strong>Registeel</strong>!<br></div><div class="spacer battle-history"><br></div><div class="battle-history">Harambæ used <strong>Fake Out</strong>!<br></div><div class="battle-history"><small>It's not very effective...</small><br></div><div class="battle-history"><small>(The opposing Registeel lost <abbr title="−33/364">9.1%</abbr> of its health!)</small><br></div><div class="spacer battle-history"><br></div><div class="battle-history"><small>The opposing Registeel restored a little HP using its Leftovers!</small><br></div><div class="spacer battle-history"><br></div><h2 class="battle-history">Turn 22</h2><div class="spacer battle-history"><br></div><div class="battle-history">Harambæ used <strong>U-turn</strong>!<br></div><div class="battle-history"><small>It's not very effective...</small><br></div><div class="battle-history"><small>(The opposing Registeel lost <abbr title="−22/364">6.0%</abbr> of its health!)</small><br></div><div class="spacer battle-history"><br></div><div class="battle-history">Harambæ went back to 10blast!<br></div><div class="battle-history">Go! Daphnee (<strong>Donphan</strong>)!<br></div><div class="spacer battle-history"><br></div><div class="battle-history">The opposing Registeel used <strong>Stealth Rock</strong>!<br></div><div class="battle-history"><small>Pointed stones float in the air around your team!</small><br></div><div class="spacer battle-history"><br></div><div class="battle-history"><small>The opposing Registeel restored a little HP using its Leftovers!</small><br></div><div class="battle-history"><small>Daphnee restored a little HP using its Leftovers!</small><br></div><div class="spacer battle-history"><br></div><h2 class="battle-history">Turn 23</h2><div class="spacer battle-history"><br></div><div class="battle-history">stellar blast withdrew Registeel!<br></div><div class="battle-history">stellar blast sent out <strong>Celebi</strong>!<br></div><div class="spacer battle-history"><br></div><div class="battle-history">Daphnee used <strong>Stealth Rock</strong>!<br></div><div class="battle-history"><small>Pointed stones float in the air around the opposing team!</small><br></div><div class="spacer battle-history"><br></div><div class="battle-history"><small>Daphnee restored a little HP using its Leftovers!</small><br></div><div class="spacer battle-history"><br></div><h2 class="battle-history">Turn 24</h2><div class="spacer battle-history"><br></div><div class="battle-history">The opposing Celebi used <strong>Calm Mind</strong>!<br></div><div class="battle-history"><small>The opposing Celebi's Special Attack rose!</small><br></div><div class="battle-history"><small>The opposing Celebi's Special Defense rose!</small><br></div><div class="spacer battle-history"><br></div><div class="battle-history">Daphnee used <strong>Rapid Spin</strong>!<br></div><div class="battle-history"><small>A critical hit!</small><br></div><div class="battle-history"><small>(The opposing Celebi lost <abbr title="−29/341">8.5%</abbr> of its health!)</small><br></div><div class="battle-history"><small>The pointed stones disappeared from around your team!</small><br></div><div class="spacer battle-history"><br></div><div class="battle-history"><small>Daphnee restored a little HP using its Leftovers!</small><br></div><div class="spacer battle-history"><br></div><h2 class="battle-history">Turn 25</h2><div class="spacer battle-history"><br></div><div class="battle-history">Daphnee, come back!<br></div><div class="battle-history">Go! Dat Good Good (<strong>Florges-White</strong>)!<br></div><div class="spacer battle-history"><br></div><div class="battle-history">The opposing Celebi used <strong>Leaf Storm</strong>!<br></div><div class="battle-history"><small>(Dat Good Good lost <abbr title="−298/360">82.8%</abbr> of its health!)</small><br></div><div class="battle-history"><small>The opposing Celebi's Special Attack fell harshly!</small><br></div><div class="battle-history"><small>The opposing Celebi lost some of its HP!</small><br></div><div class="spacer battle-history"><br></div><div class="battle-history"><small>Dat Good Good restored a little HP using its Leftovers!</small><br></div><div class="spacer battle-history"><br></div><h2 class="battle-history">Turn 26</h2><div class="spacer battle-history"><br></div><div class="battle-history">The opposing Celebi used <strong>Leaf Storm</strong>!<br></div><div class="battle-history"><small>(Dat Good Good lost <abbr title="−84/360">23.3%</abbr> of its health!)</small><br></div><div class="battle-history"><small>The opposing Celebi's Special Attack fell harshly!</small><br></div><div class="battle-history"><small>The opposing Celebi lost some of its HP!</small><br></div><div class="spacer battle-history"><br></div><div class="battle-history">Dat Good Good fainted!<br></div><div class="spacer battle-history"><br></div><div class="battle-history">Go! Harambæ (<strong>Ambipom</strong>)!<br></div><div class="spacer battle-history"><br></div><h2 class="battle-history">Turn 27</h2><div class="spacer battle-history"><br></div><div class="battle-history">stellar blast withdrew Celebi!<br></div><div class="battle-history">stellar blast sent out <strong>Registeel</strong>!<br></div><div class="battle-history"><small>Pointed stones dug into the opposing Registeel!</small><br></div><div class="spacer battle-history"><br></div><div class="battle-history">Harambæ used <strong>Fake Out</strong>!<br></div><div class="battle-history"><small>It's not very effective...</small><br></div><div class="battle-history"><small>(The opposing Registeel lost <abbr title="−38/364">10.4%</abbr> of its health!)</small><br></div><div class="spacer battle-history"><br></div><div class="battle-history"><small>The opposing Registeel restored a little HP using its Leftovers!</small><br></div><div class="spacer battle-history"><br></div><h2 class="battle-history">Turn 28</h2><div class="spacer battle-history"><br></div><div class="battle-history">stellar blast withdrew Registeel!<br></div><div class="battle-history">stellar blast sent out <strong>Haxorus</strong>!<br></div><div class="battle-history"><small>Pointed stones dug into the opposing Haxorus!</small><br></div><div class="spacer battle-history"><br></div><div class="battle-history">Harambæ used <strong>U-turn</strong>!<br></div><div class="battle-history"><small>(The opposing Haxorus lost <abbr title="−82/293">28.0%</abbr> of its health!)</small><br></div><div class="spacer battle-history"><br></div><div class="battle-history">Harambæ went back to 10blast!<br></div><div class="battle-history">Go! Daphnee (<strong>Donphan</strong>)!<br></div><div class="spacer battle-history"><br></div><div class="battle-history"><small>Daphnee restored a little HP using its Leftovers!</small><br></div><div class="spacer battle-history"><br></div><h2 class="battle-history">Turn 29</h2><div class="spacer battle-history"><br></div><div class="battle-history">The opposing Haxorus used <strong>Dragon Dance</strong>!<br></div><div class="battle-history"><small>The opposing Haxorus's Attack rose!</small><br></div><div class="battle-history"><small>The opposing Haxorus's Speed rose!</small><br></div><div class="spacer battle-history"><br></div><div class="battle-history">Daphnee used <strong>Earthquake</strong>!<br></div><div class="battle-history"><small>(The opposing Haxorus lost <abbr title="−150/293">51.2%</abbr> of its health!)</small><br></div><div class="spacer battle-history"><br></div><div class="battle-history"><small>Daphnee restored a little HP using its Leftovers!</small><br></div><div class="spacer battle-history"><br></div><h2 class="battle-history">Turn 30</h2><div class="spacer battle-history"><br></div><div class="battle-history">The opposing Haxorus used <strong>Dragon Claw</strong>!<br></div><div class="battle-history"><small>(Daphnee lost <abbr title="−198/384">51.6%</abbr> of its health!)</small><br></div><div class="spacer battle-history"><br></div><div class="battle-history">Daphnee used <strong>Knock Off</strong>!<br></div><div class="battle-history"><small>(The opposing Haxorus lost <abbr title="−25/293">8.5%</abbr> of its health!)</small><br></div><div class="battle-history"><small>Daphnee knocked off the opposing Haxorus's Focus Sash!</small><br></div><div class="spacer battle-history"><br></div><div class="battle-history">The opposing Haxorus fainted!<br></div><div class="spacer battle-history"><br></div><div class="battle-history"><small>Daphnee restored a little HP using its Leftovers!</small><br></div><div class="spacer battle-history"><br></div><div class="battle-history">stellar blast sent out <strong>Celebi</strong>!<br></div><div class="battle-history"><small>Pointed stones dug into the opposing Celebi!</small><br></div><div class="spacer battle-history"><br></div><h2 class="battle-history">Turn 31</h2><div class="spacer battle-history"><br></div><div class="battle-history">stellar blast withdrew Celebi!<br></div><div class="battle-history">stellar blast sent out <strong>Registeel</strong>!<br></div><div class="battle-history"><small>Pointed stones dug into the opposing Registeel!</small><br></div><div class="spacer battle-history"><br></div><div class="battle-history">Daphnee, come back!<br></div><div class="battle-history">Go! Yamnigga (<strong>Yanmega</strong>)!<br></div><div class="spacer battle-history"><br></div><div class="battle-history"><small>The opposing Registeel restored a little HP using its Leftovers!</small><br></div><div class="spacer battle-history"><br></div><h2 class="battle-history">Turn 32</h2><div class="spacer battle-history"><br></div><div class="battle-history">Yamnigga used <strong>Bug Buzz</strong>!<br></div><div class="battle-history"><small>It's not very effective...</small><br></div><div class="battle-history"><small>(The opposing Registeel lost <abbr title="−78/364">21.4%</abbr> of its health!)</small><br></div><div class="spacer battle-history"><br></div><div class="battle-history">The opposing Registeel used <strong>Stealth Rock</strong>!<br></div><div class="battle-history"><small>Pointed stones float in the air around your team!</small><br></div><div class="spacer battle-history"><br></div><div class="battle-history"><small>The opposing Registeel restored a little HP using its Leftovers!</small><br></div><div class="spacer battle-history"><br></div><h2 class="battle-history">Turn 33</h2><div class="spacer battle-history"><br></div><div class="battle-history">Yamnigga used <strong>Bug Buzz</strong>!<br></div><div class="battle-history"><small>It's not very effective...</small><br></div><div class="battle-history"><small>(The opposing Registeel lost <abbr title="−78/364">21.4%</abbr> of its health!)</small><br></div><div class="spacer battle-history"><br></div><div class="battle-history">The opposing Registeel used <strong>Seismic Toss</strong>!<br></div><div class="battle-history"><small>(Yamnigga lost <abbr title="−100/313">31.9%</abbr> of its health!)</small><br></div><div class="spacer battle-history"><br></div><div class="battle-history"><small>The opposing Registeel restored a little HP using its Leftovers!</small><br></div><div class="spacer battle-history"><br></div><h2 class="battle-history">Turn 34</h2><div class="spacer battle-history"><br></div><div class="battle-history">Yamnigga used <strong>Bug Buzz</strong>!<br></div><div class="battle-history"><small>It's not very effective...</small><br></div><div class="battle-history"><small>(The opposing Registeel lost <abbr title="−76/364">20.9%</abbr> of its health!)</small><br></div><div class="spacer battle-history"><br></div><div class="battle-history">The opposing Registeel used <strong>Iron Head</strong>!<br></div><div class="battle-history"><small>(Yamnigga lost <abbr title="−82/313">26.2%</abbr> of its health!)</small><br></div><div class="spacer battle-history"><br></div><div class="battle-history"><small>The opposing Registeel restored a little HP using its Leftovers!</small><br></div><div class="spacer battle-history"><br></div><h2 class="battle-history">Turn 35</h2><div class="spacer battle-history"><br></div><div class="battle-history"><small>stellar blast forfeited.</small><br></div><div class="spacer battle-history"><br></div><div class="battle-history"><strong>10blast</strong> won the battle!<br></div><div class="chat"><small>stellar blast left.</small></div><div class="chat">10blast's rating: 1280 → <strong>1290</strong><br>(+10 for winning)</div><div class="chat">stellar blast's rating: 1040 → <strong>1034</strong><br>(-6 for losing)</div></div><div class="inner-preempt"></div></div></div>
</div>
<script>
let daily = Math.floor(Date.now()/1000/60/60/24);document.write('<script src="https://play.pokemonshowdown.com/js/replay-embed.js?version'+daily+'"></'+'script>');
</script>
