<!DOCTYPE html>
<meta charset="utf-8" />
<!-- version 1 -->
<title>UU replay: BasedLord Soldier vs. Chirac</title>
<style>
html,body {font-family:Verdana, sans-serif;font-size:10pt;margin:0;padding:0;}body{padding:12px 0;} .battle-log {font-family:Verdana, sans-serif;font-size:10pt;} .battle-log-inline {border:1px solid #AAAAAA;background:#EEF2F5;color:black;max-width:640px;margin:0 auto 80px;padding-bottom:5px;} .battle-log .inner {padding:4px 8px 0px 8px;} .battle-log .inner-preempt {padding:0 8px 4px 8px;} .battle-log .inner-after {margin-top:0.5em;} .battle-log h2 {margin:0.5em -8px;padding:4px 8px;border:1px solid #AAAAAA;background:#E0E7EA;border-left:0;border-right:0;font-family:Verdana, sans-serif;font-size:13pt;} .battle-log .chat {vertical-align:middle;padding:3px 0 3px 0;font-size:8pt;} .battle-log .chat strong {color:#40576A;} .battle-log .chat em {padding:1px 4px 1px 3px;color:#000000;font-style:normal;} .chat.mine {background:rgba(0,0,0,0.05);margin-left:-8px;margin-right:-8px;padding-left:8px;padding-right:8px;} .spoiler {color:#BBBBBB;background:#BBBBBB;padding:0px 3px;} .spoiler:hover, .spoiler:active, .spoiler-shown {color:#000000;background:#E2E2E2;padding:0px 3px;} .spoiler a {color:#BBBBBB;} .spoiler:hover a, .spoiler:active a, .spoiler-shown a {color:#2288CC;} .chat code, .chat .spoiler:hover code, .chat .spoiler:active code, .chat .spoiler-shown code {border:1px solid #C0C0C0;background:#EEEEEE;color:black;padding:0 2px;} .chat .spoiler code {border:1px solid #CCCCCC;background:#CCCCCC;color:#CCCCCC;} .battle-log .rated {padding:3px 4px;} .battle-log .rated strong {color:white;background:#89A;padding:1px 4px;border-radius:4px;} .spacer {margin-top:0.5em;} .message-announce {background:#6688AA;color:white;padding:1px 4px 2px;} .message-announce a, .broadcast-green a, .broadcast-blue a, .broadcast-red a {color:#DDEEFF;} .broadcast-green {background-color:#559955;color:white;padding:2px 4px;} .broadcast-blue {background-color:#6688AA;color:white;padding:2px 4px;} .infobox {border:1px solid #6688AA;padding:2px 4px;} .infobox-limited {max-height:200px;overflow:auto;overflow-x:hidden;} .broadcast-red {background-color:#AA5544;color:white;padding:2px 4px;} .message-learn-canlearn {font-weight:bold;color:#228822;text-decoration:underline;} .message-learn-cannotlearn {font-weight:bold;color:#CC2222;text-decoration:underline;} .message-effect-weak {font-weight:bold;color:#CC2222;} .message-effect-resist {font-weight:bold;color:#6688AA;} .message-effect-immune {font-weight:bold;color:#666666;} .message-learn-list {margin-top:0;margin-bottom:0;} .message-throttle-notice, .message-error {color:#992222;} .message-overflow, .chat small.message-overflow {font-size:0pt;} .message-overflow::before {font-size:9pt;content:'...';} .subtle {color:#3A4A66;}
</style>
<div class="wrapper replay-wrapper" style="max-width:1180px;margin:0 auto">
<input type="hidden" name="replayid" value="uu-567645543" />
<div class="battle"></div><div class="battle-log"></div><div class="replay-controls"></div><div class="replay-controls-2"></div>
<h1 style="font-weight:normal;text-align:center"><strong>UU</strong><br /><a href="http://pokemonshowdown.com/users/basedlordsoldier" class="subtle" target="_blank">BasedLord Soldier</a> vs. <a href="http://pokemonshowdown.com/users/chirac" class="subtle" target="_blank">Chirac</a></h1>
<script type="text/plain" class="battle-log-data">|j|BasedLord Soldier
|j|Chirac
|player|p1|BasedLord Soldier|144
|player|p2|Chirac|58
|gametype|singles
|gen|6
|tier|UU
|seed|5213,59958,43869,42728
|rule|Sleep Clause Mod: Limit one foe put to sleep
|rule|Species Clause: Limit one of each Pokémon
|rule|OHKO Clause: OHKO moves are banned
|rule|Moody Clause: Moody is banned
|rule|Evasion Moves Clause: Evasion moves are banned
|rule|Endless Battle Clause: Forcing endless battles is banned
|rule|HP Percentage Mod: HP is shown in percentages
|clearpoke
|poke|p1|Ampharos, M|item
|poke|p1|Gyarados, M|item
|poke|p1|Florges, F|item
|poke|p1|Bronzong|item
|poke|p1|Krookodile, M|item
|poke|p1|Tentacruel, F|item
|poke|p2|Toxicroak, M|item
|poke|p2|Whimsicott, F|item
|poke|p2|Cresselia, F|item
|poke|p2|Swampert, M|item
|poke|p2|Entei, shiny|item
|poke|p2|Cobalion|item
|rule|Swagger Clause: Swagger is banned
|rule|Baton Pass Clause: Limit one Baton Passer, can't pass Spe and other stats simultaneously
|teampreview
|c|☆Chirac|Huehue
|c|☆BasedLord Soldier|[13:42:49] Euryped: certe mais ne tkt pas ma team ne comporte pas de méga cheat ou de cocgneur tout le temps utilisés
|c|☆BasedLord Soldier|._.
|choice|team 4, team 2, team 3, team 1, team 5, team 6|team 5, team 2, team 3, team 4, team 1, team 6
|
|start
|switch|p1a: Bronzong|Bronzong|338\/338
|switch|p2a: Reynald Jean|Entei, shiny|371\/371
|-ability|p2a: Reynald Jean|Pressure
|turn|1
|choice|switch 6|move sacredfire
|
|switch|p1a: Tentacruel|Tentacruel, F|343\/343
|move|p2a: Reynald Jean|Sacred Fire|p1a: Tentacruel
|-resisted|p1a: Tentacruel
|-damage|p1a: Tentacruel|262\/343
|-status|p1a: Tentacruel|brn
|
|-heal|p1a: Tentacruel|283\/343 brn|[from] item: Black Sludge
|-damage|p1a: Tentacruel|241\/343 brn|[from] brn
|upkeep
|turn|2
|choice|switch 6|switch 5
|
|switch|p2a: Malcolm X|Toxicroak, M|307\/307
|switch|p1a: Bronzong|Bronzong|338\/338
|
|upkeep
|turn|3
|choice|move stealthrock|move swordsdance
|
|move|p2a: Malcolm X|Swords Dance|p2a: Malcolm X
|-boost|p2a: Malcolm X|atk|2
|move|p1a: Bronzong|Stealth Rock|p2a: Malcolm X
|-sidestart|p2: Chirac|move: Stealth Rock
|
|upkeep
|turn|4
|choice|switch 6|move drainpunch
|
|switch|p1a: Tentacruel|Tentacruel, F|241\/343 brn
|move|p2a: Malcolm X|Drain Punch|p1a: Tentacruel
|-resisted|p1a: Tentacruel
|-crit|p1a: Tentacruel
|-damage|p1a: Tentacruel|21\/343 brn
|-damage|p2a: Malcolm X|197\/307|[from] ability: Liquid Ooze|[of] p1a: Tentacruel
|-damage|p2a: Malcolm X|167\/307|[from] item: Life Orb
|
|-heal|p1a: Tentacruel|42\/343 brn|[from] item: Black Sludge
|-damage|p1a: Tentacruel|0 fnt|[from] brn
|upkeep
|faint|p1a: Tentacruel
|choice|switch 5|
|
|switch|p1a: Krookodile|Krookodile, M|332\/332
|-ability|p1a: Krookodile|Intimidate|boost
|-unboost|p2a: Malcolm X|atk|1
|turn|5
|choice|move earthquake|switch 2
|
|switch|p2a: Rosa Parks|Whimsicott, F|321\/321
|-damage|p2a: Rosa Parks|281\/321|[from] Stealth Rock
|move|p1a: Krookodile|Earthquake|p2a: Rosa Parks
|-resisted|p2a: Rosa Parks
|-damage|p2a: Rosa Parks|178\/321
|
|-heal|p2a: Rosa Parks|198\/321|[from] item: Leftovers
|upkeep
|turn|6
|choice|switch 6|move uturn
|
|switch|p1a: Bronzong|Bronzong|338\/338
|move|p2a: Rosa Parks|U-turn|p1a: Bronzong
|-damage|p1a: Bronzong|307\/338
|choice||switch 4
|
|switch|p2a: Melvin Constant|Swampert, M|353\/353
|-damage|p2a: Melvin Constant|331\/353|[from] Stealth Rock
|
|-heal|p1a: Bronzong|328\/338|[from] item: Leftovers
|upkeep
|turn|7
|choice|move toxic|move raindance mega
|
|detailschange|p2a: Melvin Constant|Swampert-Mega, M
|-mega|p2a: Melvin Constant|Swampert|Swampertite
|move|p2a: Melvin Constant|Rain Dance|p2a: Melvin Constant
|-weather|RainDance
|move|p1a: Bronzong|Toxic|p2a: Melvin Constant
|-status|p2a: Melvin Constant|tox
|
|-weather|RainDance|[upkeep]
|-heal|p1a: Bronzong|338\/338|[from] item: Leftovers
|-damage|p2a: Melvin Constant|309\/353 tox|[from] psn
|upkeep
|turn|8
|choice|switch 2|move waterfall
|
|switch|p1a: Gyarados|Gyarados, M|393\/393
|-ability|p1a: Gyarados|Intimidate|boost
|-unboost|p2a: Melvin Constant|atk|1
|move|p2a: Melvin Constant|Waterfall|p1a: Gyarados
|-resisted|p1a: Gyarados
|-damage|p1a: Gyarados|312\/393
|
|-weather|RainDance|[upkeep]
|-heal|p1a: Gyarados|336\/393|[from] item: Leftovers
|-damage|p2a: Melvin Constant|265\/353 tox|[from] psn
|upkeep
|turn|9
|c|☆BasedLord Soldier|glouglou
|c|☆Chirac|J'ai missclick tbh
|choice|switch 2|switch 6
|
|switch|p2a: Martin Luther King|Cobalion|323\/323
|-damage|p2a: Martin Luther King|313\/323|[from] Stealth Rock
|switch|p1a: Bronzong|Bronzong|338\/338
|
|-weather|RainDance|[upkeep]
|upkeep
|turn|10
|c|☆Chirac|Je croyais que c'était l sr
|choice|switch 2|move stealthrock
|
|switch|p1a: Gyarados|Gyarados, M|336\/393
|-ability|p1a: Gyarados|Intimidate|boost
|-unboost|p2a: Martin Luther King|atk|1
|move|p2a: Martin Luther King|Stealth Rock|p1a: Gyarados
|-sidestart|p1: BasedLord Soldier|move: Stealth Rock
|
|-weather|RainDance|[upkeep]
|-heal|p1a: Gyarados|360\/393|[from] item: Leftovers
|upkeep
|turn|11
|c|☆Chirac|Mais mes sr sont là
|choice|switch 6|move taunt
|
|switch|p1a: Krookodile|Krookodile, M|332\/332
|-damage|p1a: Krookodile|312\/332|[from] Stealth Rock
|-ability|p1a: Krookodile|Intimidate|boost
|-unboost|p2a: Martin Luther King|atk|1
|move|p2a: Martin Luther King|Taunt|p1a: Krookodile
|-start|p1a: Krookodile|move: Taunt
|
|-weather|none
|upkeep
|turn|12
|choice|move knockoff|move closecombat
|
|move|p2a: Martin Luther King|Close Combat|p1a: Krookodile
|-supereffective|p1a: Krookodile
|-damage|p1a: Krookodile|106\/332
|-unboost|p2a: Martin Luther King|def|1
|-unboost|p2a: Martin Luther King|spd|1
|move|p1a: Krookodile|Knock Off|p2a: Martin Luther King
|-resisted|p2a: Martin Luther King
|-damage|p2a: Martin Luther King|169\/323
|-ability|p2a: Martin Luther King|Justified|boost
|-boost|p2a: Martin Luther King|atk|1
|-enditem|p2a: Martin Luther King|Shuca Berry|[from] move: Knock Off|[of] p1a: Krookodile
|
|upkeep
|turn|13
|j|Spriz
|c|☆BasedLord Soldier|ah oui tu m'outspeed
|c|☆BasedLord Soldier|j'avais oublié ce léger détail
|c|☆BasedLord Soldier|mdr
|c|☆Chirac|Lmao
|choice|switch 2|move closecombat
|
|switch|p1a: Bronzong|Bronzong|338\/338
|-damage|p1a: Bronzong|317\/338|[from] Stealth Rock
|move|p2a: Martin Luther King|Close Combat|p1a: Bronzong
|-damage|p1a: Bronzong|235\/338
|-unboost|p2a: Martin Luther King|def|1
|-unboost|p2a: Martin Luther King|spd|1
|
|-heal|p1a: Bronzong|256\/338|[from] item: Leftovers
|upkeep
|turn|14
|choice|move heavyslam|move closecombat
|
|move|p2a: Martin Luther King|Close Combat|p1a: Bronzong
|-damage|p1a: Bronzong|175\/338
|-unboost|p2a: Martin Luther King|def|1
|-unboost|p2a: Martin Luther King|spd|1
|move|p1a: Bronzong|Heavy Slam|p2a: Martin Luther King
|-resisted|p2a: Martin Luther King
|-damage|p2a: Martin Luther King|128\/323
|
|-heal|p1a: Bronzong|196\/338|[from] item: Leftovers
|upkeep
|turn|15
|choice|switch 6|switch 2
|
|switch|p2a: Malcolm X|Toxicroak, M|167\/307
|-damage|p2a: Malcolm X|148\/307|[from] Stealth Rock
|switch|p1a: Gyarados|Gyarados, M|360\/393
|-damage|p1a: Gyarados|262\/393|[from] Stealth Rock
|-ability|p1a: Gyarados|Intimidate|boost
|-unboost|p2a: Malcolm X|atk|1
|
|-heal|p1a: Gyarados|286\/393|[from] item: Leftovers
|upkeep
|turn|16
|choice|move roar|move gunkshot
|
|move|p2a: Malcolm X|Gunk Shot|p1a: Gyarados
|-damage|p1a: Gyarados|138\/393
|-status|p1a: Gyarados|psn
|-damage|p2a: Malcolm X|118\/307|[from] item: Life Orb
|move|p1a: Gyarados|Roar|p2a: Malcolm X
|drag|p2a: Rosa Parks|Whimsicott, F|198\/321
|-damage|p2a: Rosa Parks|158\/321|[from] Stealth Rock
|
|-heal|p2a: Rosa Parks|178\/321|[from] item: Leftovers
|-heal|p1a: Gyarados|162\/393 psn|[from] item: Leftovers
|-damage|p1a: Gyarados|113\/393 psn|[from] psn
|upkeep
|turn|17
|choice|move rest|move encore
|
|move|p2a: Rosa Parks|Encore|p1a: Gyarados
|-start|p1a: Gyarados|Encore
|move|p1a: Gyarados|Roar|p2a: Rosa Parks
|drag|p2a: Melvin Constant|Swampert-Mega, M|265\/353 tox
|-damage|p2a: Melvin Constant|243\/353 tox|[from] Stealth Rock
|
|-heal|p1a: Gyarados|137\/393 psn|[from] item: Leftovers
|-damage|p2a: Melvin Constant|221\/353 tox|[from] psn
|-damage|p1a: Gyarados|88\/393 psn|[from] psn
|upkeep
|turn|18
|choice|move roar|move waterfall
|
|move|p2a: Melvin Constant|Waterfall|p1a: Gyarados
|-resisted|p1a: Gyarados
|-damage|p1a: Gyarados|7\/393 psn
|move|p1a: Gyarados|Roar|p2a: Melvin Constant
|drag|p2a: Reynald Jean|Entei, shiny|371\/371
|-damage|p2a: Reynald Jean|279\/371|[from] Stealth Rock
|-ability|p2a: Reynald Jean|Pressure
|
|-heal|p1a: Gyarados|31\/393 psn|[from] item: Leftovers
|-damage|p1a: Gyarados|0 fnt|[from] psn
|upkeep
|faint|p1a: Gyarados
|choice|switch 4|
|
|switch|p1a: Ampharos|Ampharos, M|370\/370
|-damage|p1a: Ampharos|324\/370|[from] Stealth Rock
|turn|19
|choice|move dragonpulse mega|move sacredfire
|
|detailschange|p1a: Ampharos|Ampharos-Mega, M
|-mega|p1a: Ampharos|Ampharos|Ampharosite
|-ability|p1a: Ampharos|Mold Breaker
|move|p2a: Reynald Jean|Sacred Fire|p1a: Ampharos
|-resisted|p1a: Ampharos
|-damage|p1a: Ampharos|241\/370
|move|p1a: Ampharos|Dragon Pulse|p2a: Reynald Jean
|-damage|p2a: Reynald Jean|17\/371
|-enditem|p2a: Reynald Jean|Liechi Berry|[eat]
|-boost|p2a: Reynald Jean|atk|1
|
|upkeep
|turn|20
|c|☆BasedLord Soldier|o
|choice|move dragonpulse|move stoneedge
|
|move|p2a: Reynald Jean|Stone Edge|p1a: Ampharos
|-damage|p1a: Ampharos|55\/370
|move|p1a: Ampharos|Dragon Pulse|p2a: Reynald Jean
|-damage|p2a: Reynald Jean|0 fnt
|faint|p2a: Reynald Jean
|
|upkeep
|choice||switch 4
|
|switch|p2a: Malcolm X|Toxicroak, M|118\/307
|-damage|p2a: Malcolm X|99\/307|[from] Stealth Rock
|turn|21
|choice|switch 2|move drainpunch
|
|switch|p1a: Krookodile|Krookodile, M|106\/332
|-damage|p1a: Krookodile|86\/332|[from] Stealth Rock
|-ability|p1a: Krookodile|Intimidate|boost
|-unboost|p2a: Malcolm X|atk|1
|move|p2a: Malcolm X|Drain Punch|p1a: Krookodile
|-supereffective|p1a: Krookodile
|-damage|p1a: Krookodile|0 fnt
|-heal|p2a: Malcolm X|142\/307|[from] drain|[of] p1a: Krookodile
|-damage|p2a: Malcolm X|112\/307|[from] item: Life Orb
|faint|p1a: Krookodile
|
|upkeep
|c|☆BasedLord Soldier|ah oui tu m'outspeed là aussi
|c|☆BasedLord Soldier|mdr
|choice|switch 6|
|
|switch|p1a: Bronzong|Bronzong|196\/338
|-damage|p1a: Bronzong|175\/338|[from] Stealth Rock
|turn|22
|c|☆BasedLord Soldier|bon
|c|☆Chirac|?
|c|☆Chirac|Tu as switch
|c|☆BasedLord Soldier|je pensais à sucker punch
|c|☆BasedLord Soldier|mdr
|c|☆Chirac|Ah
|c|☆BasedLord Soldier|jfais pas attention au speed tier, bale
|c|☆Chirac|Lul
|c|☆BasedLord Soldier|c
|choice|move heavyslam|switch 2
|
|switch|p2a: Martin Luther King|Cobalion|128\/323
|-damage|p2a: Martin Luther King|118\/323|[from] Stealth Rock
|move|p1a: Bronzong|Heavy Slam|p2a: Martin Luther King
|-resisted|p2a: Martin Luther King
|-damage|p2a: Martin Luther King|100\/323
|
|-heal|p1a: Bronzong|196\/338|[from] item: Leftovers
|upkeep
|turn|23
|c|☆BasedLord Soldier|il a pas eq ce con :\/
|choice|move heavyslam|move closecombat
|
|move|p2a: Martin Luther King|Close Combat|p1a: Bronzong
|-damage|p1a: Bronzong|76\/338
|-unboost|p2a: Martin Luther King|def|1
|-unboost|p2a: Martin Luther King|spd|1
|move|p1a: Bronzong|Heavy Slam|p2a: Martin Luther King
|-resisted|p2a: Martin Luther King
|-damage|p2a: Martin Luther King|73\/323
|
|-heal|p1a: Bronzong|97\/338|[from] item: Leftovers
|upkeep
|turn|24
|choice|move heavyslam|move closecombat
|
|move|p2a: Martin Luther King|Close Combat|p1a: Bronzong
|-damage|p1a: Bronzong|0 fnt
|-unboost|p2a: Martin Luther King|def|1
|-unboost|p2a: Martin Luther King|spd|1
|faint|p1a: Bronzong
|
|upkeep
|choice|switch 3|
|
|switch|p1a: Florges|Florges, F|360\/360
|-damage|p1a: Florges|315\/360|[from] Stealth Rock
|turn|25
|c|☆Chirac|J'aime pas du tout heavy slam sur bronzong perso
|choice|move moonblast|move ironhead
|
|move|p2a: Martin Luther King|Iron Head|p1a: Florges
|-supereffective|p1a: Florges
|-damage|p1a: Florges|81\/360
|cant|p1a: Florges|flinch
|
|-heal|p1a: Florges|103\/360|[from] item: Leftovers
|upkeep
|turn|26
|j|GreninjaWarrior21
|c|☆BasedLord Soldier|c la team de sacri je crois
|c|☆BasedLord Soldier|tu iras le lui dire
|choice|move moonblast|move ironhead
|
|move|p2a: Martin Luther King|Iron Head|p1a: Florges
|-supereffective|p1a: Florges
|-damage|p1a: Florges|0 fnt
|faint|p1a: Florges
|
|upkeep
|c|☆Chirac|Dac
|choice|switch 2|
|
|switch|p1a: Ampharos|Ampharos-Mega, M|55\/370
|-damage|p1a: Ampharos|9\/370|[from] Stealth Rock
|-ability|p1a: Ampharos|Mold Breaker
|turn|27
|c|☆BasedLord Soldier|gg
|choice|move thunderbolt|move closecombat
|
|move|p2a: Martin Luther King|Close Combat|p1a: Ampharos
|-damage|p1a: Ampharos|0 fnt
|-unboost|p2a: Martin Luther King|def|1
|-unboost|p2a: Martin Luther King|spd|1
|faint|p1a: Ampharos
|
|win|Chirac
|l|GreninjaWarrior21
|l|Chirac
|l|Spriz
|j|Benis Drogniart
|j|Chirac</script>
</div>
<div class="battle-log battle-log-inline"><div class="inner"><div class="battle-options"></div><div class="inner"><div class="chat"><small>BasedLord Soldier joined.</small></div><div class="chat"><small>Chirac joined.</small></div><div class=""><small>Format:</small> <br><strong>UU</strong></div><div class=""><small><em>Sleep Clause Mod:</em> Limit one foe put to sleep</small></div><div class=""><small><em>Species Clause:</em> Limit one of each Pokémon</small></div><div class=""><small><em>OHKO Clause:</em> OHKO moves are banned</small></div><div class=""><small><em>Moody Clause:</em> Moody is banned</small></div><div class=""><small><em>Evasion Moves Clause:</em> Evasion moves are banned</small></div><div class=""><small><em>Endless Battle Clause:</em> Forcing endless battles is banned</small></div><div class=""><small><em>HP Percentage Mod:</em> HP is shown in percentages</small></div><div class=""><small><em>Swagger Clause:</em> Swagger is banned</small></div><div class=""><small><em>Baton Pass Clause:</em> Limit one Baton Passer, can't pass Spe and other stats simultaneously</small></div><div class="chat battle-history"><strong>BasedLord Soldier's team:</strong> <em style="color:#445566;display:block;">Ampharos / Gyarados / Florges / Bronzong / Krookodile / Tentacruel</em></div><div class="chat battle-history"><strong>Chirac's team:</strong> <em style="color:#445566;display:block;">Toxicroak / Whimsicott / Cresselia / Swampert / Entei / Cobalion</em></div><div class="chat chatmessage-chirac"><strong style="color:hsl(159,68%,38.848447469626436%)"><small>☆</small><span class="username" data-name="Chirac">Chirac</span>:</strong> <em>Huehue</em></div><div class="chat chatmessage-basedlordsoldier"><strong style="color:hsl(308,87%,37.52067888841012%)"><small>☆</small><span class="username" data-name="BasedLord Soldier">BasedLord Soldier</span>:</strong> <em>[13:42:49] Euryped: certe mais ne tkt pas ma team ne comporte pas de méga cheat ou de cocgneur tout le temps utilisés</em></div><div class="chat chatmessage-basedlordsoldier"><strong style="color:hsl(308,87%,37.52067888841012%)"><small>☆</small><span class="username" data-name="BasedLord Soldier">BasedLord Soldier</span>:</strong> <em>._.</em></div><div class="spacer battle-history"><br></div><div class="battle-history">Battle started between BasedLord Soldier and Chirac!<br></div><div class="spacer battle-history"><br></div><div class="battle-history">Go! <strong>Bronzong</strong>!<br></div><div class="spacer battle-history"><br></div><div class="battle-history">Chirac sent out Reynald Jean (<strong>Entei</strong>)!<br></div><div class="battle-history"><small>[The opposing Reynald Jean's Pressure]</small><br><small>The opposing Reynald Jean is exerting its pressure!</small><br></div><div class="spacer battle-history"><br></div><h2 class="battle-history">Turn 1</h2><div class="spacer battle-history"><br></div><div class="battle-history">Bronzong, come back!<br></div><div class="battle-history">Go! <strong>Tentacruel</strong>!<br></div><div class="spacer battle-history"><br></div><div class="battle-history">The opposing Reynald Jean used <strong>Sacred Fire</strong>!<br></div><div class="battle-history"><small>It's not very effective...</small><br></div><div class="battle-history"><small>(Tentacruel lost <abbr title="−81/343">23.6%</abbr> of its health!)</small><br></div><div class="battle-history"><small>Tentacruel was burned!</small><br></div><div class="spacer battle-history"><br></div><div class="battle-history"><small>Tentacruel restored a little HP using its Black Sludge!</small><br></div><div class="battle-history"><small>Tentacruel was hurt by its burn!</small><br></div><div class="spacer battle-history"><br></div><h2 class="battle-history">Turn 2</h2><div class="spacer battle-history"><br></div><div class="battle-history">Chirac withdrew Reynald Jean!<br></div><div class="battle-history">Chirac sent out Malcolm X (<strong>Toxicroak</strong>)!<br></div><div class="spacer battle-history"><br></div><div class="battle-history">Tentacruel, come back!<br></div><div class="battle-history">Go! <strong>Bronzong</strong>!<br></div><div class="spacer battle-history"><br></div><h2 class="battle-history">Turn 3</h2><div class="spacer battle-history"><br></div><div class="battle-history">The opposing Malcolm X used <strong>Swords Dance</strong>!<br></div><div class="battle-history"><small>The opposing Malcolm X's Attack rose sharply!</small><br></div><div class="spacer battle-history"><br></div><div class="battle-history">Bronzong used <strong>Stealth Rock</strong>!<br></div><div class="battle-history"><small>Pointed stones float in the air around the opposing team!</small><br></div><div class="spacer battle-history"><br></div><h2 class="battle-history">Turn 4</h2><div class="spacer battle-history"><br></div><div class="battle-history">Bronzong, come back!<br></div><div class="battle-history">Go! <strong>Tentacruel</strong>!<br></div><div class="spacer battle-history"><br></div><div class="battle-history">The opposing Malcolm X used <strong>Drain Punch</strong>!<br></div><div class="battle-history"><small>It's not very effective...</small><br></div><div class="battle-history"><small>A critical hit!</small><br></div><div class="battle-history"><small>(Tentacruel lost <abbr title="−220/343">64.1%</abbr> of its health!)</small><br></div><div class="battle-history"><small>[Tentacruel's Liquid Ooze]</small><br><small>The opposing Malcolm X sucked up the liquid ooze!</small><br></div><div class="battle-history"><small>The opposing Malcolm X lost some of its HP!</small><br></div><div class="spacer battle-history"><br></div><div class="battle-history"><small>Tentacruel restored a little HP using its Black Sludge!</small><br></div><div class="battle-history"><small>Tentacruel was hurt by its burn!</small><br></div><div class="spacer battle-history"><br></div><div class="battle-history">Tentacruel fainted!<br></div><div class="spacer battle-history"><br></div><div class="battle-history">Go! <strong>Krookodile</strong>!<br></div><div class="battle-history"><small>[Krookodile's Intimidate]</small><br></div><div class="battle-history"><small>The opposing Malcolm X's Attack fell!</small><br></div><div class="spacer battle-history"><br></div><h2 class="battle-history">Turn 5</h2><div class="spacer battle-history"><br></div><div class="battle-history">Chirac withdrew Malcolm X!<br></div><div class="battle-history">Chirac sent out Rosa Parks (<strong>Whimsicott</strong>)!<br></div><div class="battle-history"><small>Pointed stones dug into the opposing Rosa Parks!</small><br></div><div class="spacer battle-history"><br></div><div class="battle-history">Krookodile used <strong>Earthquake</strong>!<br></div><div class="battle-history"><small>It's not very effective...</small><br></div><div class="battle-history"><small>(The opposing Rosa Parks lost <abbr title="−103/321">32.1%</abbr> of its health!)</small><br></div><div class="spacer battle-history"><br></div><div class="battle-history"><small>The opposing Rosa Parks restored a little HP using its Leftovers!</small><br></div><div class="spacer battle-history"><br></div><h2 class="battle-history">Turn 6</h2><div class="spacer battle-history"><br></div><div class="battle-history">Krookodile, come back!<br></div><div class="battle-history">Go! <strong>Bronzong</strong>!<br></div><div class="spacer battle-history"><br></div><div class="battle-history">The opposing Rosa Parks used <strong>U-turn</strong>!<br></div><div class="battle-history"><small>(Bronzong lost <abbr title="−31/338">9.2%</abbr> of its health!)</small><br></div><div class="spacer battle-history"><br></div><div class="battle-history">The opposing Rosa Parks went back to Chirac!<br></div><div class="battle-history">Chirac sent out Melvin Constant (<strong>Swampert</strong>)!<br></div><div class="battle-history"><small>Pointed stones dug into the opposing Melvin Constant!</small><br></div><div class="spacer battle-history"><br></div><div class="battle-history"><small>Bronzong restored a little HP using its Leftovers!</small><br></div><div class="spacer battle-history"><br></div><h2 class="battle-history">Turn 7</h2><div class="spacer battle-history"><br></div><div class="battle-history"><small>The opposing Melvin Constant's Swampertite is reacting to Chirac's Mega Bracelet!</small><br>The opposing Melvin Constant has Mega Evolved into Mega Swampert!<br></div><div class="spacer battle-history"><br></div><div class="battle-history">The opposing Melvin Constant used <strong>Rain Dance</strong>!<br></div><div class="battle-history"><small>It started to rain!</small><br></div><div class="spacer battle-history"><br></div><div class="battle-history">Bronzong used <strong>Toxic</strong>!<br></div><div class="battle-history"><small>The opposing Melvin Constant was badly poisoned!</small><br></div><div class="spacer battle-history"><br></div><div class="battle-history"><small>(Rain continues to fall!)</small><br></div><div class="battle-history"><small>Bronzong restored a little HP using its Leftovers!</small><br></div><div class="battle-history"><small>The opposing Melvin Constant was hurt by poison!</small><br></div><div class="spacer battle-history"><br></div><h2 class="battle-history">Turn 8</h2><div class="spacer battle-history"><br></div><div class="battle-history">Bronzong, come back!<br></div><div class="battle-history">Go! <strong>Gyarados</strong>!<br></div><div class="battle-history"><small>[Gyarados's Intimidate]</small><br></div><div class="battle-history"><small>The opposing Melvin Constant's Attack fell!</small><br></div><div class="spacer battle-history"><br></div><div class="battle-history">The opposing Melvin Constant used <strong>Waterfall</strong>!<br></div><div class="battle-history"><small>It's not very effective...</small><br></div><div class="battle-history"><small>(Gyarados lost <abbr title="−81/393">20.6%</abbr> of its health!)</small><br></div><div class="spacer battle-history"><br></div><div class="battle-history"><small>(Rain continues to fall!)</small><br></div><div class="battle-history"><small>Gyarados restored a little HP using its Leftovers!</small><br></div><div class="battle-history"><small>The opposing Melvin Constant was hurt by poison!</small><br></div><div class="spacer battle-history"><br></div><h2 class="battle-history">Turn 9</h2><div class="chat chatmessage-basedlordsoldier"><strong style="color:hsl(308,87%,37.52067888841012%)"><small>☆</small><span class="username" data-name="BasedLord Soldier">BasedLord Soldier</span>:</strong> <em>glouglou</em></div><div class="chat chatmessage-chirac"><strong style="color:hsl(159,68%,38.848447469626436%)"><small>☆</small><span class="username" data-name="Chirac">Chirac</span>:</strong> <em>J'ai missclick tbh</em></div><div class="spacer battle-history"><br></div><div class="battle-history">Chirac withdrew Melvin Constant!<br></div><div class="battle-history">Chirac sent out Martin Luther King (<strong>Cobalion</strong>)!<br></div><div class="battle-history"><small>Pointed stones dug into the opposing Martin Luther King!</small><br></div><div class="spacer battle-history"><br></div><div class="battle-history">Gyarados, come back!<br></div><div class="battle-history">Go! <strong>Bronzong</strong>!<br></div><div class="spacer battle-history"><br></div><div class="battle-history"><small>(Rain continues to fall!)</small><br></div><div class="spacer battle-history"><br></div><h2 class="battle-history">Turn 10</h2><div class="chat chatmessage-chirac"><strong style="color:hsl(159,68%,38.848447469626436%)"><small>☆</small><span class="username" data-name="Chirac">Chirac</span>:</strong> <em>Je croyais que c'était l sr</em></div><div class="spacer battle-history"><br></div><div class="battle-history">Bronzong, come back!<br></div><div class="battle-history">Go! <strong>Gyarados</strong>!<br></div><div class="battle-history"><small>[Gyarados's Intimidate]</small><br></div><div class="battle-history"><small>The opposing Martin Luther King's Attack fell!</small><br></div><div class="spacer battle-history"><br></div><div class="battle-history">The opposing Martin Luther King used <strong>Stealth Rock</strong>!<br></div><div class="battle-history"><small>Pointed stones float in the air around your team!</small><br></div><div class="spacer battle-history"><br></div><div class="battle-history"><small>(Rain continues to fall!)</small><br></div><div class="battle-history"><small>Gyarados restored a little HP using its Leftovers!</small><br></div><div class="spacer battle-history"><br></div><h2 class="battle-history">Turn 11</h2><div class="chat chatmessage-chirac"><strong style="color:hsl(159,68%,38.848447469626436%)"><small>☆</small><span class="username" data-name="Chirac">Chirac</span>:</strong> <em>Mais mes sr sont là</em></div><div class="spacer battle-history"><br></div><div class="battle-history">Gyarados, come back!<br></div><div class="battle-history">Go! <strong>Krookodile</strong>!<br></div><div class="battle-history"><small>Pointed stones dug into Krookodile!</small><br></div><div class="battle-history"><small>[Krookodile's Intimidate]</small><br></div><div class="battle-history"><small>The opposing Martin Luther King's Attack fell!</small><br></div><div class="spacer battle-history"><br></div><div class="battle-history">The opposing Martin Luther King used <strong>Taunt</strong>!<br></div><div class="battle-history"><small>Krookodile fell for the taunt!</small><br></div><div class="spacer battle-history"><br></div><div class="battle-history"><small>The rain stopped.</small><br></div><div class="spacer battle-history"><br></div><h2 class="battle-history">Turn 12</h2><div class="spacer battle-history"><br></div><div class="battle-history">The opposing Martin Luther King used <strong>Close Combat</strong>!<br></div><div class="battle-history"><small>It's super effective!</small><br></div><div class="battle-history"><small>(Krookodile lost <abbr title="−206/332">62.0%</abbr> of its health!)</small><br></div><div class="battle-history"><small>The opposing Martin Luther King's Defense fell!</small><br></div><div class="battle-history"><small>The opposing Martin Luther King's Special Defense fell!</small><br></div><div class="spacer battle-history"><br></div><div class="battle-history">Krookodile used <strong>Knock Off</strong>!<br></div><div class="battle-history"><small>It's not very effective...</small><br></div><div class="battle-history"><small>(The opposing Martin Luther King lost <abbr title="−144/323">44.6%</abbr> of its health!)</small><br></div><div class="battle-history"><small>[The opposing Martin Luther King's Justified]</small><br></div><div class="battle-history"><small>The opposing Martin Luther King's Attack rose!</small><br></div><div class="battle-history"><small>Krookodile knocked off the opposing Martin Luther King's Shuca Berry!</small><br></div><div class="spacer battle-history"><br></div><h2 class="battle-history">Turn 13</h2><div class="chat"><small>Spriz joined.</small></div><div class="chat chatmessage-basedlordsoldier"><strong style="color:hsl(308,87%,37.52067888841012%)"><small>☆</small><span class="username" data-name="BasedLord Soldier">BasedLord Soldier</span>:</strong> <em>ah oui tu m'outspeed</em></div><div class="chat chatmessage-basedlordsoldier"><strong style="color:hsl(308,87%,37.52067888841012%)"><small>☆</small><span class="username" data-name="BasedLord Soldier">BasedLord Soldier</span>:</strong> <em>j'avais oublié ce léger détail</em></div><div class="chat chatmessage-basedlordsoldier"><strong style="color:hsl(308,87%,37.52067888841012%)"><small>☆</small><span class="username" data-name="BasedLord Soldier">BasedLord Soldier</span>:</strong> <em>mdr</em></div><div class="chat chatmessage-chirac"><strong style="color:hsl(159,68%,38.848447469626436%)"><small>☆</small><span class="username" data-name="Chirac">Chirac</span>:</strong> <em>Lmao</em></div><div class="spacer battle-history"><br></div><div class="battle-history">Krookodile, come back!<br></div><div class="battle-history">Go! <strong>Bronzong</strong>!<br></div><div class="battle-history"><small>Pointed stones dug into Bronzong!</small><br></div><div class="spacer battle-history"><br></div><div class="battle-history">The opposing Martin Luther King used <strong>Close Combat</strong>!<br></div><div class="battle-history"><small>(Bronzong lost <abbr title="−82/338">24.3%</abbr> of its health!)</small><br></div><div class="battle-history"><small>The opposing Martin Luther King's Defense fell!</small><br></div><div class="battle-history"><small>The opposing Martin Luther King's Special Defense fell!</small><br></div><div class="spacer battle-history"><br></div><div class="battle-history"><small>Bronzong restored a little HP using its Leftovers!</small><br></div><div class="spacer battle-history"><br></div><h2 class="battle-history">Turn 14</h2><div class="spacer battle-history"><br></div><div class="battle-history">The opposing Martin Luther King used <strong>Close Combat</strong>!<br></div><div class="battle-history"><small>(Bronzong lost <abbr title="−81/338">24.0%</abbr> of its health!)</small><br></div><div class="battle-history"><small>The opposing Martin Luther King's Defense fell!</small><br></div><div class="battle-history"><small>The opposing Martin Luther King's Special Defense fell!</small><br></div><div class="spacer battle-history"><br></div><div class="battle-history">Bronzong used <strong>Heavy Slam</strong>!<br></div><div class="battle-history"><small>It's not very effective...</small><br></div><div class="battle-history"><small>(The opposing Martin Luther King lost <abbr title="−41/323">12.7%</abbr> of its health!)</small><br></div><div class="spacer battle-history"><br></div><div class="battle-history"><small>Bronzong restored a little HP using its Leftovers!</small><br></div><div class="spacer battle-history"><br></div><h2 class="battle-history">Turn 15</h2><div class="spacer battle-history"><br></div><div class="battle-history">Chirac withdrew Martin Luther King!<br></div><div class="battle-history">Chirac sent out Malcolm X (<strong>Toxicroak</strong>)!<br></div><div class="battle-history"><small>Pointed stones dug into the opposing Malcolm X!</small><br></div><div class="spacer battle-history"><br></div><div class="battle-history">Bronzong, come back!<br></div><div class="battle-history">Go! <strong>Gyarados</strong>!<br></div><div class="battle-history"><small>Pointed stones dug into Gyarados!</small><br></div><div class="battle-history"><small>[Gyarados's Intimidate]</small><br></div><div class="battle-history"><small>The opposing Malcolm X's Attack fell!</small><br></div><div class="spacer battle-history"><br></div><div class="battle-history"><small>Gyarados restored a little HP using its Leftovers!</small><br></div><div class="spacer battle-history"><br></div><h2 class="battle-history">Turn 16</h2><div class="spacer battle-history"><br></div><div class="battle-history">The opposing Malcolm X used <strong>Gunk Shot</strong>!<br></div><div class="battle-history"><small>(Gyarados lost <abbr title="−148/393">37.7%</abbr> of its health!)</small><br></div><div class="battle-history"><small>Gyarados was poisoned!</small><br></div><div class="battle-history"><small>The opposing Malcolm X lost some of its HP!</small><br></div><div class="spacer battle-history"><br></div><div class="battle-history">Gyarados used <strong>Roar</strong>!<br></div><div class="spacer battle-history"><br></div><div class="battle-history">Rosa Parks (<strong>Whimsicott</strong>) was dragged out!<br></div><div class="battle-history"><small>Pointed stones dug into the opposing Rosa Parks!</small><br></div><div class="spacer battle-history"><br></div><div class="battle-history"><small>The opposing Rosa Parks restored a little HP using its Leftovers!</small><br></div><div class="battle-history"><small>Gyarados restored a little HP using its Leftovers!</small><br></div><div class="battle-history"><small>Gyarados was hurt by poison!</small><br></div><div class="spacer battle-history"><br></div><h2 class="battle-history">Turn 17</h2><div class="spacer battle-history"><br></div><div class="battle-history">The opposing Rosa Parks used <strong>Encore</strong>!<br></div><div class="battle-history"><small>Gyarados received an encore!</small><br></div><div class="spacer battle-history"><br></div><div class="battle-history">Gyarados used <strong>Roar</strong>!<br></div><div class="spacer battle-history"><br></div><div class="battle-history">Melvin Constant (<strong>Swampert-Mega</strong>) was dragged out!<br></div><div class="battle-history"><small>Pointed stones dug into the opposing Melvin Constant!</small><br></div><div class="spacer battle-history"><br></div><div class="battle-history"><small>Gyarados restored a little HP using its Leftovers!</small><br></div><div class="battle-history"><small>The opposing Melvin Constant was hurt by poison!</small><br></div><div class="battle-history"><small>Gyarados was hurt by poison!</small><br></div><div class="spacer battle-history"><br></div><h2 class="battle-history">Turn 18</h2><div class="spacer battle-history"><br></div><div class="battle-history">The opposing Melvin Constant used <strong>Waterfall</strong>!<br></div><div class="battle-history"><small>It's not very effective...</small><br></div><div class="battle-history"><small>(Gyarados lost <abbr title="−81/393">20.6%</abbr> of its health!)</small><br></div><div class="spacer battle-history"><br></div><div class="battle-history">Gyarados used <strong>Roar</strong>!<br></div><div class="spacer battle-history"><br></div><div class="battle-history">Reynald Jean (<strong>Entei</strong>) was dragged out!<br></div><div class="battle-history"><small>Pointed stones dug into the opposing Reynald Jean!</small><br></div><div class="battle-history"><small>[The opposing Reynald Jean's Pressure]</small><br><small>The opposing Reynald Jean is exerting its pressure!</small><br></div><div class="spacer battle-history"><br></div><div class="battle-history"><small>Gyarados restored a little HP using its Leftovers!</small><br></div><div class="battle-history"><small>Gyarados was hurt by poison!</small><br></div><div class="spacer battle-history"><br></div><div class="battle-history">Gyarados fainted!<br></div><div class="spacer battle-history"><br></div><div class="battle-history">Go! <strong>Ampharos</strong>!<br></div><div class="battle-history"><small>Pointed stones dug into Ampharos!</small><br></div><div class="spacer battle-history"><br></div><h2 class="battle-history">Turn 19</h2><div class="spacer battle-history"><br></div><div class="battle-history"><small>Ampharos's Ampharosite is reacting to BasedLord Soldier's Mega Bracelet!</small><br>Ampharos has Mega Evolved into Mega Ampharos!<br></div><div class="battle-history"><small>[Ampharos's Mold Breaker]</small><br><small>Ampharos breaks the mold!</small><br></div><div class="spacer battle-history"><br></div><div class="battle-history">The opposing Reynald Jean used <strong>Sacred Fire</strong>!<br></div><div class="battle-history"><small>It's not very effective...</small><br></div><div class="battle-history"><small>(Ampharos lost <abbr title="−83/370">22.4%</abbr> of its health!)</small><br></div><div class="spacer battle-history"><br></div><div class="battle-history">Ampharos used <strong>Dragon Pulse</strong>!<br></div><div class="battle-history"><small>(The opposing Reynald Jean lost <abbr title="−262/371">70.6%</abbr> of its health!)</small><br></div><div class="battle-history"><small>The opposing Reynald Jean ate its Liechi Berry!</small><br></div><div class="battle-history"><small>The opposing Reynald Jean's Attack rose!</small><br></div><div class="spacer battle-history"><br></div><h2 class="battle-history">Turn 20</h2><div class="chat chatmessage-basedlordsoldier"><strong style="color:hsl(308,87%,37.52067888841012%)"><small>☆</small><span class="username" data-name="BasedLord Soldier">BasedLord Soldier</span>:</strong> <em>o</em></div><div class="spacer battle-history"><br></div><div class="battle-history">The opposing Reynald Jean used <strong>Stone Edge</strong>!<br></div><div class="battle-history"><small>(Ampharos lost <abbr title="−186/370">50.3%</abbr> of its health!)</small><br></div><div class="spacer battle-history"><br></div><div class="battle-history">Ampharos used <strong>Dragon Pulse</strong>!<br></div><div class="battle-history"><small>(The opposing Reynald Jean lost <abbr title="−17/371">4.6%</abbr> of its health!)</small><br></div><div class="spacer battle-history"><br></div><div class="battle-history">The opposing Reynald Jean fainted!<br></div><div class="spacer battle-history"><br></div><div class="battle-history">Chirac sent out Malcolm X (<strong>Toxicroak</strong>)!<br></div><div class="battle-history"><small>Pointed stones dug into the opposing Malcolm X!</small><br></div><div class="spacer battle-history"><br></div><h2 class="battle-history">Turn 21</h2><div class="spacer battle-history"><br></div><div class="battle-history">Ampharos, come back!<br></div><div class="battle-history">Go! <strong>Krookodile</strong>!<br></div><div class="battle-history"><small>Pointed stones dug into Krookodile!</small><br></div><div class="battle-history"><small>[Krookodile's Intimidate]</small><br></div><div class="battle-history"><small>The opposing Malcolm X's Attack fell!</small><br></div><div class="spacer battle-history"><br></div><div class="battle-history">The opposing Malcolm X used <strong>Drain Punch</strong>!<br></div><div class="battle-history"><small>It's super effective!</small><br></div><div class="battle-history"><small>(Krookodile lost <abbr title="−86/332">25.9%</abbr> of its health!)</small><br></div><div class="battle-history"><small>Krookodile had its energy drained!</small><br></div><div class="battle-history"><small>The opposing Malcolm X lost some of its HP!</small><br></div><div class="spacer battle-history"><br></div><div class="battle-history">Krookodile fainted!<br></div><div class="chat chatmessage-basedlordsoldier"><strong style="color:hsl(308,87%,37.52067888841012%)"><small>☆</small><span class="username" data-name="BasedLord Soldier">BasedLord Soldier</span>:</strong> <em>ah oui tu m'outspeed là aussi</em></div><div class="chat chatmessage-basedlordsoldier"><strong style="color:hsl(308,87%,37.52067888841012%)"><small>☆</small><span class="username" data-name="BasedLord Soldier">BasedLord Soldier</span>:</strong> <em>mdr</em></div><div class="spacer battle-history"><br></div><div class="battle-history">Go! <strong>Bronzong</strong>!<br></div><div class="battle-history"><small>Pointed stones dug into Bronzong!</small><br></div><div class="spacer battle-history"><br></div><h2 class="battle-history">Turn 22</h2><div class="chat chatmessage-basedlordsoldier"><strong style="color:hsl(308,87%,37.52067888841012%)"><small>☆</small><span class="username" data-name="BasedLord Soldier">BasedLord Soldier</span>:</strong> <em>bon</em></div><div class="chat chatmessage-chirac"><strong style="color:hsl(159,68%,38.848447469626436%)"><small>☆</small><span class="username" data-name="Chirac">Chirac</span>:</strong> <em>?</em></div><div class="chat chatmessage-chirac"><strong style="color:hsl(159,68%,38.848447469626436%)"><small>☆</small><span class="username" data-name="Chirac">Chirac</span>:</strong> <em>Tu as switch</em></div><div class="chat chatmessage-basedlordsoldier"><strong style="color:hsl(308,87%,37.52067888841012%)"><small>☆</small><span class="username" data-name="BasedLord Soldier">BasedLord Soldier</span>:</strong> <em>je pensais à sucker punch</em></div><div class="chat chatmessage-basedlordsoldier"><strong style="color:hsl(308,87%,37.52067888841012%)"><small>☆</small><span class="username" data-name="BasedLord Soldier">BasedLord Soldier</span>:</strong> <em>mdr</em></div><div class="chat chatmessage-chirac"><strong style="color:hsl(159,68%,38.848447469626436%)"><small>☆</small><span class="username" data-name="Chirac">Chirac</span>:</strong> <em>Ah</em></div><div class="chat chatmessage-basedlordsoldier"><strong style="color:hsl(308,87%,37.52067888841012%)"><small>☆</small><span class="username" data-name="BasedLord Soldier">BasedLord Soldier</span>:</strong> <em>jfais pas attention au speed tier, bale</em></div><div class="chat chatmessage-chirac"><strong style="color:hsl(159,68%,38.848447469626436%)"><small>☆</small><span class="username" data-name="Chirac">Chirac</span>:</strong> <em>Lul</em></div><div class="chat chatmessage-basedlordsoldier"><strong style="color:hsl(308,87%,37.52067888841012%)"><small>☆</small><span class="username" data-name="BasedLord Soldier">BasedLord Soldier</span>:</strong> <em>c</em></div><div class="spacer battle-history"><br></div><div class="battle-history">Chirac withdrew Malcolm X!<br></div><div class="battle-history">Chirac sent out Martin Luther King (<strong>Cobalion</strong>)!<br></div><div class="battle-history"><small>Pointed stones dug into the opposing Martin Luther King!</small><br></div><div class="spacer battle-history"><br></div><div class="battle-history">Bronzong used <strong>Heavy Slam</strong>!<br></div><div class="battle-history"><small>It's not very effective...</small><br></div><div class="battle-history"><small>(The opposing Martin Luther King lost <abbr title="−18/323">5.6%</abbr> of its health!)</small><br></div><div class="spacer battle-history"><br></div><div class="battle-history"><small>Bronzong restored a little HP using its Leftovers!</small><br></div><div class="spacer battle-history"><br></div><h2 class="battle-history">Turn 23</h2><div class="chat chatmessage-basedlordsoldier"><strong style="color:hsl(308,87%,37.52067888841012%)"><small>☆</small><span class="username" data-name="BasedLord Soldier">BasedLord Soldier</span>:</strong> <em>il a pas eq ce con :/</em></div><div class="spacer battle-history"><br></div><div class="battle-history">The opposing Martin Luther King used <strong>Close Combat</strong>!<br></div><div class="battle-history"><small>(Bronzong lost <abbr title="−120/338">35.5%</abbr> of its health!)</small><br></div><div class="battle-history"><small>The opposing Martin Luther King's Defense fell!</small><br></div><div class="battle-history"><small>The opposing Martin Luther King's Special Defense fell!</small><br></div><div class="spacer battle-history"><br></div><div class="battle-history">Bronzong used <strong>Heavy Slam</strong>!<br></div><div class="battle-history"><small>It's not very effective...</small><br></div><div class="battle-history"><small>(The opposing Martin Luther King lost <abbr title="−27/323">8.4%</abbr> of its health!)</small><br></div><div class="spacer battle-history"><br></div><div class="battle-history"><small>Bronzong restored a little HP using its Leftovers!</small><br></div><div class="spacer battle-history"><br></div><h2 class="battle-history">Turn 24</h2><div class="spacer battle-history"><br></div><div class="battle-history">The opposing Martin Luther King used <strong>Close Combat</strong>!<br></div><div class="battle-history"><small>(Bronzong lost <abbr title="−97/338">28.7%</abbr> of its health!)</small><br></div><div class="battle-history"><small>The opposing Martin Luther King's Defense fell!</small><br></div><div class="battle-history"><small>The opposing Martin Luther King's Special Defense fell!</small><br></div><div class="spacer battle-history"><br></div><div class="battle-history">Bronzong fainted!<br></div><div class="spacer battle-history"><br></div><div class="battle-history">Go! <strong>Florges</strong>!<br></div><div class="battle-history"><small>Pointed stones dug into Florges!</small><br></div><div class="spacer battle-history"><br></div><h2 class="battle-history">Turn 25</h2><div class="chat chatmessage-chirac"><strong style="color:hsl(159,68%,38.848447469626436%)"><small>☆</small><span class="username" data-name="Chirac">Chirac</span>:</strong> <em>J'aime pas du tout heavy slam sur bronzong perso</em></div><div class="spacer battle-history"><br></div><div class="battle-history">The opposing Martin Luther King used <strong>Iron Head</strong>!<br></div><div class="battle-history"><small>It's super effective!</small><br></div><div class="battle-history"><small>(Florges lost <abbr title="−234/360">65%</abbr> of its health!)</small><br></div><div class="spacer battle-history"><br></div><div class="battle-history">Florges flinched and couldn't move!<br></div><div class="spacer battle-history"><br></div><div class="battle-history"><small>Florges restored a little HP using its Leftovers!</small><br></div><div class="spacer battle-history"><br></div><h2 class="battle-history">Turn 26</h2><div class="chat"><small>GreninjaWarrior21 joined.</small></div><div class="chat chatmessage-basedlordsoldier"><strong style="color:hsl(308,87%,37.52067888841012%)"><small>☆</small><span class="username" data-name="BasedLord Soldier">BasedLord Soldier</span>:</strong> <em>c la team de sacri je crois</em></div><div class="chat chatmessage-basedlordsoldier"><strong style="color:hsl(308,87%,37.52067888841012%)"><small>☆</small><span class="username" data-name="BasedLord Soldier">BasedLord Soldier</span>:</strong> <em>tu iras le lui dire</em></div><div class="spacer battle-history"><br></div><div class="battle-history">The opposing Martin Luther King used <strong>Iron Head</strong>!<br></div><div class="battle-history"><small>It's super effective!</small><br></div><div class="battle-history"><small>(Florges lost <abbr title="−103/360">28.6%</abbr> of its health!)</small><br></div><div class="spacer battle-history"><br></div><div class="battle-history">Florges fainted!<br></div><div class="chat chatmessage-chirac"><strong style="color:hsl(159,68%,38.848447469626436%)"><small>☆</small><span class="username" data-name="Chirac">Chirac</span>:</strong> <em>Dac</em></div><div class="spacer battle-history"><br></div><div class="battle-history">Go! Ampharos (<strong>Ampharos-Mega</strong>)!<br></div><div class="battle-history"><small>Pointed stones dug into Ampharos!</small><br></div><div class="battle-history"><small>[Ampharos's Mold Breaker]</small><br><small>Ampharos breaks the mold!</small><br></div><div class="spacer battle-history"><br></div><h2 class="battle-history">Turn 27</h2><div class="chat chatmessage-basedlordsoldier"><strong style="color:hsl(308,87%,37.52067888841012%)"><small>☆</small><span class="username" data-name="BasedLord Soldier">BasedLord Soldier</span>:</strong> <em>gg</em></div><div class="spacer battle-history"><br></div><div class="battle-history">The opposing Martin Luther King used <strong>Close Combat</strong>!<br></div><div class="battle-history"><small>(Ampharos lost <abbr title="−9/370">2.4%</abbr> of its health!)</small><br></div><div class="battle-history"><small>The opposing Martin Luther King's Defense fell!</small><br></div><div class="battle-history"><small>The opposing Martin Luther King's Special Defense fell!</small><br></div><div class="spacer battle-history"><br></div><div class="battle-history">Ampharos fainted!<br></div><div class="spacer battle-history"><br></div><div class="battle-history"><strong>Chirac</strong> won the battle!<br></div><div class="chat"><small>GreninjaWarrior21 left.</small></div><div class="chat"><small>Chirac left.</small></div><div class="chat"><small>Spriz left.</small></div><div class="chat"><small>Benis Drogniart joined.</small></div><div class="chat"><small>Chirac joined.</small></div></div><div class="inner-preempt"></div></div></div>
</div>
<script>
let daily = Math.floor(Date.now()/1000/60/60/24);document.write('<script src="https://play.pokemonshowdown.com/js/replay-embed.js?version'+daily+'"></'+'script>');
</script>
