<!DOCTYPE html>
<meta charset="utf-8" />
<!-- version 1 -->
<title>UU replay: Neblina εїз vs. SableyeMyBae~</title>
<style>
html,body {font-family:Verdana, sans-serif;font-size:10pt;margin:0;padding:0;}body{padding:12px 0;} .battle-log {font-family:Verdana, sans-serif;font-size:10pt;} .battle-log-inline {border:1px solid #AAAAAA;background:#EEF2F5;color:black;max-width:640px;margin:0 auto 80px;padding-bottom:5px;} .battle-log .inner {padding:4px 8px 0px 8px;} .battle-log .inner-preempt {padding:0 8px 4px 8px;} .battle-log .inner-after {margin-top:0.5em;} .battle-log h2 {margin:0.5em -8px;padding:4px 8px;border:1px solid #AAAAAA;background:#E0E7EA;border-left:0;border-right:0;font-family:Verdana, sans-serif;font-size:13pt;} .battle-log .chat {vertical-align:middle;padding:3px 0 3px 0;font-size:8pt;} .battle-log .chat strong {color:#40576A;} .battle-log .chat em {padding:1px 4px 1px 3px;color:#000000;font-style:normal;} .chat.mine {background:rgba(0,0,0,0.05);margin-left:-8px;margin-right:-8px;padding-left:8px;padding-right:8px;} .spoiler {color:#BBBBBB;background:#BBBBBB;padding:0px 3px;} .spoiler:hover, .spoiler:active, .spoiler-shown {color:#000000;background:#E2E2E2;padding:0px 3px;} .spoiler a {color:#BBBBBB;} .spoiler:hover a, .spoiler:active a, .spoiler-shown a {color:#2288CC;} .chat code, .chat .spoiler:hover code, .chat .spoiler:active code, .chat .spoiler-shown code {border:1px solid #C0C0C0;background:#EEEEEE;color:black;padding:0 2px;} .chat .spoiler code {border:1px solid #CCCCCC;background:#CCCCCC;color:#CCCCCC;} .battle-log .rated {padding:3px 4px;} .battle-log .rated strong {color:white;background:#89A;padding:1px 4px;border-radius:4px;} .spacer {margin-top:0.5em;} .message-announce {background:#6688AA;color:white;padding:1px 4px 2px;} .message-announce a, .broadcast-green a, .broadcast-blue a, .broadcast-red a {color:#DDEEFF;} .broadcast-green {background-color:#559955;color:white;padding:2px 4px;} .broadcast-blue {background-color:#6688AA;color:white;padding:2px 4px;} .infobox {border:1px solid #6688AA;padding:2px 4px;} .infobox-limited {max-height:200px;overflow:auto;overflow-x:hidden;} .broadcast-red {background-color:#AA5544;color:white;padding:2px 4px;} .message-learn-canlearn {font-weight:bold;color:#228822;text-decoration:underline;} .message-learn-cannotlearn {font-weight:bold;color:#CC2222;text-decoration:underline;} .message-effect-weak {font-weight:bold;color:#CC2222;} .message-effect-resist {font-weight:bold;color:#6688AA;} .message-effect-immune {font-weight:bold;color:#666666;} .message-learn-list {margin-top:0;margin-bottom:0;} .message-throttle-notice, .message-error {color:#992222;} .message-overflow, .chat small.message-overflow {font-size:0pt;} .message-overflow::before {font-size:9pt;content:'...';} .subtle {color:#3A4A66;}
</style>
<div class="wrapper replay-wrapper" style="max-width:1180px;margin:0 auto">
<input type="hidden" name="replayid" value="destiny-uu-130688" />
<div class="battle"></div><div class="battle-log"></div><div class="replay-controls"></div><div class="replay-controls-2"></div>
<h1 style="font-weight:normal;text-align:center"><strong>UU</strong><br /><a href="http://pokemonshowdown.com/users/neblina" class="subtle" target="_blank">Neblina εїз</a> vs. <a href="http://pokemonshowdown.com/users/sableyemybae" class="subtle" target="_blank">SableyeMyBae~</a></h1>
<script type="text/plain" class="battle-log-data">|j|Neblina εїз
|j|SableyeMyBae~
|player|p1|Neblina εїз|neblina.gif?ffd2fba6
|player|p2|SableyeMyBae~|smb.png?f7359518
|gametype|singles
|gen|7
|tier|UU
|seed|34949,9027,19035,33535
|rule|Cláusula-Mod de Dormir: solo puedes dormir a uno de tus oponentes a la vez.
|rule|Cláusula de Especie: Hasta un Pokémon de cada especie
|rule|Cláusula de Golpe Fulminante: los movimientos fulminantes (OHKO) estan prohibidos
|rule|Cláusula de Moody: la habilidad Moody está prohibida
|rule|Cláusula de Movimientos Evasivos: los movimientos de evasion estan prohibidos
|rule|Cláusula de Batallas Eternas: forzar batallas eternas está prohibido
|clearpoke
|poke|p1|Aerodactyl, F|item
|poke|p1|Azelf|item
|poke|p1|Incineroar, F|item
|poke|p1|Sylveon, F|item
|poke|p1|Suicune|item
|poke|p1|Zygarde-10%|item
|poke|p2|Alomomola, M|item
|poke|p2|Blissey, F, shiny|item
|poke|p2|Steelix, F, shiny|item
|poke|p2|Mantine, M, shiny|item
|poke|p2|Mandibuzz, F|item
|poke|p2|Quagsire, M|item
|teampreview
|c|☆SableyeMyBae~|hf
|choice|*team 213456|*
|c|☆Neblina εїз|^
|choice|*|*team 213456
|choice|team 2, team 1, team 3, team 4, team 5, team 6|team 2, team 1, team 3, team 4, team 5, team 6
|
|start
|switch|p1a: Azelf|Azelf|354\/354
|switch|p2a: Blissey|Blissey, F, shiny|714\/714
|turn|1
|choice|*move 2|*
|choice|*|*move 2
|choice|move taunt|move toxic
|
|move|p1a: Azelf|Taunt|p2a: Blissey
|-start|p2a: Blissey|move: Taunt
|cant|p2a: Blissey|move: Taunt|Toxic
|
|upkeep
|turn|2
|choice|*move 1|*
|choice|*|*move 1
|choice|move stealthrock|move seismictoss
|
|move|p1a: Azelf|Stealth Rock|p2a: Blissey
|-sidestart|p2: SableyeMyBae~|move: Stealth Rock
|move|p2a: Blissey|Seismic Toss|p1a: Azelf
|-damage|p1a: Azelf|254\/354
|
|upkeep
|turn|3
|choice|*move 3|*
|choice|*|*switch 2
|choice|move explosion|switch 2
|
|switch|p2a: Alomomola|Alomomola, M|524\/524
|-damage|p2a: Alomomola|459\/524|[from] Stealth Rock
|move|p1a: Azelf|Explosion|p2a: Alomomola
|-damage|p2a: Alomomola|273\/524
|faint|p1a: Azelf
|
|upkeep
|choice|*switch 4|*
|choice|switch 4|
|
|switch|p1a: Sylveon|Sylveon, F|350\/350
|turn|4
|choice|*move 1|*
|choice|*|*move 4
|choice|move hypervoice|move protect
|
|move|p2a: Alomomola|Protect|p2a: Alomomola
|-singleturn|p2a: Alomomola|Protect
|move|p1a: Sylveon|Hyper Voice|p2a: Alomomola
|-activate|p2a: Alomomola|move: Protect
|
|upkeep
|turn|5
|j|Rey Joya
|choice|*switch 6|*
|choice|*undo|*
|choice|*move 1|*
|choice|*|*switch 2
|choice|move hypervoice|switch 2
|
|switch|p2a: Blissey|Blissey, F, shiny|714\/714
|-damage|p2a: Blissey|625\/714|[from] Stealth Rock
|move|p1a: Sylveon|Hyper Voice|p2a: Blissey
|-damage|p2a: Blissey|424\/714
|
|-heal|p2a: Blissey|468\/714|[from] item: Leftovers
|upkeep
|turn|6
|choice|*switch 3|*
|choice|*|*move 3
|choice|switch 3|move softboiled
|
|switch|p1a: Incineroar|Incineroar, F|331\/331
|move|p2a: Blissey|Soft-Boiled|p2a: Blissey
|-heal|p2a: Blissey|714\/714
|
|upkeep
|turn|7
|choice|*move 2|*
|choice|*|*switch 5
|choice|move crosschop|switch 5
|
|switch|p2a: Mandibuzz|Mandibuzz, F|423\/423
|-damage|p2a: Mandibuzz|318\/423|[from] Stealth Rock
|move|p1a: Incineroar|Cross Chop|p2a: Mandibuzz
|-damage|p2a: Mandibuzz|198\/423
|
|-heal|p2a: Mandibuzz|224\/423|[from] item: Leftovers
|upkeep
|turn|8
|choice|*move 1 zmove|*
|choice|*|*move 2
|choice|move flareblitz zmove|move defog
|
|-zpower|p1a: Incineroar
|move|p1a: Incineroar|Inferno Overdrive|p2a: Mandibuzz|[zeffect]
|-damage|p2a: Mandibuzz|0 fnt
|faint|p2a: Mandibuzz
|
|upkeep
|choice|*|*switch 4
|choice||switch 4
|
|switch|p2a: Mantine|Mantine, M, shiny|373\/373
|-damage|p2a: Mantine|280\/373|[from] Stealth Rock
|turn|9
|choice|*|*move 2
|choice|*switch 2|*
|choice|switch 2|move defog
|
|switch|p1a: Aerodactyl|Aerodactyl, F|301\/301
|move|p2a: Mantine|Defog|p1a: Aerodactyl
|-unboost|p1a: Aerodactyl|evasion|1
|-sideend|p2: SableyeMyBae~|Stealth Rock|[from] move: Defog|[of] p2a: Mantine
|
|-heal|p2a: Mantine|303\/373|[from] item: Leftovers
|upkeep
|turn|10
|choice|*move 3 mega|*
|choice|*|*switch 6
|choice|move stoneedge mega|switch 6
|
|switch|p2a: Quagsire|Quagsire, M|394\/394
|detailschange|p1a: Aerodactyl|Aerodactyl-Mega, F
|-mega|p1a: Aerodactyl|Aerodactyl|Aerodactylite
|move|p1a: Aerodactyl|Stone Edge|p2a: Quagsire
|-resisted|p2a: Quagsire
|-damage|p2a: Quagsire|325\/394
|
|-heal|p2a: Quagsire|349\/394|[from] item: Leftovers
|upkeep
|turn|11
|choice|*|*move 1
|choice|*switch 3|*
|choice|switch 3|move scald
|
|switch|p1a: Sylveon|Sylveon, F|350\/350
|move|p2a: Quagsire|Scald|p1a: Sylveon
|-damage|p1a: Sylveon|296\/350
|
|-heal|p2a: Quagsire|373\/394|[from] item: Leftovers
|upkeep
|turn|12
|choice|*move 1|*
|choice|*|*switch 5
|choice|move hypervoice|switch 5
|
|switch|p2a: Blissey|Blissey, F, shiny|714\/714
|move|p1a: Sylveon|Hyper Voice|p2a: Blissey
|-damage|p2a: Blissey|515\/714
|
|-heal|p2a: Blissey|559\/714|[from] item: Leftovers
|upkeep
|turn|13
|choice|*switch 2|*
|choice|*|*move 2
|choice|switch 2|move toxic
|
|switch|p1a: Incineroar|Incineroar, F|331\/331
|move|p2a: Blissey|Toxic|p1a: Incineroar
|-status|p1a: Incineroar|tox
|
|-heal|p2a: Blissey|603\/714|[from] item: Leftovers
|-damage|p1a: Incineroar|311\/331 tox|[from] psn
|upkeep
|turn|14
|choice|*switch 5|*
|choice|*|*switch 2
|choice|switch 5|switch 2
|
|switch|p1a: Suicune|Suicune|404\/404
|-ability|p1a: Suicune|Pressure
|switch|p2a: Alomomola|Alomomola, M|447\/524
|
|upkeep
|turn|15
|choice|*move 3|*
|choice|*|*move 2
|choice|move substitute|move toxic
|
|move|p1a: Suicune|Substitute|p1a: Suicune
|-start|p1a: Suicune|Substitute
|-damage|p1a: Suicune|303\/404
|move|p2a: Alomomola|Toxic|p1a: Suicune
|-fail|p1a: Suicune
|
|-heal|p1a: Suicune|328\/404|[from] item: Leftovers
|upkeep
|turn|16
|choice|*|*switch 6
|choice|*|*undo
|choice|*move 4|*
|choice|*|*move 3
|choice|move scald|move wish
|
|move|p1a: Suicune|Scald|p2a: Alomomola
|-resisted|p2a: Alomomola
|-crit|p2a: Alomomola
|-damage|p2a: Alomomola|333\/524
|move|p2a: Alomomola|Wish|p2a: Alomomola
|
|-heal|p1a: Suicune|353\/404|[from] item: Leftovers
|upkeep
|turn|17
|choice|*|*switch 6
|choice|*switch 6|*
|choice|switch 6|switch 6
|
|switch|p1a: Zygarde|Zygarde-10%|249\/249
|-ability|p1a: Zygarde|Aura Break
|switch|p2a: Mantine|Mantine, M, shiny|303\/373
|
|-heal|p2a: Mantine|373\/373|[from] move: Wish|[wisher] Alomomola
|upkeep
|turn|18
|choice|*move 3|*
|choice|*undo|*
|choice|*move 3|*
|choice|*|*switch 6
|choice|move outrage|switch 6
|
|switch|p2a: Alomomola|Alomomola, M|507\/524
|move|p1a: Zygarde|Outrage|p2a: Alomomola
|-damage|p2a: Alomomola|300\/524
|-damage|p1a: Zygarde|208\/249|[from] item: Rocky Helmet|[of] p2a: Alomomola
|
|upkeep
|turn|19
|choice|*|*move 3
|choice|*|*undo
|choice|*|*move 4
|choice|*move 1|*
|choice|move outrage|move protect
|
|move|p2a: Alomomola|Protect|p2a: Alomomola
|-singleturn|p2a: Alomomola|Protect
|move|p1a: Zygarde|Outrage|p2a: Alomomola|[from]lockedmove
|-activate|p2a: Alomomola|move: Protect
|-start|p1a: Zygarde|confusion|[fatigue]
|
|upkeep
|turn|20
|choice|*|*move 3
|choice|*switch 5|*
|choice|switch 5|move wish
|
|switch|p1a: Incineroar|Incineroar, F|311\/331 tox
|move|p2a: Alomomola|Wish|p2a: Alomomola
|
|-damage|p1a: Incineroar|291\/331 tox|[from] psn
|upkeep
|turn|21
|choice|*|*move 4
|choice|*move 3|*
|choice|move darkestlariat|move protect
|
|move|p2a: Alomomola|Protect|p2a: Alomomola
|-singleturn|p2a: Alomomola|Protect
|move|p1a: Incineroar|Darkest Lariat|p2a: Alomomola
|-activate|p2a: Alomomola|move: Protect
|
|-heal|p2a: Alomomola|524\/524|[from] move: Wish|[wisher] Alomomola
|-damage|p1a: Incineroar|251\/331 tox|[from] psn
|upkeep
|turn|22
|choice|*|*switch 5
|choice|*switch 6|*
|choice|switch 6|switch 5
|
|switch|p1a: Suicune|Suicune|353\/404
|-ability|p1a: Suicune|Pressure
|switch|p2a: Quagsire|Quagsire, M|373\/394
|
|-heal|p1a: Suicune|378\/404|[from] item: Leftovers
|-heal|p2a: Quagsire|394\/394|[from] item: Leftovers
|upkeep
|turn|23
|choice|*move 3|*
|choice|*|*switch 2
|choice|move substitute|switch 2
|
|switch|p2a: Blissey|Blissey, F, shiny|603\/714
|move|p1a: Suicune|Substitute|p1a: Suicune
|-start|p1a: Suicune|Substitute
|-damage|p1a: Suicune|277\/404
|
|-heal|p1a: Suicune|302\/404|[from] item: Leftovers
|-heal|p2a: Blissey|647\/714|[from] item: Leftovers
|upkeep
|turn|24
|choice|*move 4|*
|choice|*|*switch 6
|choice|move scald|switch 6
|
|switch|p2a: Mantine|Mantine, M, shiny|373\/373
|move|p1a: Suicune|Scald|p2a: Mantine
|-immune|p2a: Mantine|[msg]|[from] ability: Water Absorb
|
|-heal|p1a: Suicune|327\/404|[from] item: Leftovers
|upkeep
|turn|25
|choice|*|*move 1
|choice|*move 1|*
|choice|move calmmind|move scald
|
|move|p1a: Suicune|Calm Mind|p1a: Suicune
|-boost|p1a: Suicune|spa|1
|-boost|p1a: Suicune|spd|1
|move|p2a: Mantine|Scald|p1a: Suicune
|-resisted|p1a: Suicune
|-activate|p1a: Suicune|move: Substitute|[damage]
|
|-heal|p1a: Suicune|352\/404|[from] item: Leftovers
|upkeep
|turn|26
|choice|*|*switch 6
|choice|*move 1|*
|choice|move calmmind|switch 6
|
|switch|p2a: Blissey|Blissey, F, shiny|647\/714
|move|p1a: Suicune|Calm Mind|p1a: Suicune
|-boost|p1a: Suicune|spa|1
|-boost|p1a: Suicune|spd|1
|
|-heal|p1a: Suicune|377\/404|[from] item: Leftovers
|-heal|p2a: Blissey|691\/714|[from] item: Leftovers
|upkeep
|turn|27
|choice|*move 4|*
|choice|*|*switch 6
|choice|move scald|switch 6
|
|switch|p2a: Mantine|Mantine, M, shiny|373\/373
|move|p1a: Suicune|Scald|p2a: Mantine
|-immune|p2a: Mantine|[msg]|[from] ability: Water Absorb
|
|-heal|p1a: Suicune|402\/404|[from] item: Leftovers
|upkeep
|turn|28
|choice|*|*move 4
|choice|*move 2|*
|choice|move protect|move haze
|
|move|p1a: Suicune|Protect|p1a: Suicune
|-singleturn|p1a: Suicune|Protect
|move|p2a: Mantine|Haze|p2a: Mantine
|-clearallboost
|
|-heal|p1a: Suicune|404\/404|[from] item: Leftovers
|upkeep
|turn|29
|choice|*|*switch 6
|choice|*switch 2|*
|choice|switch 2|switch 6
|
|switch|p1a: Sylveon|Sylveon, F|296\/350
|switch|p2a: Blissey|Blissey, F, shiny|691\/714
|
|-heal|p2a: Blissey|714\/714|[from] item: Leftovers
|upkeep
|turn|30
|choice|*move 4|*
|choice|*|*move 1
|choice|move psyshock|move seismictoss
|
|move|p1a: Sylveon|Psyshock|p2a: Blissey
|-damage|p2a: Blissey|404\/714
|move|p2a: Blissey|Seismic Toss|p1a: Sylveon
|-damage|p1a: Sylveon|196\/350
|
|-heal|p2a: Blissey|448\/714|[from] item: Leftovers
|upkeep
|turn|31
|choice|*move 4|*
|choice|*|*move 3
|choice|move psyshock|move softboiled
|
|move|p1a: Sylveon|Psyshock|p2a: Blissey
|-damage|p2a: Blissey|147\/714
|move|p2a: Blissey|Soft-Boiled|p2a: Blissey
|-heal|p2a: Blissey|504\/714
|
|-heal|p2a: Blissey|548\/714|[from] item: Leftovers
|upkeep
|turn|32
|choice|*move 4|*
|choice|*|*move 3
|choice|move psyshock|move softboiled
|
|move|p1a: Sylveon|Psyshock|p2a: Blissey
|-damage|p2a: Blissey|247\/714
|move|p2a: Blissey|Soft-Boiled|p2a: Blissey
|-heal|p2a: Blissey|604\/714
|
|-heal|p2a: Blissey|648\/714|[from] item: Leftovers
|upkeep
|turn|33
|choice|*move 4|*
|choice|*|*switch 3
|choice|move psyshock|switch 3
|
|switch|p2a: Steelix|Steelix, F, shiny|354\/354
|move|p1a: Sylveon|Psyshock|p2a: Steelix
|-resisted|p2a: Steelix
|-damage|p2a: Steelix|314\/354
|
|upkeep
|turn|34
|choice|*switch 6|*
|choice|*|*move 3 mega
|choice|switch 6|move stealthrock mega
|
|switch|p1a: Incineroar|Incineroar, F|251\/331 tox
|detailschange|p2a: Steelix|Steelix-Mega, F, shiny
|-mega|p2a: Steelix|Steelix|Steelixite
|move|p2a: Steelix|Stealth Rock|p1a: Incineroar
|-sidestart|p1: Neblina εїз|move: Stealth Rock
|
|-damage|p1a: Incineroar|231\/331 tox|[from] psn
|upkeep
|turn|35
|c|☆Neblina εїз|no pudiste sacarme algo ma ssida¿?
|choice|*|*switch 2
|choice|*move 3|*
|choice|move darkestlariat|switch 2
|
|switch|p2a: Quagsire|Quagsire, M|394\/394
|move|p1a: Incineroar|Darkest Lariat|p2a: Quagsire
|-damage|p2a: Quagsire|274\/394
|
|-heal|p2a: Quagsire|298\/394|[from] item: Leftovers
|-damage|p1a: Incineroar|191\/331 tox|[from] psn
|upkeep
|turn|36
|c|☆SableyeMyBae~|baton pass está ban
|choice|*move 3|*
|choice|*|*move 1
|choice|move darkestlariat|move scald
|
|move|p1a: Incineroar|Darkest Lariat|p2a: Quagsire
|-damage|p2a: Quagsire|184\/394
|move|p2a: Quagsire|Scald|p1a: Incineroar
|-supereffective|p1a: Incineroar
|-damage|p1a: Incineroar|39\/331 tox
|
|-heal|p2a: Quagsire|208\/394|[from] item: Leftovers
|-damage|p1a: Incineroar|0 fnt|[from] psn
|upkeep
|faint|p1a: Incineroar
|c|☆Neblina εїз|que asco la verdad
|choice|*switch 2|*
|choice|switch 2|
|
|switch|p1a: Suicune|Suicune|404\/404
|-damage|p1a: Suicune|354\/404|[from] Stealth Rock
|-ability|p1a: Suicune|Pressure
|turn|37
|choice|*move 2|*
|choice|*|*move 3
|choice|move protect|move recover
|
|move|p1a: Suicune|Protect|p1a: Suicune
|-singleturn|p1a: Suicune|Protect
|move|p2a: Quagsire|Recover|p2a: Quagsire
|-heal|p2a: Quagsire|394\/394
|
|-heal|p1a: Suicune|379\/404|[from] item: Leftovers
|upkeep
|turn|38
|choice|*switch 6|*
|choice|*|*switch 3
|choice|switch 6|switch 3
|
|switch|p1a: Sylveon|Sylveon, F|196\/350
|-damage|p1a: Sylveon|153\/350|[from] Stealth Rock
|switch|p2a: Blissey|Blissey, F, shiny|648\/714
|
|-heal|p2a: Blissey|692\/714|[from] item: Leftovers
|upkeep
|turn|39
|choice|*move 3|*
|choice|*|*move 2
|choice|move hiddenpower|move toxic
|
|move|p1a: Sylveon|Hidden Power|p2a: Blissey
|-damage|p2a: Blissey|615\/714
|move|p2a: Blissey|Toxic|p1a: Sylveon|[miss]
|-miss|p2a: Blissey|p1a: Sylveon
|
|-heal|p2a: Blissey|659\/714|[from] item: Leftovers
|upkeep
|turn|40
|choice|*|*move 2
|choice|*switch 5|*
|choice|switch 5|move toxic
|
|switch|p1a: Zygarde|Zygarde-10%|208\/249
|-damage|p1a: Zygarde|193\/249|[from] Stealth Rock
|-ability|p1a: Zygarde|Aura Break
|move|p2a: Blissey|Toxic|p1a: Zygarde
|-status|p1a: Zygarde|tox
|
|-heal|p2a: Blissey|703\/714|[from] item: Leftovers
|-damage|p1a: Zygarde|178\/249 tox|[from] psn
|upkeep
|turn|41
|choice|*move 2|*
|choice|*|*switch 5
|choice|move thousandarrows|switch 5
|
|switch|p2a: Alomomola|Alomomola, M|524\/524
|move|p1a: Zygarde|Thousand Arrows|p2a: Alomomola
|-damage|p2a: Alomomola|367\/524
|
|-damage|p1a: Zygarde|148\/249 tox|[from] psn
|upkeep
|turn|42
|choice|*switch 3|*
|choice|*|*move 2
|choice|switch 3|move toxic
|
|switch|p1a: Aerodactyl|Aerodactyl-Mega, F|301\/301
|-damage|p1a: Aerodactyl|226\/301|[from] Stealth Rock
|move|p2a: Alomomola|Toxic|p1a: Aerodactyl
|-status|p1a: Aerodactyl|tox
|
|-damage|p1a: Aerodactyl|208\/301 tox|[from] psn
|upkeep
|turn|43
|choice|*move 1|*
|choice|*|*move 3
|choice|move honeclaws|move wish
|
|move|p1a: Aerodactyl|Hone Claws|p1a: Aerodactyl
|-boost|p1a: Aerodactyl|atk|1
|-boost|p1a: Aerodactyl|accuracy|1
|move|p2a: Alomomola|Wish|p2a: Alomomola
|
|-damage|p1a: Aerodactyl|172\/301 tox|[from] psn
|upkeep
|turn|44
|choice|*move 2|*
|choice|*|*switch 3
|choice|move aquatail|switch 3
|
|switch|p2a: Quagsire|Quagsire, M|394\/394
|move|p1a: Aerodactyl|Aqua Tail|p2a: Quagsire
|-damage|p2a: Quagsire|273\/394
|
|-heal|p2a: Quagsire|394\/394|[from] move: Wish|[wisher] Alomomola
|-damage|p1a: Aerodactyl|118\/301 tox|[from] psn
|upkeep
|turn|45
|choice|*move 2|*
|choice|*|*move 2
|choice|move aquatail|move earthquake
|
|move|p1a: Aerodactyl|Aqua Tail|p2a: Quagsire
|-damage|p2a: Quagsire|282\/394
|move|p2a: Quagsire|Earthquake|p1a: Aerodactyl
|-immune|p1a: Aerodactyl|[msg]
|
|-heal|p2a: Quagsire|306\/394|[from] item: Leftovers
|-damage|p1a: Aerodactyl|46\/301 tox|[from] psn
|upkeep
|turn|46
|choice|*|*move 3
|choice|*move 2|*
|choice|move aquatail|move recover
|
|move|p1a: Aerodactyl|Aqua Tail|p2a: Quagsire
|-damage|p2a: Quagsire|190\/394
|move|p2a: Quagsire|Recover|p2a: Quagsire
|-heal|p2a: Quagsire|387\/394
|
|-heal|p2a: Quagsire|394\/394|[from] item: Leftovers
|-damage|p1a: Aerodactyl|0 fnt|[from] psn
|upkeep
|faint|p1a: Aerodactyl
|choice|*switch 5|*
|choice|switch 5|
|
|switch|p1a: Sylveon|Sylveon, F|153\/350
|-damage|p1a: Sylveon|110\/350|[from] Stealth Rock
|turn|47
|choice|*move 4|*
|choice|*|*switch 5
|choice|move psyshock|switch 5
|
|switch|p2a: Blissey|Blissey, F, shiny|703\/714
|move|p1a: Sylveon|Psyshock|p2a: Blissey
|-crit|p2a: Blissey
|-damage|p2a: Blissey|295\/714
|
|-heal|p2a: Blissey|339\/714|[from] item: Leftovers
|upkeep
|turn|48
|choice|*move 4|*
|choice|*|*move 3
|choice|move psyshock|move softboiled
|
|move|p1a: Sylveon|Psyshock|p2a: Blissey
|-damage|p2a: Blissey|45\/714
|move|p2a: Blissey|Soft-Boiled|p2a: Blissey
|-heal|p2a: Blissey|402\/714
|
|-heal|p2a: Blissey|446\/714|[from] item: Leftovers
|upkeep
|turn|49
|choice|*move 4|*
|choice|*|*move 3
|choice|move psyshock|move softboiled
|
|move|p1a: Sylveon|Psyshock|p2a: Blissey
|-damage|p2a: Blissey|158\/714
|move|p2a: Blissey|Soft-Boiled|p2a: Blissey
|-heal|p2a: Blissey|515\/714
|
|-heal|p2a: Blissey|559\/714|[from] item: Leftovers
|upkeep
|turn|50
|choice|*move 4|*
|choice|*|*move 3
|choice|move psyshock|move softboiled
|
|move|p1a: Sylveon|Psyshock|p2a: Blissey
|-damage|p2a: Blissey|265\/714
|move|p2a: Blissey|Soft-Boiled|p2a: Blissey
|-heal|p2a: Blissey|622\/714
|
|-heal|p2a: Blissey|666\/714|[from] item: Leftovers
|upkeep
|turn|51
|choice|*move 4|*
|choice|*|*move 2
|choice|move psyshock|move toxic
|
|move|p1a: Sylveon|Psyshock|p2a: Blissey
|-damage|p2a: Blissey|369\/714
|move|p2a: Blissey|Toxic|p1a: Sylveon
|-status|p1a: Sylveon|tox
|
|-heal|p2a: Blissey|413\/714|[from] item: Leftovers
|-damage|p1a: Sylveon|89\/350 tox|[from] psn
|upkeep
|turn|52
|choice|*move 4|*
|choice|*|*switch 2
|choice|move psyshock|switch 2
|
|switch|p2a: Steelix|Steelix-Mega, F, shiny|314\/354
|move|p1a: Sylveon|Psyshock|p2a: Steelix
|-resisted|p2a: Steelix
|-damage|p2a: Steelix|279\/354
|
|-damage|p1a: Sylveon|47\/350 tox|[from] psn
|upkeep
|turn|53
|choice|*move 4|*
|choice|*|*move 2
|choice|move psyshock|move earthquake
|
|move|p1a: Sylveon|Psyshock|p2a: Steelix
|-resisted|p2a: Steelix
|-damage|p2a: Steelix|244\/354
|move|p2a: Steelix|Earthquake|p1a: Sylveon
|-damage|p1a: Sylveon|0 fnt
|faint|p1a: Sylveon
|
|upkeep
|choice|*switch 3|*
|choice|switch 3|
|
|switch|p1a: Zygarde|Zygarde-10%|148\/249 tox
|-damage|p1a: Zygarde|133\/249 tox|[from] Stealth Rock
|-ability|p1a: Zygarde|Aura Break
|turn|54
|choice|*|*move 1
|choice|*move 3|*
|choice|move outrage|move heavyslam
|
|move|p1a: Zygarde|Outrage|p2a: Steelix
|-resisted|p2a: Steelix
|-damage|p2a: Steelix|180\/354
|move|p2a: Steelix|Heavy Slam|p1a: Zygarde
|-damage|p1a: Zygarde|0 fnt
|faint|p1a: Zygarde
|
|upkeep
|choice|*switch 6|*
|choice|switch 6|
|
|switch|p1a: Suicune|Suicune|379\/404
|-damage|p1a: Suicune|329\/404|[from] Stealth Rock
|-ability|p1a: Suicune|Pressure
|turn|55
|choice|*move 3|*
|choice|*|*switch 2
|choice|move substitute|switch 2
|
|switch|p2a: Blissey|Blissey, F, shiny|413\/714
|move|p1a: Suicune|Substitute|p1a: Suicune
|-start|p1a: Suicune|Substitute
|-damage|p1a: Suicune|228\/404
|
|-heal|p1a: Suicune|253\/404|[from] item: Leftovers
|-heal|p2a: Blissey|457\/714|[from] item: Leftovers
|upkeep
|turn|56
|choice|*|*move 3
|choice|*move 1|*
|choice|move calmmind|move softboiled
|
|move|p1a: Suicune|Calm Mind|p1a: Suicune
|-boost|p1a: Suicune|spa|1
|-boost|p1a: Suicune|spd|1
|move|p2a: Blissey|Soft-Boiled|p2a: Blissey
|-heal|p2a: Blissey|714\/714
|
|-heal|p1a: Suicune|278\/404|[from] item: Leftovers
|upkeep
|turn|57
|c|☆SableyeMyBae~|gg
|choice|*move 1|*
|choice|*|*move 1
|choice|move calmmind|move seismictoss
|
|move|p1a: Suicune|Calm Mind|p1a: Suicune
|-boost|p1a: Suicune|spa|1
|-boost|p1a: Suicune|spd|1
|move|p2a: Blissey|Seismic Toss|p1a: Suicune
|-activate|p1a: Suicune|move: Substitute|[damage]
|
|-heal|p1a: Suicune|303\/404|[from] item: Leftovers
|upkeep
|turn|58
|choice|*|*move 1
|choice|*move 1|*
|choice|move calmmind|move seismictoss
|
|move|p1a: Suicune|Calm Mind|p1a: Suicune
|-boost|p1a: Suicune|spa|1
|-boost|p1a: Suicune|spd|1
|move|p2a: Blissey|Seismic Toss|p1a: Suicune
|-end|p1a: Suicune|Substitute
|
|-heal|p1a: Suicune|328\/404|[from] item: Leftovers
|upkeep
|turn|59
|choice|*|*move 1
|choice|*move 3|*
|choice|move substitute|move seismictoss
|
|move|p1a: Suicune|Substitute|p1a: Suicune
|-start|p1a: Suicune|Substitute
|-damage|p1a: Suicune|227\/404
|move|p2a: Blissey|Seismic Toss|p1a: Suicune
|-activate|p1a: Suicune|move: Substitute|[damage]
|
|-heal|p1a: Suicune|252\/404|[from] item: Leftovers
|upkeep
|turn|60
|choice|*|*move 1
|choice|*move 1|*
|choice|move calmmind|move seismictoss
|
|move|p1a: Suicune|Calm Mind|p1a: Suicune
|-boost|p1a: Suicune|spa|1
|-boost|p1a: Suicune|spd|1
|move|p2a: Blissey|Seismic Toss|p1a: Suicune
|-end|p1a: Suicune|Substitute
|
|-heal|p1a: Suicune|277\/404|[from] item: Leftovers
|upkeep
|turn|61
|choice|*|*switch 6
|choice|*move 3|*
|choice|move substitute|switch 6
|
|switch|p2a: Mantine|Mantine, M, shiny|373\/373
|move|p1a: Suicune|Substitute|p1a: Suicune
|-start|p1a: Suicune|Substitute
|-damage|p1a: Suicune|176\/404
|
|-heal|p1a: Suicune|201\/404|[from] item: Leftovers
|upkeep
|turn|62
|choice|*move 2|*
|choice|*|*move 4
|choice|move protect|move haze
|
|move|p1a: Suicune|Protect|p1a: Suicune
|-singleturn|p1a: Suicune|Protect
|move|p2a: Mantine|Haze|p2a: Mantine
|-clearallboost
|
|-heal|p1a: Suicune|226\/404|[from] item: Leftovers
|upkeep
|turn|63
|choice|*move 1|*
|choice|*|*switch 5
|choice|move calmmind|switch 5
|
|switch|p2a: Quagsire|Quagsire, M|394\/394
|move|p1a: Suicune|Calm Mind|p1a: Suicune
|-boost|p1a: Suicune|spa|1
|-boost|p1a: Suicune|spd|1
|
|-heal|p1a: Suicune|251\/404|[from] item: Leftovers
|upkeep
|turn|64
|choice|*|*move 4
|choice|*move 4|*
|choice|move scald|move curse
|
|move|p1a: Suicune|Scald|p2a: Quagsire
|-damage|p2a: Quagsire|277\/394
|move|p2a: Quagsire|Curse|p2a: Quagsire
|-unboost|p2a: Quagsire|spe|1
|-boost|p2a: Quagsire|atk|1
|-boost|p2a: Quagsire|def|1
|
|-heal|p1a: Suicune|276\/404|[from] item: Leftovers
|-heal|p2a: Quagsire|301\/394|[from] item: Leftovers
|upkeep
|turn|65
|choice|*|*move 4
|choice|*move 4|*
|choice|move scald|move curse
|
|move|p1a: Suicune|Scald|p2a: Quagsire
|-damage|p2a: Quagsire|178\/394
|move|p2a: Quagsire|Curse|p2a: Quagsire
|-unboost|p2a: Quagsire|spe|1
|-boost|p2a: Quagsire|atk|1
|-boost|p2a: Quagsire|def|1
|
|-heal|p1a: Suicune|301\/404|[from] item: Leftovers
|-heal|p2a: Quagsire|202\/394|[from] item: Leftovers
|upkeep
|turn|66
|choice|*|*move 3
|choice|*move 4|*
|choice|move scald|move recover
|
|move|p1a: Suicune|Scald|p2a: Quagsire
|-damage|p2a: Quagsire|87\/394
|move|p2a: Quagsire|Recover|p2a: Quagsire
|-heal|p2a: Quagsire|284\/394
|
|-heal|p1a: Suicune|326\/404|[from] item: Leftovers
|-heal|p2a: Quagsire|308\/394|[from] item: Leftovers
|upkeep
|turn|67
|choice|*|*move 4
|choice|*move 4|*
|choice|move scald|move curse
|
|move|p1a: Suicune|Scald|p2a: Quagsire
|-damage|p2a: Quagsire|187\/394
|move|p2a: Quagsire|Curse|p2a: Quagsire
|-unboost|p2a: Quagsire|spe|1
|-boost|p2a: Quagsire|atk|1
|-boost|p2a: Quagsire|def|1
|
|-heal|p1a: Suicune|351\/404|[from] item: Leftovers
|-heal|p2a: Quagsire|211\/394|[from] item: Leftovers
|upkeep
|turn|68
|choice|*|*move 3
|choice|*move 4|*
|choice|move scald|move recover
|
|move|p1a: Suicune|Scald|p2a: Quagsire
|-damage|p2a: Quagsire|94\/394
|move|p2a: Quagsire|Recover|p2a: Quagsire
|-heal|p2a: Quagsire|291\/394
|
|-heal|p1a: Suicune|376\/404|[from] item: Leftovers
|-heal|p2a: Quagsire|315\/394|[from] item: Leftovers
|upkeep
|turn|69
|choice|*|*move 2
|choice|*move 4|*
|choice|move scald|move earthquake
|
|move|p1a: Suicune|Scald|p2a: Quagsire
|-damage|p2a: Quagsire|183\/394
|move|p2a: Quagsire|Earthquake|p1a: Suicune
|-end|p1a: Suicune|Substitute
|
|-heal|p1a: Suicune|401\/404|[from] item: Leftovers
|-heal|p2a: Quagsire|207\/394|[from] item: Leftovers
|upkeep
|turn|70
|choice|*move 4|*
|choice|*|*move 3
|choice|move scald|move recover
|
|move|p1a: Suicune|Scald|p2a: Quagsire
|-damage|p2a: Quagsire|87\/394
|move|p2a: Quagsire|Recover|p2a: Quagsire
|-heal|p2a: Quagsire|284\/394
|
|-heal|p1a: Suicune|404\/404|[from] item: Leftovers
|-heal|p2a: Quagsire|308\/394|[from] item: Leftovers
|upkeep
|turn|71
|choice|*|*move 2
|choice|*move 3|*
|choice|move substitute|move earthquake
|
|move|p1a: Suicune|Substitute|p1a: Suicune
|-start|p1a: Suicune|Substitute
|-damage|p1a: Suicune|303\/404
|move|p2a: Quagsire|Earthquake|p1a: Suicune
|-end|p1a: Suicune|Substitute
|
|-heal|p1a: Suicune|328\/404|[from] item: Leftovers
|-heal|p2a: Quagsire|332\/394|[from] item: Leftovers
|upkeep
|turn|72
|choice|*|*move 2
|choice|*move 4|*
|choice|move scald|move earthquake
|
|move|p1a: Suicune|Scald|p2a: Quagsire
|-damage|p2a: Quagsire|218\/394
|move|p2a: Quagsire|Earthquake|p1a: Suicune
|-damage|p1a: Suicune|163\/404
|
|-heal|p1a: Suicune|188\/404|[from] item: Leftovers
|-heal|p2a: Quagsire|242\/394|[from] item: Leftovers
|upkeep
|turn|73
|choice|*|*move 4
|choice|*move 4|*
|choice|move scald|move curse
|
|move|p1a: Suicune|Scald|p2a: Quagsire
|-damage|p2a: Quagsire|128\/394
|move|p2a: Quagsire|Curse|p2a: Quagsire
|-unboost|p2a: Quagsire|spe|1
|-boost|p2a: Quagsire|atk|1
|-boost|p2a: Quagsire|def|1
|
|-heal|p1a: Suicune|213\/404|[from] item: Leftovers
|-heal|p2a: Quagsire|152\/394|[from] item: Leftovers
|upkeep
|turn|74
|choice|*|*move 3
|choice|*|*undo
|choice|*move 4|*
|choice|*|*move 2
|choice|move scald|move earthquake
|
|move|p1a: Suicune|Scald|p2a: Quagsire
|-damage|p2a: Quagsire|23\/394
|move|p2a: Quagsire|Earthquake|p1a: Suicune
|-damage|p1a: Suicune|8\/404
|
|-heal|p1a: Suicune|33\/404|[from] item: Leftovers
|-heal|p2a: Quagsire|47\/394|[from] item: Leftovers
|upkeep
|turn|75
|choice|*move 4|*
|choice|*|*move 2
|choice|move scald|move earthquake
|
|move|p1a: Suicune|Scald|p2a: Quagsire
|-damage|p2a: Quagsire|0 fnt
|faint|p2a: Quagsire
|
|-heal|p1a: Suicune|58\/404|[from] item: Leftovers
|upkeep
|choice|*|*switch 6
|choice||switch 6
|
|switch|p2a: Blissey|Blissey, F, shiny|714\/714
|turn|76
|choice|*move 2|*
|choice|*|*move 1
|choice|move protect|move seismictoss
|
|move|p1a: Suicune|Protect|p1a: Suicune
|-singleturn|p1a: Suicune|Protect
|move|p2a: Blissey|Seismic Toss|p1a: Suicune
|-activate|p1a: Suicune|move: Protect
|
|-heal|p1a: Suicune|83\/404|[from] item: Leftovers
|upkeep
|turn|77
|choice|*|*move 1
|choice|*move 2|*
|choice|move protect|move seismictoss
|
|move|p1a: Suicune|Protect|p1a: Suicune
|-fail|p1a: Suicune
|move|p2a: Blissey|Seismic Toss|p1a: Suicune
|-damage|p1a: Suicune|0 fnt
|faint|p1a: Suicune
|
|win|SableyeMyBae~
|player|p1
|player|p2</script>
</div>
<div class="battle-log battle-log-inline"><div class="inner"><div class="battle-options"></div><div class="inner"><div class="chat"><small>Neblina εїз joined.</small></div><div class="chat"><small>SableyeMyBae~ joined.</small></div><div class=""><small>Format:</small> <br><strong>UU</strong></div><div class=""><small><em>Cláusula-Mod de Dormir:</em> solo puedes dormir a uno de tus oponentes a la vez.</small></div><div class=""><small><em>Cláusula de Especie:</em> Hasta un Pokémon de cada especie</small></div><div class=""><small><em>Cláusula de Golpe Fulminante:</em> los movimientos fulminantes (OHKO) estan prohibidos</small></div><div class=""><small><em>Cláusula de Moody:</em> la habilidad Moody está prohibida</small></div><div class=""><small><em>Cláusula de Movimientos Evasivos:</em> los movimientos de evasion estan prohibidos</small></div><div class=""><small><em>Cláusula de Batallas Eternas:</em> forzar batallas eternas está prohibido</small></div><div class="chat battle-history"><strong>Neblina εїз's team:</strong> <em style="color:#445566;display:block;">Aerodactyl / Azelf / Incineroar / Sylveon / Suicune / Zygarde-10%</em></div><div class="chat battle-history"><strong>SableyeMyBae~'s team:</strong> <em style="color:#445566;display:block;">Alomomola / Blissey / Steelix / Mantine / Mandibuzz / Quagsire</em></div><div class="chat chatmessage-sableyemybae"><strong style="color:hsl(63,53%,39.786338788226445%)"><small>☆</small><span class="username" data-name="SableyeMyBae~">SableyeMyBae~</span>:</strong> <em>hf</em></div><div class="chat chatmessage-neblina"><strong style="color:hsl(176,89%,34.213001678159486%)"><small>☆</small><span class="username" data-name="Neblina εїз">Neblina εїз</span>:</strong> <em>^</em></div><div class="spacer battle-history"><br></div><div class="battle-history">Battle started between Neblina εїз and SableyeMyBae~!<br></div><div class="spacer battle-history"><br></div><div class="battle-history">Go! <strong>Azelf</strong>!<br></div><div class="spacer battle-history"><br></div><div class="battle-history">SableyeMyBae~ sent out <strong>Blissey</strong>!<br></div><div class="spacer battle-history"><br></div><h2 class="battle-history">Turn 1</h2><div class="spacer battle-history"><br></div><div class="battle-history">Azelf used <strong>Taunt</strong>!<br></div><div class="battle-history"><small>The opposing Blissey fell for the taunt!</small><br></div><div class="spacer battle-history"><br></div><div class="battle-history">The opposing Blissey can't use Toxic after the taunt!<br></div><div class="spacer battle-history"><br></div><h2 class="battle-history">Turn 2</h2><div class="spacer battle-history"><br></div><div class="battle-history">Azelf used <strong>Stealth Rock</strong>!<br></div><div class="battle-history"><small>Pointed stones float in the air around the opposing team!</small><br></div><div class="spacer battle-history"><br></div><div class="battle-history">The opposing Blissey used <strong>Seismic Toss</strong>!<br></div><div class="battle-history"><small>(Azelf lost <abbr title="−100/354">28.2%</abbr> of its health!)</small><br></div><div class="spacer battle-history"><br></div><h2 class="battle-history">Turn 3</h2><div class="spacer battle-history"><br></div><div class="battle-history">SableyeMyBae~ withdrew Blissey!<br></div><div class="battle-history">SableyeMyBae~ sent out <strong>Alomomola</strong>!<br></div><div class="battle-history"><small>Pointed stones dug into the opposing Alomomola!</small><br></div><div class="spacer battle-history"><br></div><div class="battle-history">Azelf used <strong>Explosion</strong>!<br></div><div class="battle-history"><small>(The opposing Alomomola lost <abbr title="−186/524">35.5%</abbr> of its health!)</small><br></div><div class="spacer battle-history"><br></div><div class="battle-history">Azelf fainted!<br></div><div class="spacer battle-history"><br></div><div class="battle-history">Go! <strong>Sylveon</strong>!<br></div><div class="spacer battle-history"><br></div><h2 class="battle-history">Turn 4</h2><div class="spacer battle-history"><br></div><div class="battle-history">The opposing Alomomola used <strong>Protect</strong>!<br></div><div class="battle-history"><small>The opposing Alomomola protected itself!</small><br></div><div class="spacer battle-history"><br></div><div class="battle-history">Sylveon used <strong>Hyper Voice</strong>!<br></div><div class="battle-history"><small>The opposing Alomomola protected itself!</small><br></div><div class="spacer battle-history"><br></div><h2 class="battle-history">Turn 5</h2><div class="chat"><small>Rey Joya joined.</small></div><div class="spacer battle-history"><br></div><div class="battle-history">SableyeMyBae~ withdrew Alomomola!<br></div><div class="battle-history">SableyeMyBae~ sent out <strong>Blissey</strong>!<br></div><div class="battle-history"><small>Pointed stones dug into the opposing Blissey!</small><br></div><div class="spacer battle-history"><br></div><div class="battle-history">Sylveon used <strong>Hyper Voice</strong>!<br></div><div class="battle-history"><small>(The opposing Blissey lost <abbr title="−201/714">28.2%</abbr> of its health!)</small><br></div><div class="spacer battle-history"><br></div><div class="battle-history"><small>The opposing Blissey restored a little HP using its Leftovers!</small><br></div><div class="spacer battle-history"><br></div><h2 class="battle-history">Turn 6</h2><div class="spacer battle-history"><br></div><div class="battle-history">Sylveon, come back!<br></div><div class="battle-history">Go! <strong>Incineroar</strong>!<br></div><div class="spacer battle-history"><br></div><div class="battle-history">The opposing Blissey used <strong>Soft-Boiled</strong>!<br></div><div class="battle-history"><small>The opposing Blissey restored its HP.</small><br></div><div class="spacer battle-history"><br></div><h2 class="battle-history">Turn 7</h2><div class="spacer battle-history"><br></div><div class="battle-history">SableyeMyBae~ withdrew Blissey!<br></div><div class="battle-history">SableyeMyBae~ sent out <strong>Mandibuzz</strong>!<br></div><div class="battle-history"><small>Pointed stones dug into the opposing Mandibuzz!</small><br></div><div class="spacer battle-history"><br></div><div class="battle-history">Incineroar used <strong>Cross Chop</strong>!<br></div><div class="battle-history"><small>(The opposing Mandibuzz lost <abbr title="−120/423">28.4%</abbr> of its health!)</small><br></div><div class="spacer battle-history"><br></div><div class="battle-history"><small>The opposing Mandibuzz restored a little HP using its Leftovers!</small><br></div><div class="spacer battle-history"><br></div><h2 class="battle-history">Turn 8</h2><div class="spacer battle-history"><br></div><div class="battle-history"><small>Incineroar surrounded itself with its Z-Power!</small><br></div><div class="spacer battle-history"><br></div><div class="battle-history">Incineroar used <strong>Inferno Overdrive</strong>!<br></div><div class="battle-history"><small>(The opposing Mandibuzz lost <abbr title="−224/423">53.0%</abbr> of its health!)</small><br></div><div class="spacer battle-history"><br></div><div class="battle-history">The opposing Mandibuzz fainted!<br></div><div class="spacer battle-history"><br></div><div class="battle-history">SableyeMyBae~ sent out <strong>Mantine</strong>!<br></div><div class="battle-history"><small>Pointed stones dug into the opposing Mantine!</small><br></div><div class="spacer battle-history"><br></div><h2 class="battle-history">Turn 9</h2><div class="spacer battle-history"><br></div><div class="battle-history">Incineroar, come back!<br></div><div class="battle-history">Go! <strong>Aerodactyl</strong>!<br></div><div class="spacer battle-history"><br></div><div class="battle-history">The opposing Mantine used <strong>Defog</strong>!<br></div><div class="battle-history"><small>Aerodactyl's evasiveness fell!</small><br></div><div class="battle-history"><small>The pointed stones disappeared from around the opposing team!</small><br></div><div class="spacer battle-history"><br></div><div class="battle-history"><small>The opposing Mantine restored a little HP using its Leftovers!</small><br></div><div class="spacer battle-history"><br></div><h2 class="battle-history">Turn 10</h2><div class="spacer battle-history"><br></div><div class="battle-history">SableyeMyBae~ withdrew Mantine!<br></div><div class="battle-history">SableyeMyBae~ sent out <strong>Quagsire</strong>!<br></div><div class="spacer battle-history"><br></div><div class="battle-history"><small>Aerodactyl's Aerodactylite is reacting to the Key Stone!</small><br>Aerodactyl has Mega Evolved into Mega Aerodactyl!<br></div><div class="spacer battle-history"><br></div><div class="battle-history">Aerodactyl used <strong>Stone Edge</strong>!<br></div><div class="battle-history"><small>It's not very effective...</small><br></div><div class="battle-history"><small>(The opposing Quagsire lost <abbr title="−69/394">17.5%</abbr> of its health!)</small><br></div><div class="spacer battle-history"><br></div><div class="battle-history"><small>The opposing Quagsire restored a little HP using its Leftovers!</small><br></div><div class="spacer battle-history"><br></div><h2 class="battle-history">Turn 11</h2><div class="spacer battle-history"><br></div><div class="battle-history">Aerodactyl, come back!<br></div><div class="battle-history">Go! <strong>Sylveon</strong>!<br></div><div class="spacer battle-history"><br></div><div class="battle-history">The opposing Quagsire used <strong>Scald</strong>!<br></div><div class="battle-history"><small>(Sylveon lost <abbr title="−54/350">15.4%</abbr> of its health!)</small><br></div><div class="spacer battle-history"><br></div><div class="battle-history"><small>The opposing Quagsire restored a little HP using its Leftovers!</small><br></div><div class="spacer battle-history"><br></div><h2 class="battle-history">Turn 12</h2><div class="spacer battle-history"><br></div><div class="battle-history">SableyeMyBae~ withdrew Quagsire!<br></div><div class="battle-history">SableyeMyBae~ sent out <strong>Blissey</strong>!<br></div><div class="spacer battle-history"><br></div><div class="battle-history">Sylveon used <strong>Hyper Voice</strong>!<br></div><div class="battle-history"><small>(The opposing Blissey lost <abbr title="−199/714">27.9%</abbr> of its health!)</small><br></div><div class="spacer battle-history"><br></div><div class="battle-history"><small>The opposing Blissey restored a little HP using its Leftovers!</small><br></div><div class="spacer battle-history"><br></div><h2 class="battle-history">Turn 13</h2><div class="spacer battle-history"><br></div><div class="battle-history">Sylveon, come back!<br></div><div class="battle-history">Go! <strong>Incineroar</strong>!<br></div><div class="spacer battle-history"><br></div><div class="battle-history">The opposing Blissey used <strong>Toxic</strong>!<br></div><div class="battle-history"><small>Incineroar was badly poisoned!</small><br></div><div class="spacer battle-history"><br></div><div class="battle-history"><small>The opposing Blissey restored a little HP using its Leftovers!</small><br></div><div class="battle-history"><small>Incineroar was hurt by poison!</small><br></div><div class="spacer battle-history"><br></div><h2 class="battle-history">Turn 14</h2><div class="spacer battle-history"><br></div><div class="battle-history">Incineroar, come back!<br></div><div class="battle-history">Go! <strong>Suicune</strong>!<br></div><div class="battle-history"><small>[Suicune's Pressure]</small><br><small>Suicune is exerting its pressure!</small><br></div><div class="spacer battle-history"><br></div><div class="battle-history">SableyeMyBae~ withdrew Blissey!<br></div><div class="battle-history">SableyeMyBae~ sent out <strong>Alomomola</strong>!<br></div><div class="spacer battle-history"><br></div><h2 class="battle-history">Turn 15</h2><div class="spacer battle-history"><br></div><div class="battle-history">Suicune used <strong>Substitute</strong>!<br></div><div class="battle-history"><small>Suicune put in a substitute!</small><br></div><div class="battle-history"><small>(Suicune lost <abbr title="−101/404">25%</abbr> of its health!)</small><br></div><div class="spacer battle-history"><br></div><div class="battle-history">The opposing Alomomola used <strong>Toxic</strong>!<br></div><div class="battle-history"><small>But it failed!</small><br></div><div class="spacer battle-history"><br></div><div class="battle-history"><small>Suicune restored a little HP using its Leftovers!</small><br></div><div class="spacer battle-history"><br></div><h2 class="battle-history">Turn 16</h2><div class="spacer battle-history"><br></div><div class="battle-history">Suicune used <strong>Scald</strong>!<br></div><div class="battle-history"><small>It's not very effective...</small><br></div><div class="battle-history"><small>A critical hit!</small><br></div><div class="battle-history"><small>(The opposing Alomomola lost <abbr title="−114/524">21.8%</abbr> of its health!)</small><br></div><div class="spacer battle-history"><br></div><div class="battle-history">The opposing Alomomola used <strong>Wish</strong>!<br></div><div class="spacer battle-history"><br></div><div class="battle-history"><small>Suicune restored a little HP using its Leftovers!</small><br></div><div class="spacer battle-history"><br></div><h2 class="battle-history">Turn 17</h2><div class="spacer battle-history"><br></div><div class="battle-history">Suicune, come back!<br></div><div class="battle-history">Go! Zygarde (<strong>Zygarde-10%</strong>)!<br></div><div class="battle-history"><small>[Zygarde's Aura Break]</small><br><small>Zygarde reversed all other Pokémon's auras!</small><br></div><div class="spacer battle-history"><br></div><div class="battle-history">SableyeMyBae~ withdrew Alomomola!<br></div><div class="battle-history">SableyeMyBae~ sent out <strong>Mantine</strong>!<br></div><div class="spacer battle-history"><br></div><div class="battle-history"><small>Alomomola's wish came true!</small><br></div><div class="spacer battle-history"><br></div><h2 class="battle-history">Turn 18</h2><div class="spacer battle-history"><br></div><div class="battle-history">SableyeMyBae~ withdrew Mantine!<br></div><div class="battle-history">SableyeMyBae~ sent out <strong>Alomomola</strong>!<br></div><div class="spacer battle-history"><br></div><div class="battle-history">Zygarde used <strong>Outrage</strong>!<br></div><div class="battle-history"><small>(The opposing Alomomola lost <abbr title="−207/524">39.5%</abbr> of its health!)</small><br></div><div class="battle-history"><small>Zygarde was hurt by the Rocky Helmet!</small><br></div><div class="spacer battle-history"><br></div><h2 class="battle-history">Turn 19</h2><div class="spacer battle-history"><br></div><div class="battle-history">The opposing Alomomola used <strong>Protect</strong>!<br></div><div class="battle-history"><small>The opposing Alomomola protected itself!</small><br></div><div class="spacer battle-history"><br></div><div class="battle-history">Zygarde used <strong>Outrage</strong>!<br></div><div class="battle-history"><small>The opposing Alomomola protected itself!</small><br></div><div class="battle-history"><small>Zygarde became confused due to fatigue!</small><br></div><div class="spacer battle-history"><br></div><h2 class="battle-history">Turn 20</h2><div class="spacer battle-history"><br></div><div class="battle-history">Zygarde, come back!<br></div><div class="battle-history">Go! <strong>Incineroar</strong>!<br></div><div class="spacer battle-history"><br></div><div class="battle-history">The opposing Alomomola used <strong>Wish</strong>!<br></div><div class="spacer battle-history"><br></div><div class="battle-history"><small>Incineroar was hurt by poison!</small><br></div><div class="spacer battle-history"><br></div><h2 class="battle-history">Turn 21</h2><div class="spacer battle-history"><br></div><div class="battle-history">The opposing Alomomola used <strong>Protect</strong>!<br></div><div class="battle-history"><small>The opposing Alomomola protected itself!</small><br></div><div class="spacer battle-history"><br></div><div class="battle-history">Incineroar used <strong>Darkest Lariat</strong>!<br></div><div class="battle-history"><small>The opposing Alomomola protected itself!</small><br></div><div class="spacer battle-history"><br></div><div class="battle-history"><small>Alomomola's wish came true!</small><br></div><div class="battle-history"><small>Incineroar was hurt by poison!</small><br></div><div class="spacer battle-history"><br></div><h2 class="battle-history">Turn 22</h2><div class="spacer battle-history"><br></div><div class="battle-history">Incineroar, come back!<br></div><div class="battle-history">Go! <strong>Suicune</strong>!<br></div><div class="battle-history"><small>[Suicune's Pressure]</small><br><small>Suicune is exerting its pressure!</small><br></div><div class="spacer battle-history"><br></div><div class="battle-history">SableyeMyBae~ withdrew Alomomola!<br></div><div class="battle-history">SableyeMyBae~ sent out <strong>Quagsire</strong>!<br></div><div class="spacer battle-history"><br></div><div class="battle-history"><small>Suicune restored a little HP using its Leftovers!</small><br></div><div class="battle-history"><small>The opposing Quagsire restored a little HP using its Leftovers!</small><br></div><div class="spacer battle-history"><br></div><h2 class="battle-history">Turn 23</h2><div class="spacer battle-history"><br></div><div class="battle-history">SableyeMyBae~ withdrew Quagsire!<br></div><div class="battle-history">SableyeMyBae~ sent out <strong>Blissey</strong>!<br></div><div class="spacer battle-history"><br></div><div class="battle-history">Suicune used <strong>Substitute</strong>!<br></div><div class="battle-history"><small>Suicune put in a substitute!</small><br></div><div class="battle-history"><small>(Suicune lost <abbr title="−101/404">25%</abbr> of its health!)</small><br></div><div class="spacer battle-history"><br></div><div class="battle-history"><small>Suicune restored a little HP using its Leftovers!</small><br></div><div class="battle-history"><small>The opposing Blissey restored a little HP using its Leftovers!</small><br></div><div class="spacer battle-history"><br></div><h2 class="battle-history">Turn 24</h2><div class="spacer battle-history"><br></div><div class="battle-history">SableyeMyBae~ withdrew Blissey!<br></div><div class="battle-history">SableyeMyBae~ sent out <strong>Mantine</strong>!<br></div><div class="spacer battle-history"><br></div><div class="battle-history">Suicune used <strong>Scald</strong>!<br></div><div class="battle-history"><small>[The opposing Mantine's Water Absorb]</small><br><small>It doesn't affect the opposing Mantine...</small><br></div><div class="spacer battle-history"><br></div><div class="battle-history"><small>Suicune restored a little HP using its Leftovers!</small><br></div><div class="spacer battle-history"><br></div><h2 class="battle-history">Turn 25</h2><div class="spacer battle-history"><br></div><div class="battle-history">Suicune used <strong>Calm Mind</strong>!<br></div><div class="battle-history"><small>Suicune's Special Attack rose!</small><br></div><div class="battle-history"><small>Suicune's Special Defense rose!</small><br></div><div class="spacer battle-history"><br></div><div class="battle-history">The opposing Mantine used <strong>Scald</strong>!<br></div><div class="battle-history"><small>It's not very effective...</small><br></div><div class="battle-history"><small>The substitute took damage for Suicune!</small><br></div><div class="spacer battle-history"><br></div><div class="battle-history"><small>Suicune restored a little HP using its Leftovers!</small><br></div><div class="spacer battle-history"><br></div><h2 class="battle-history">Turn 26</h2><div class="spacer battle-history"><br></div><div class="battle-history">SableyeMyBae~ withdrew Mantine!<br></div><div class="battle-history">SableyeMyBae~ sent out <strong>Blissey</strong>!<br></div><div class="spacer battle-history"><br></div><div class="battle-history">Suicune used <strong>Calm Mind</strong>!<br></div><div class="battle-history"><small>Suicune's Special Attack rose!</small><br></div><div class="battle-history"><small>Suicune's Special Defense rose!</small><br></div><div class="spacer battle-history"><br></div><div class="battle-history"><small>Suicune restored a little HP using its Leftovers!</small><br></div><div class="battle-history"><small>The opposing Blissey restored a little HP using its Leftovers!</small><br></div><div class="spacer battle-history"><br></div><h2 class="battle-history">Turn 27</h2><div class="spacer battle-history"><br></div><div class="battle-history">SableyeMyBae~ withdrew Blissey!<br></div><div class="battle-history">SableyeMyBae~ sent out <strong>Mantine</strong>!<br></div><div class="spacer battle-history"><br></div><div class="battle-history">Suicune used <strong>Scald</strong>!<br></div><div class="battle-history"><small>[The opposing Mantine's Water Absorb]</small><br><small>It doesn't affect the opposing Mantine...</small><br></div><div class="spacer battle-history"><br></div><div class="battle-history"><small>Suicune restored a little HP using its Leftovers!</small><br></div><div class="spacer battle-history"><br></div><h2 class="battle-history">Turn 28</h2><div class="spacer battle-history"><br></div><div class="battle-history">Suicune used <strong>Protect</strong>!<br></div><div class="battle-history"><small>Suicune protected itself!</small><br></div><div class="spacer battle-history"><br></div><div class="battle-history">The opposing Mantine used <strong>Haze</strong>!<br></div><div class="battle-history"><small>All stat changes were eliminated!</small><br></div><div class="spacer battle-history"><br></div><div class="battle-history"><small>Suicune restored a little HP using its Leftovers!</small><br></div><div class="spacer battle-history"><br></div><h2 class="battle-history">Turn 29</h2><div class="spacer battle-history"><br></div><div class="battle-history">Suicune, come back!<br></div><div class="battle-history">Go! <strong>Sylveon</strong>!<br></div><div class="spacer battle-history"><br></div><div class="battle-history">SableyeMyBae~ withdrew Mantine!<br></div><div class="battle-history">SableyeMyBae~ sent out <strong>Blissey</strong>!<br></div><div class="spacer battle-history"><br></div><div class="battle-history"><small>The opposing Blissey restored a little HP using its Leftovers!</small><br></div><div class="spacer battle-history"><br></div><h2 class="battle-history">Turn 30</h2><div class="spacer battle-history"><br></div><div class="battle-history">Sylveon used <strong>Psyshock</strong>!<br></div><div class="battle-history"><small>(The opposing Blissey lost <abbr title="−310/714">43.4%</abbr> of its health!)</small><br></div><div class="spacer battle-history"><br></div><div class="battle-history">The opposing Blissey used <strong>Seismic Toss</strong>!<br></div><div class="battle-history"><small>(Sylveon lost <abbr title="−100/350">28.6%</abbr> of its health!)</small><br></div><div class="spacer battle-history"><br></div><div class="battle-history"><small>The opposing Blissey restored a little HP using its Leftovers!</small><br></div><div class="spacer battle-history"><br></div><h2 class="battle-history">Turn 31</h2><div class="spacer battle-history"><br></div><div class="battle-history">Sylveon used <strong>Psyshock</strong>!<br></div><div class="battle-history"><small>(The opposing Blissey lost <abbr title="−301/714">42.2%</abbr> of its health!)</small><br></div><div class="spacer battle-history"><br></div><div class="battle-history">The opposing Blissey used <strong>Soft-Boiled</strong>!<br></div><div class="battle-history"><small>The opposing Blissey restored its HP.</small><br></div><div class="spacer battle-history"><br></div><div class="battle-history"><small>The opposing Blissey restored a little HP using its Leftovers!</small><br></div><div class="spacer battle-history"><br></div><h2 class="battle-history">Turn 32</h2><div class="spacer battle-history"><br></div><div class="battle-history">Sylveon used <strong>Psyshock</strong>!<br></div><div class="battle-history"><small>(The opposing Blissey lost <abbr title="−301/714">42.2%</abbr> of its health!)</small><br></div><div class="spacer battle-history"><br></div><div class="battle-history">The opposing Blissey used <strong>Soft-Boiled</strong>!<br></div><div class="battle-history"><small>The opposing Blissey restored its HP.</small><br></div><div class="spacer battle-history"><br></div><div class="battle-history"><small>The opposing Blissey restored a little HP using its Leftovers!</small><br></div><div class="spacer battle-history"><br></div><h2 class="battle-history">Turn 33</h2><div class="spacer battle-history"><br></div><div class="battle-history">SableyeMyBae~ withdrew Blissey!<br></div><div class="battle-history">SableyeMyBae~ sent out <strong>Steelix</strong>!<br></div><div class="spacer battle-history"><br></div><div class="battle-history">Sylveon used <strong>Psyshock</strong>!<br></div><div class="battle-history"><small>It's not very effective...</small><br></div><div class="battle-history"><small>(The opposing Steelix lost <abbr title="−40/354">11.3%</abbr> of its health!)</small><br></div><div class="spacer battle-history"><br></div><h2 class="battle-history">Turn 34</h2><div class="spacer battle-history"><br></div><div class="battle-history">Sylveon, come back!<br></div><div class="battle-history">Go! <strong>Incineroar</strong>!<br></div><div class="spacer battle-history"><br></div><div class="battle-history"><small>The opposing Steelix's Steelixite is reacting to the Key Stone!</small><br>The opposing Steelix has Mega Evolved into Mega Steelix!<br></div><div class="spacer battle-history"><br></div><div class="battle-history">The opposing Steelix used <strong>Stealth Rock</strong>!<br></div><div class="battle-history"><small>Pointed stones float in the air around your team!</small><br></div><div class="spacer battle-history"><br></div><div class="battle-history"><small>Incineroar was hurt by poison!</small><br></div><div class="spacer battle-history"><br></div><h2 class="battle-history">Turn 35</h2><div class="chat chatmessage-neblina"><strong style="color:hsl(176,89%,34.213001678159486%)"><small>☆</small><span class="username" data-name="Neblina εїз">Neblina εїз</span>:</strong> <em>no pudiste sacarme algo ma ssida¿?</em></div><div class="spacer battle-history"><br></div><div class="battle-history">SableyeMyBae~ withdrew Steelix!<br></div><div class="battle-history">SableyeMyBae~ sent out <strong>Quagsire</strong>!<br></div><div class="spacer battle-history"><br></div><div class="battle-history">Incineroar used <strong>Darkest Lariat</strong>!<br></div><div class="battle-history"><small>(The opposing Quagsire lost <abbr title="−120/394">30.5%</abbr> of its health!)</small><br></div><div class="spacer battle-history"><br></div><div class="battle-history"><small>The opposing Quagsire restored a little HP using its Leftovers!</small><br></div><div class="battle-history"><small>Incineroar was hurt by poison!</small><br></div><div class="spacer battle-history"><br></div><h2 class="battle-history">Turn 36</h2><div class="chat chatmessage-sableyemybae"><strong style="color:hsl(63,53%,39.786338788226445%)"><small>☆</small><span class="username" data-name="SableyeMyBae~">SableyeMyBae~</span>:</strong> <em>baton pass está ban</em></div><div class="spacer battle-history"><br></div><div class="battle-history">Incineroar used <strong>Darkest Lariat</strong>!<br></div><div class="battle-history"><small>(The opposing Quagsire lost <abbr title="−114/394">28.9%</abbr> of its health!)</small><br></div><div class="spacer battle-history"><br></div><div class="battle-history">The opposing Quagsire used <strong>Scald</strong>!<br></div><div class="battle-history"><small>It's super effective!</small><br></div><div class="battle-history"><small>(Incineroar lost <abbr title="−152/331">45.9%</abbr> of its health!)</small><br></div><div class="spacer battle-history"><br></div><div class="battle-history"><small>The opposing Quagsire restored a little HP using its Leftovers!</small><br></div><div class="battle-history"><small>Incineroar was hurt by poison!</small><br></div><div class="spacer battle-history"><br></div><div class="battle-history">Incineroar fainted!<br></div><div class="chat chatmessage-neblina"><strong style="color:hsl(176,89%,34.213001678159486%)"><small>☆</small><span class="username" data-name="Neblina εїз">Neblina εїз</span>:</strong> <em>que asco la verdad</em></div><div class="spacer battle-history"><br></div><div class="battle-history">Go! <strong>Suicune</strong>!<br></div><div class="battle-history"><small>Pointed stones dug into Suicune!</small><br></div><div class="battle-history"><small>[Suicune's Pressure]</small><br><small>Suicune is exerting its pressure!</small><br></div><div class="spacer battle-history"><br></div><h2 class="battle-history">Turn 37</h2><div class="spacer battle-history"><br></div><div class="battle-history">Suicune used <strong>Protect</strong>!<br></div><div class="battle-history"><small>Suicune protected itself!</small><br></div><div class="spacer battle-history"><br></div><div class="battle-history">The opposing Quagsire used <strong>Recover</strong>!<br></div><div class="battle-history"><small>The opposing Quagsire restored its HP.</small><br></div><div class="spacer battle-history"><br></div><div class="battle-history"><small>Suicune restored a little HP using its Leftovers!</small><br></div><div class="spacer battle-history"><br></div><h2 class="battle-history">Turn 38</h2><div class="spacer battle-history"><br></div><div class="battle-history">Suicune, come back!<br></div><div class="battle-history">Go! <strong>Sylveon</strong>!<br></div><div class="battle-history"><small>Pointed stones dug into Sylveon!</small><br></div><div class="spacer battle-history"><br></div><div class="battle-history">SableyeMyBae~ withdrew Quagsire!<br></div><div class="battle-history">SableyeMyBae~ sent out <strong>Blissey</strong>!<br></div><div class="spacer battle-history"><br></div><div class="battle-history"><small>The opposing Blissey restored a little HP using its Leftovers!</small><br></div><div class="spacer battle-history"><br></div><h2 class="battle-history">Turn 39</h2><div class="spacer battle-history"><br></div><div class="battle-history">Sylveon used <strong>Hidden Power</strong>!<br></div><div class="battle-history"><small>(The opposing Blissey lost <abbr title="−77/714">10.8%</abbr> of its health!)</small><br></div><div class="spacer battle-history"><br></div><div class="battle-history">The opposing Blissey used <strong>Toxic</strong>!<br></div><div class="battle-history"><small>Sylveon avoided the attack!</small><br></div><div class="spacer battle-history"><br></div><div class="battle-history"><small>The opposing Blissey restored a little HP using its Leftovers!</small><br></div><div class="spacer battle-history"><br></div><h2 class="battle-history">Turn 40</h2><div class="spacer battle-history"><br></div><div class="battle-history">Sylveon, come back!<br></div><div class="battle-history">Go! Zygarde (<strong>Zygarde-10%</strong>)!<br></div><div class="battle-history"><small>Pointed stones dug into Zygarde!</small><br></div><div class="battle-history"><small>[Zygarde's Aura Break]</small><br><small>Zygarde reversed all other Pokémon's auras!</small><br></div><div class="spacer battle-history"><br></div><div class="battle-history">The opposing Blissey used <strong>Toxic</strong>!<br></div><div class="battle-history"><small>Zygarde was badly poisoned!</small><br></div><div class="spacer battle-history"><br></div><div class="battle-history"><small>The opposing Blissey restored a little HP using its Leftovers!</small><br></div><div class="battle-history"><small>Zygarde was hurt by poison!</small><br></div><div class="spacer battle-history"><br></div><h2 class="battle-history">Turn 41</h2><div class="spacer battle-history"><br></div><div class="battle-history">SableyeMyBae~ withdrew Blissey!<br></div><div class="battle-history">SableyeMyBae~ sent out <strong>Alomomola</strong>!<br></div><div class="spacer battle-history"><br></div><div class="battle-history">Zygarde used <strong>Thousand Arrows</strong>!<br></div><div class="battle-history"><small>(The opposing Alomomola lost <abbr title="−157/524">30.0%</abbr> of its health!)</small><br></div><div class="spacer battle-history"><br></div><div class="battle-history"><small>Zygarde was hurt by poison!</small><br></div><div class="spacer battle-history"><br></div><h2 class="battle-history">Turn 42</h2><div class="spacer battle-history"><br></div><div class="battle-history">Zygarde, come back!<br></div><div class="battle-history">Go! Aerodactyl (<strong>Aerodactyl-Mega</strong>)!<br></div><div class="battle-history"><small>Pointed stones dug into Aerodactyl!</small><br></div><div class="spacer battle-history"><br></div><div class="battle-history">The opposing Alomomola used <strong>Toxic</strong>!<br></div><div class="battle-history"><small>Aerodactyl was badly poisoned!</small><br></div><div class="spacer battle-history"><br></div><div class="battle-history"><small>Aerodactyl was hurt by poison!</small><br></div><div class="spacer battle-history"><br></div><h2 class="battle-history">Turn 43</h2><div class="spacer battle-history"><br></div><div class="battle-history">Aerodactyl used <strong>Hone Claws</strong>!<br></div><div class="battle-history"><small>Aerodactyl's Attack rose!</small><br></div><div class="battle-history"><small>Aerodactyl's accuracy rose!</small><br></div><div class="spacer battle-history"><br></div><div class="battle-history">The opposing Alomomola used <strong>Wish</strong>!<br></div><div class="spacer battle-history"><br></div><div class="battle-history"><small>Aerodactyl was hurt by poison!</small><br></div><div class="spacer battle-history"><br></div><h2 class="battle-history">Turn 44</h2><div class="spacer battle-history"><br></div><div class="battle-history">SableyeMyBae~ withdrew Alomomola!<br></div><div class="battle-history">SableyeMyBae~ sent out <strong>Quagsire</strong>!<br></div><div class="spacer battle-history"><br></div><div class="battle-history">Aerodactyl used <strong>Aqua Tail</strong>!<br></div><div class="battle-history"><small>(The opposing Quagsire lost <abbr title="−121/394">30.7%</abbr> of its health!)</small><br></div><div class="spacer battle-history"><br></div><div class="battle-history"><small>Alomomola's wish came true!</small><br></div><div class="battle-history"><small>Aerodactyl was hurt by poison!</small><br></div><div class="spacer battle-history"><br></div><h2 class="battle-history">Turn 45</h2><div class="spacer battle-history"><br></div><div class="battle-history">Aerodactyl used <strong>Aqua Tail</strong>!<br></div><div class="battle-history"><small>(The opposing Quagsire lost <abbr title="−112/394">28.4%</abbr> of its health!)</small><br></div><div class="spacer battle-history"><br></div><div class="battle-history">The opposing Quagsire used <strong>Earthquake</strong>!<br></div><div class="battle-history"><small>It doesn't affect Aerodactyl...</small><br></div><div class="spacer battle-history"><br></div><div class="battle-history"><small>The opposing Quagsire restored a little HP using its Leftovers!</small><br></div><div class="battle-history"><small>Aerodactyl was hurt by poison!</small><br></div><div class="spacer battle-history"><br></div><h2 class="battle-history">Turn 46</h2><div class="spacer battle-history"><br></div><div class="battle-history">Aerodactyl used <strong>Aqua Tail</strong>!<br></div><div class="battle-history"><small>(The opposing Quagsire lost <abbr title="−116/394">29.4%</abbr> of its health!)</small><br></div><div class="spacer battle-history"><br></div><div class="battle-history">The opposing Quagsire used <strong>Recover</strong>!<br></div><div class="battle-history"><small>The opposing Quagsire restored its HP.</small><br></div><div class="spacer battle-history"><br></div><div class="battle-history"><small>The opposing Quagsire restored a little HP using its Leftovers!</small><br></div><div class="battle-history"><small>Aerodactyl was hurt by poison!</small><br></div><div class="spacer battle-history"><br></div><div class="battle-history">Aerodactyl fainted!<br></div><div class="spacer battle-history"><br></div><div class="battle-history">Go! <strong>Sylveon</strong>!<br></div><div class="battle-history"><small>Pointed stones dug into Sylveon!</small><br></div><div class="spacer battle-history"><br></div><h2 class="battle-history">Turn 47</h2><div class="spacer battle-history"><br></div><div class="battle-history">SableyeMyBae~ withdrew Quagsire!<br></div><div class="battle-history">SableyeMyBae~ sent out <strong>Blissey</strong>!<br></div><div class="spacer battle-history"><br></div><div class="battle-history">Sylveon used <strong>Psyshock</strong>!<br></div><div class="battle-history"><small>A critical hit!</small><br></div><div class="battle-history"><small>(The opposing Blissey lost <abbr title="−408/714">57.1%</abbr> of its health!)</small><br></div><div class="spacer battle-history"><br></div><div class="battle-history"><small>The opposing Blissey restored a little HP using its Leftovers!</small><br></div><div class="spacer battle-history"><br></div><h2 class="battle-history">Turn 48</h2><div class="spacer battle-history"><br></div><div class="battle-history">Sylveon used <strong>Psyshock</strong>!<br></div><div class="battle-history"><small>(The opposing Blissey lost <abbr title="−294/714">41.2%</abbr> of its health!)</small><br></div><div class="spacer battle-history"><br></div><div class="battle-history">The opposing Blissey used <strong>Soft-Boiled</strong>!<br></div><div class="battle-history"><small>The opposing Blissey restored its HP.</small><br></div><div class="spacer battle-history"><br></div><div class="battle-history"><small>The opposing Blissey restored a little HP using its Leftovers!</small><br></div><div class="spacer battle-history"><br></div><h2 class="battle-history">Turn 49</h2><div class="spacer battle-history"><br></div><div class="battle-history">Sylveon used <strong>Psyshock</strong>!<br></div><div class="battle-history"><small>(The opposing Blissey lost <abbr title="−288/714">40.3%</abbr> of its health!)</small><br></div><div class="spacer battle-history"><br></div><div class="battle-history">The opposing Blissey used <strong>Soft-Boiled</strong>!<br></div><div class="battle-history"><small>The opposing Blissey restored its HP.</small><br></div><div class="spacer battle-history"><br></div><div class="battle-history"><small>The opposing Blissey restored a little HP using its Leftovers!</small><br></div><div class="spacer battle-history"><br></div><h2 class="battle-history">Turn 50</h2><div class="spacer battle-history"><br></div><div class="battle-history">Sylveon used <strong>Psyshock</strong>!<br></div><div class="battle-history"><small>(The opposing Blissey lost <abbr title="−294/714">41.2%</abbr> of its health!)</small><br></div><div class="spacer battle-history"><br></div><div class="battle-history">The opposing Blissey used <strong>Soft-Boiled</strong>!<br></div><div class="battle-history"><small>The opposing Blissey restored its HP.</small><br></div><div class="spacer battle-history"><br></div><div class="battle-history"><small>The opposing Blissey restored a little HP using its Leftovers!</small><br></div><div class="spacer battle-history"><br></div><h2 class="battle-history">Turn 51</h2><div class="spacer battle-history"><br></div><div class="battle-history">Sylveon used <strong>Psyshock</strong>!<br></div><div class="battle-history"><small>(The opposing Blissey lost <abbr title="−297/714">41.6%</abbr> of its health!)</small><br></div><div class="spacer battle-history"><br></div><div class="battle-history">The opposing Blissey used <strong>Toxic</strong>!<br></div><div class="battle-history"><small>Sylveon was badly poisoned!</small><br></div><div class="spacer battle-history"><br></div><div class="battle-history"><small>The opposing Blissey restored a little HP using its Leftovers!</small><br></div><div class="battle-history"><small>Sylveon was hurt by poison!</small><br></div><div class="spacer battle-history"><br></div><h2 class="battle-history">Turn 52</h2><div class="spacer battle-history"><br></div><div class="battle-history">SableyeMyBae~ withdrew Blissey!<br></div><div class="battle-history">SableyeMyBae~ sent out Steelix (<strong>Steelix-Mega</strong>)!<br></div><div class="spacer battle-history"><br></div><div class="battle-history">Sylveon used <strong>Psyshock</strong>!<br></div><div class="battle-history"><small>It's not very effective...</small><br></div><div class="battle-history"><small>(The opposing Steelix lost <abbr title="−35/354">9.9%</abbr> of its health!)</small><br></div><div class="spacer battle-history"><br></div><div class="battle-history"><small>Sylveon was hurt by poison!</small><br></div><div class="spacer battle-history"><br></div><h2 class="battle-history">Turn 53</h2><div class="spacer battle-history"><br></div><div class="battle-history">Sylveon used <strong>Psyshock</strong>!<br></div><div class="battle-history"><small>It's not very effective...</small><br></div><div class="battle-history"><small>(The opposing Steelix lost <abbr title="−35/354">9.9%</abbr> of its health!)</small><br></div><div class="spacer battle-history"><br></div><div class="battle-history">The opposing Steelix used <strong>Earthquake</strong>!<br></div><div class="battle-history"><small>(Sylveon lost <abbr title="−47/350">13.4%</abbr> of its health!)</small><br></div><div class="spacer battle-history"><br></div><div class="battle-history">Sylveon fainted!<br></div><div class="spacer battle-history"><br></div><div class="battle-history">Go! Zygarde (<strong>Zygarde-10%</strong>)!<br></div><div class="battle-history"><small>Pointed stones dug into Zygarde!</small><br></div><div class="battle-history"><small>[Zygarde's Aura Break]</small><br><small>Zygarde reversed all other Pokémon's auras!</small><br></div><div class="spacer battle-history"><br></div><h2 class="battle-history">Turn 54</h2><div class="spacer battle-history"><br></div><div class="battle-history">Zygarde used <strong>Outrage</strong>!<br></div><div class="battle-history"><small>It's not very effective...</small><br></div><div class="battle-history"><small>(The opposing Steelix lost <abbr title="−64/354">18.1%</abbr> of its health!)</small><br></div><div class="spacer battle-history"><br></div><div class="battle-history">The opposing Steelix used <strong>Heavy Slam</strong>!<br></div><div class="battle-history"><small>(Zygarde lost <abbr title="−133/249">53.4%</abbr> of its health!)</small><br></div><div class="spacer battle-history"><br></div><div class="battle-history">Zygarde fainted!<br></div><div class="spacer battle-history"><br></div><div class="battle-history">Go! <strong>Suicune</strong>!<br></div><div class="battle-history"><small>Pointed stones dug into Suicune!</small><br></div><div class="battle-history"><small>[Suicune's Pressure]</small><br><small>Suicune is exerting its pressure!</small><br></div><div class="spacer battle-history"><br></div><h2 class="battle-history">Turn 55</h2><div class="spacer battle-history"><br></div><div class="battle-history">SableyeMyBae~ withdrew Steelix!<br></div><div class="battle-history">SableyeMyBae~ sent out <strong>Blissey</strong>!<br></div><div class="spacer battle-history"><br></div><div class="battle-history">Suicune used <strong>Substitute</strong>!<br></div><div class="battle-history"><small>Suicune put in a substitute!</small><br></div><div class="battle-history"><small>(Suicune lost <abbr title="−101/404">25%</abbr> of its health!)</small><br></div><div class="spacer battle-history"><br></div><div class="battle-history"><small>Suicune restored a little HP using its Leftovers!</small><br></div><div class="battle-history"><small>The opposing Blissey restored a little HP using its Leftovers!</small><br></div><div class="spacer battle-history"><br></div><h2 class="battle-history">Turn 56</h2><div class="spacer battle-history"><br></div><div class="battle-history">Suicune used <strong>Calm Mind</strong>!<br></div><div class="battle-history"><small>Suicune's Special Attack rose!</small><br></div><div class="battle-history"><small>Suicune's Special Defense rose!</small><br></div><div class="spacer battle-history"><br></div><div class="battle-history">The opposing Blissey used <strong>Soft-Boiled</strong>!<br></div><div class="battle-history"><small>The opposing Blissey restored its HP.</small><br></div><div class="spacer battle-history"><br></div><div class="battle-history"><small>Suicune restored a little HP using its Leftovers!</small><br></div><div class="spacer battle-history"><br></div><h2 class="battle-history">Turn 57</h2><div class="chat chatmessage-sableyemybae"><strong style="color:hsl(63,53%,39.786338788226445%)"><small>☆</small><span class="username" data-name="SableyeMyBae~">SableyeMyBae~</span>:</strong> <em>gg</em></div><div class="spacer battle-history"><br></div><div class="battle-history">Suicune used <strong>Calm Mind</strong>!<br></div><div class="battle-history"><small>Suicune's Special Attack rose!</small><br></div><div class="battle-history"><small>Suicune's Special Defense rose!</small><br></div><div class="spacer battle-history"><br></div><div class="battle-history">The opposing Blissey used <strong>Seismic Toss</strong>!<br></div><div class="battle-history"><small>The substitute took damage for Suicune!</small><br></div><div class="spacer battle-history"><br></div><div class="battle-history"><small>Suicune restored a little HP using its Leftovers!</small><br></div><div class="spacer battle-history"><br></div><h2 class="battle-history">Turn 58</h2><div class="spacer battle-history"><br></div><div class="battle-history">Suicune used <strong>Calm Mind</strong>!<br></div><div class="battle-history"><small>Suicune's Special Attack rose!</small><br></div><div class="battle-history"><small>Suicune's Special Defense rose!</small><br></div><div class="spacer battle-history"><br></div><div class="battle-history">The opposing Blissey used <strong>Seismic Toss</strong>!<br></div><div class="battle-history"><small>Suicune's substitute faded!</small><br></div><div class="spacer battle-history"><br></div><div class="battle-history"><small>Suicune restored a little HP using its Leftovers!</small><br></div><div class="spacer battle-history"><br></div><h2 class="battle-history">Turn 59</h2><div class="spacer battle-history"><br></div><div class="battle-history">Suicune used <strong>Substitute</strong>!<br></div><div class="battle-history"><small>Suicune put in a substitute!</small><br></div><div class="battle-history"><small>(Suicune lost <abbr title="−101/404">25%</abbr> of its health!)</small><br></div><div class="spacer battle-history"><br></div><div class="battle-history">The opposing Blissey used <strong>Seismic Toss</strong>!<br></div><div class="battle-history"><small>The substitute took damage for Suicune!</small><br></div><div class="spacer battle-history"><br></div><div class="battle-history"><small>Suicune restored a little HP using its Leftovers!</small><br></div><div class="spacer battle-history"><br></div><h2 class="battle-history">Turn 60</h2><div class="spacer battle-history"><br></div><div class="battle-history">Suicune used <strong>Calm Mind</strong>!<br></div><div class="battle-history"><small>Suicune's Special Attack rose!</small><br></div><div class="battle-history"><small>Suicune's Special Defense rose!</small><br></div><div class="spacer battle-history"><br></div><div class="battle-history">The opposing Blissey used <strong>Seismic Toss</strong>!<br></div><div class="battle-history"><small>Suicune's substitute faded!</small><br></div><div class="spacer battle-history"><br></div><div class="battle-history"><small>Suicune restored a little HP using its Leftovers!</small><br></div><div class="spacer battle-history"><br></div><h2 class="battle-history">Turn 61</h2><div class="spacer battle-history"><br></div><div class="battle-history">SableyeMyBae~ withdrew Blissey!<br></div><div class="battle-history">SableyeMyBae~ sent out <strong>Mantine</strong>!<br></div><div class="spacer battle-history"><br></div><div class="battle-history">Suicune used <strong>Substitute</strong>!<br></div><div class="battle-history"><small>Suicune put in a substitute!</small><br></div><div class="battle-history"><small>(Suicune lost <abbr title="−101/404">25%</abbr> of its health!)</small><br></div><div class="spacer battle-history"><br></div><div class="battle-history"><small>Suicune restored a little HP using its Leftovers!</small><br></div><div class="spacer battle-history"><br></div><h2 class="battle-history">Turn 62</h2><div class="spacer battle-history"><br></div><div class="battle-history">Suicune used <strong>Protect</strong>!<br></div><div class="battle-history"><small>Suicune protected itself!</small><br></div><div class="spacer battle-history"><br></div><div class="battle-history">The opposing Mantine used <strong>Haze</strong>!<br></div><div class="battle-history"><small>All stat changes were eliminated!</small><br></div><div class="spacer battle-history"><br></div><div class="battle-history"><small>Suicune restored a little HP using its Leftovers!</small><br></div><div class="spacer battle-history"><br></div><h2 class="battle-history">Turn 63</h2><div class="spacer battle-history"><br></div><div class="battle-history">SableyeMyBae~ withdrew Mantine!<br></div><div class="battle-history">SableyeMyBae~ sent out <strong>Quagsire</strong>!<br></div><div class="spacer battle-history"><br></div><div class="battle-history">Suicune used <strong>Calm Mind</strong>!<br></div><div class="battle-history"><small>Suicune's Special Attack rose!</small><br></div><div class="battle-history"><small>Suicune's Special Defense rose!</small><br></div><div class="spacer battle-history"><br></div><div class="battle-history"><small>Suicune restored a little HP using its Leftovers!</small><br></div><div class="spacer battle-history"><br></div><h2 class="battle-history">Turn 64</h2><div class="spacer battle-history"><br></div><div class="battle-history">Suicune used <strong>Scald</strong>!<br></div><div class="battle-history"><small>(The opposing Quagsire lost <abbr title="−117/394">29.7%</abbr> of its health!)</small><br></div><div class="spacer battle-history"><br></div><div class="battle-history">The opposing Quagsire used <strong>Curse</strong>!<br></div><div class="battle-history"><small>The opposing Quagsire's Speed fell!</small><br></div><div class="battle-history"><small>The opposing Quagsire's Attack rose!</small><br></div><div class="battle-history"><small>The opposing Quagsire's Defense rose!</small><br></div><div class="spacer battle-history"><br></div><div class="battle-history"><small>Suicune restored a little HP using its Leftovers!</small><br></div><div class="battle-history"><small>The opposing Quagsire restored a little HP using its Leftovers!</small><br></div><div class="spacer battle-history"><br></div><h2 class="battle-history">Turn 65</h2><div class="spacer battle-history"><br></div><div class="battle-history">Suicune used <strong>Scald</strong>!<br></div><div class="battle-history"><small>(The opposing Quagsire lost <abbr title="−123/394">31.2%</abbr> of its health!)</small><br></div><div class="spacer battle-history"><br></div><div class="battle-history">The opposing Quagsire used <strong>Curse</strong>!<br></div><div class="battle-history"><small>The opposing Quagsire's Speed fell!</small><br></div><div class="battle-history"><small>The opposing Quagsire's Attack rose!</small><br></div><div class="battle-history"><small>The opposing Quagsire's Defense rose!</small><br></div><div class="spacer battle-history"><br></div><div class="battle-history"><small>Suicune restored a little HP using its Leftovers!</small><br></div><div class="battle-history"><small>The opposing Quagsire restored a little HP using its Leftovers!</small><br></div><div class="spacer battle-history"><br></div><h2 class="battle-history">Turn 66</h2><div class="spacer battle-history"><br></div><div class="battle-history">Suicune used <strong>Scald</strong>!<br></div><div class="battle-history"><small>(The opposing Quagsire lost <abbr title="−115/394">29.2%</abbr> of its health!)</small><br></div><div class="spacer battle-history"><br></div><div class="battle-history">The opposing Quagsire used <strong>Recover</strong>!<br></div><div class="battle-history"><small>The opposing Quagsire restored its HP.</small><br></div><div class="spacer battle-history"><br></div><div class="battle-history"><small>Suicune restored a little HP using its Leftovers!</small><br></div><div class="battle-history"><small>The opposing Quagsire restored a little HP using its Leftovers!</small><br></div><div class="spacer battle-history"><br></div><h2 class="battle-history">Turn 67</h2><div class="spacer battle-history"><br></div><div class="battle-history">Suicune used <strong>Scald</strong>!<br></div><div class="battle-history"><small>(The opposing Quagsire lost <abbr title="−121/394">30.7%</abbr> of its health!)</small><br></div><div class="spacer battle-history"><br></div><div class="battle-history">The opposing Quagsire used <strong>Curse</strong>!<br></div><div class="battle-history"><small>The opposing Quagsire's Speed fell!</small><br></div><div class="battle-history"><small>The opposing Quagsire's Attack rose!</small><br></div><div class="battle-history"><small>The opposing Quagsire's Defense rose!</small><br></div><div class="spacer battle-history"><br></div><div class="battle-history"><small>Suicune restored a little HP using its Leftovers!</small><br></div><div class="battle-history"><small>The opposing Quagsire restored a little HP using its Leftovers!</small><br></div><div class="spacer battle-history"><br></div><h2 class="battle-history">Turn 68</h2><div class="spacer battle-history"><br></div><div class="battle-history">Suicune used <strong>Scald</strong>!<br></div><div class="battle-history"><small>(The opposing Quagsire lost <abbr title="−117/394">29.7%</abbr> of its health!)</small><br></div><div class="spacer battle-history"><br></div><div class="battle-history">The opposing Quagsire used <strong>Recover</strong>!<br></div><div class="battle-history"><small>The opposing Quagsire restored its HP.</small><br></div><div class="spacer battle-history"><br></div><div class="battle-history"><small>Suicune restored a little HP using its Leftovers!</small><br></div><div class="battle-history"><small>The opposing Quagsire restored a little HP using its Leftovers!</small><br></div><div class="spacer battle-history"><br></div><h2 class="battle-history">Turn 69</h2><div class="spacer battle-history"><br></div><div class="battle-history">Suicune used <strong>Scald</strong>!<br></div><div class="battle-history"><small>(The opposing Quagsire lost <abbr title="−132/394">33.5%</abbr> of its health!)</small><br></div><div class="spacer battle-history"><br></div><div class="battle-history">The opposing Quagsire used <strong>Earthquake</strong>!<br></div><div class="battle-history"><small>Suicune's substitute faded!</small><br></div><div class="spacer battle-history"><br></div><div class="battle-history"><small>Suicune restored a little HP using its Leftovers!</small><br></div><div class="battle-history"><small>The opposing Quagsire restored a little HP using its Leftovers!</small><br></div><div class="spacer battle-history"><br></div><h2 class="battle-history">Turn 70</h2><div class="spacer battle-history"><br></div><div class="battle-history">Suicune used <strong>Scald</strong>!<br></div><div class="battle-history"><small>(The opposing Quagsire lost <abbr title="−120/394">30.5%</abbr> of its health!)</small><br></div><div class="spacer battle-history"><br></div><div class="battle-history">The opposing Quagsire used <strong>Recover</strong>!<br></div><div class="battle-history"><small>The opposing Quagsire restored its HP.</small><br></div><div class="spacer battle-history"><br></div><div class="battle-history"><small>Suicune restored a little HP using its Leftovers!</small><br></div><div class="battle-history"><small>The opposing Quagsire restored a little HP using its Leftovers!</small><br></div><div class="spacer battle-history"><br></div><h2 class="battle-history">Turn 71</h2><div class="spacer battle-history"><br></div><div class="battle-history">Suicune used <strong>Substitute</strong>!<br></div><div class="battle-history"><small>Suicune put in a substitute!</small><br></div><div class="battle-history"><small>(Suicune lost <abbr title="−101/404">25%</abbr> of its health!)</small><br></div><div class="spacer battle-history"><br></div><div class="battle-history">The opposing Quagsire used <strong>Earthquake</strong>!<br></div><div class="battle-history"><small>Suicune's substitute faded!</small><br></div><div class="spacer battle-history"><br></div><div class="battle-history"><small>Suicune restored a little HP using its Leftovers!</small><br></div><div class="battle-history"><small>The opposing Quagsire restored a little HP using its Leftovers!</small><br></div><div class="spacer battle-history"><br></div><h2 class="battle-history">Turn 72</h2><div class="spacer battle-history"><br></div><div class="battle-history">Suicune used <strong>Scald</strong>!<br></div><div class="battle-history"><small>(The opposing Quagsire lost <abbr title="−114/394">28.9%</abbr> of its health!)</small><br></div><div class="spacer battle-history"><br></div><div class="battle-history">The opposing Quagsire used <strong>Earthquake</strong>!<br></div><div class="battle-history"><small>(Suicune lost <abbr title="−165/404">40.8%</abbr> of its health!)</small><br></div><div class="spacer battle-history"><br></div><div class="battle-history"><small>Suicune restored a little HP using its Leftovers!</small><br></div><div class="battle-history"><small>The opposing Quagsire restored a little HP using its Leftovers!</small><br></div><div class="spacer battle-history"><br></div><h2 class="battle-history">Turn 73</h2><div class="spacer battle-history"><br></div><div class="battle-history">Suicune used <strong>Scald</strong>!<br></div><div class="battle-history"><small>(The opposing Quagsire lost <abbr title="−114/394">28.9%</abbr> of its health!)</small><br></div><div class="spacer battle-history"><br></div><div class="battle-history">The opposing Quagsire used <strong>Curse</strong>!<br></div><div class="battle-history"><small>The opposing Quagsire's Speed fell!</small><br></div><div class="battle-history"><small>The opposing Quagsire's Attack rose!</small><br></div><div class="battle-history"><small>The opposing Quagsire's Defense rose!</small><br></div><div class="spacer battle-history"><br></div><div class="battle-history"><small>Suicune restored a little HP using its Leftovers!</small><br></div><div class="battle-history"><small>The opposing Quagsire restored a little HP using its Leftovers!</small><br></div><div class="spacer battle-history"><br></div><h2 class="battle-history">Turn 74</h2><div class="spacer battle-history"><br></div><div class="battle-history">Suicune used <strong>Scald</strong>!<br></div><div class="battle-history"><small>(The opposing Quagsire lost <abbr title="−129/394">32.7%</abbr> of its health!)</small><br></div><div class="spacer battle-history"><br></div><div class="battle-history">The opposing Quagsire used <strong>Earthquake</strong>!<br></div><div class="battle-history"><small>(Suicune lost <abbr title="−205/404">50.7%</abbr> of its health!)</small><br></div><div class="spacer battle-history"><br></div><div class="battle-history"><small>Suicune restored a little HP using its Leftovers!</small><br></div><div class="battle-history"><small>The opposing Quagsire restored a little HP using its Leftovers!</small><br></div><div class="spacer battle-history"><br></div><h2 class="battle-history">Turn 75</h2><div class="spacer battle-history"><br></div><div class="battle-history">Suicune used <strong>Scald</strong>!<br></div><div class="battle-history"><small>(The opposing Quagsire lost <abbr title="−47/394">11.9%</abbr> of its health!)</small><br></div><div class="spacer battle-history"><br></div><div class="battle-history">The opposing Quagsire fainted!<br></div><div class="spacer battle-history"><br></div><div class="battle-history"><small>Suicune restored a little HP using its Leftovers!</small><br></div><div class="spacer battle-history"><br></div><div class="battle-history">SableyeMyBae~ sent out <strong>Blissey</strong>!<br></div><div class="spacer battle-history"><br></div><h2 class="battle-history">Turn 76</h2><div class="spacer battle-history"><br></div><div class="battle-history">Suicune used <strong>Protect</strong>!<br></div><div class="battle-history"><small>Suicune protected itself!</small><br></div><div class="spacer battle-history"><br></div><div class="battle-history">The opposing Blissey used <strong>Seismic Toss</strong>!<br></div><div class="battle-history"><small>Suicune protected itself!</small><br></div><div class="spacer battle-history"><br></div><div class="battle-history"><small>Suicune restored a little HP using its Leftovers!</small><br></div><div class="spacer battle-history"><br></div><h2 class="battle-history">Turn 77</h2><div class="spacer battle-history"><br></div><div class="battle-history">Suicune used <strong>Protect</strong>!<br></div><div class="battle-history"><small>But it failed!</small><br></div><div class="spacer battle-history"><br></div><div class="battle-history">The opposing Blissey used <strong>Seismic Toss</strong>!<br></div><div class="battle-history"><small>(Suicune lost <abbr title="−83/404">20.5%</abbr> of its health!)</small><br></div><div class="spacer battle-history"><br></div><div class="battle-history">Suicune fainted!<br></div><div class="spacer battle-history"><br></div><div class="battle-history"><strong>SableyeMyBae~</strong> won the battle!<br></div></div><div class="inner-preempt"></div></div></div>
</div>
<script>
let daily = Math.floor(Date.now()/1000/60/60/24);document.write('<script src="https://play.pokemonshowdown.com/js/replay-embed.js?version'+daily+'"></'+'script>');
</script>
