<!DOCTYPE html>
<meta charset="utf-8" />
<!-- version 1 -->
<title>UU replay: cn669 vs. Mestre StevenBr</title>
<style>
html,body {font-family:Verdana, sans-serif;font-size:10pt;margin:0;padding:0;}body{padding:12px 0;} .battle-log {font-family:Verdana, sans-serif;font-size:10pt;} .battle-log-inline {border:1px solid #AAAAAA;background:#EEF2F5;color:black;max-width:640px;margin:0 auto 80px;padding-bottom:5px;} .battle-log .inner {padding:4px 8px 0px 8px;} .battle-log .inner-preempt {padding:0 8px 4px 8px;} .battle-log .inner-after {margin-top:0.5em;} .battle-log h2 {margin:0.5em -8px;padding:4px 8px;border:1px solid #AAAAAA;background:#E0E7EA;border-left:0;border-right:0;font-family:Verdana, sans-serif;font-size:13pt;} .battle-log .chat {vertical-align:middle;padding:3px 0 3px 0;font-size:8pt;} .battle-log .chat strong {color:#40576A;} .battle-log .chat em {padding:1px 4px 1px 3px;color:#000000;font-style:normal;} .chat.mine {background:rgba(0,0,0,0.05);margin-left:-8px;margin-right:-8px;padding-left:8px;padding-right:8px;} .spoiler {color:#BBBBBB;background:#BBBBBB;padding:0px 3px;} .spoiler:hover, .spoiler:active, .spoiler-shown {color:#000000;background:#E2E2E2;padding:0px 3px;} .spoiler a {color:#BBBBBB;} .spoiler:hover a, .spoiler:active a, .spoiler-shown a {color:#2288CC;} .chat code, .chat .spoiler:hover code, .chat .spoiler:active code, .chat .spoiler-shown code {border:1px solid #C0C0C0;background:#EEEEEE;color:black;padding:0 2px;} .chat .spoiler code {border:1px solid #CCCCCC;background:#CCCCCC;color:#CCCCCC;} .battle-log .rated {padding:3px 4px;} .battle-log .rated strong {color:white;background:#89A;padding:1px 4px;border-radius:4px;} .spacer {margin-top:0.5em;} .message-announce {background:#6688AA;color:white;padding:1px 4px 2px;} .message-announce a, .broadcast-green a, .broadcast-blue a, .broadcast-red a {color:#DDEEFF;} .broadcast-green {background-color:#559955;color:white;padding:2px 4px;} .broadcast-blue {background-color:#6688AA;color:white;padding:2px 4px;} .infobox {border:1px solid #6688AA;padding:2px 4px;} .infobox-limited {max-height:200px;overflow:auto;overflow-x:hidden;} .broadcast-red {background-color:#AA5544;color:white;padding:2px 4px;} .message-learn-canlearn {font-weight:bold;color:#228822;text-decoration:underline;} .message-learn-cannotlearn {font-weight:bold;color:#CC2222;text-decoration:underline;} .message-effect-weak {font-weight:bold;color:#CC2222;} .message-effect-resist {font-weight:bold;color:#6688AA;} .message-effect-immune {font-weight:bold;color:#666666;} .message-learn-list {margin-top:0;margin-bottom:0;} .message-throttle-notice, .message-error {color:#992222;} .message-overflow, .chat small.message-overflow {font-size:0pt;} .message-overflow::before {font-size:9pt;content:'...';} .subtle {color:#3A4A66;}
</style>
<div class="wrapper replay-wrapper" style="max-width:1180px;margin:0 auto">
<input type="hidden" name="replayid" value="uu-536321572" />
<div class="battle"></div><div class="battle-log"></div><div class="replay-controls"></div><div class="replay-controls-2"></div>
<h1 style="font-weight:normal;text-align:center"><strong>UU</strong><br /><a href="http://pokemonshowdown.com/users/cn669" class="subtle" target="_blank">cn669</a> vs. <a href="http://pokemonshowdown.com/users/mestrestevenbr" class="subtle" target="_blank">Mestre StevenBr</a></h1>
<script type="text/plain" class="battle-log-data">|j|cn669
|j|Mestre StevenBr
|player|p1|cn669|163
|player|p2|Mestre StevenBr|270
|gametype|singles
|gen|6
|tier|UU
|rated
|seed|52896,28662,36063,4482
|rule|Sleep Clause Mod: Limit one foe put to sleep
|rule|Species Clause: Limit one of each Pokémon
|rule|OHKO Clause: OHKO moves are banned
|rule|Moody Clause: Moody is banned
|rule|Evasion Moves Clause: Evasion moves are banned
|rule|Endless Battle Clause: Forcing endless battles is banned
|rule|HP Percentage Mod: HP is shown in percentages
|clearpoke
|poke|p1|Gardevoir, M|item
|poke|p1|Arcanine, M|item
|poke|p1|Vaporeon, F|item
|poke|p1|Flygon, M|item
|poke|p1|Cobalion|item
|poke|p1|Lucario, M|item
|poke|p2|Blissey, F|item
|poke|p2|Slowking, F|item
|poke|p2|Crobat, F|item
|poke|p2|Galvantula, F|item
|poke|p2|Mienshao, M|item
|poke|p2|Hydreigon, F|item
|rule|Swagger Clause: Swagger is banned
|rule|Baton Pass Clause: Limit one Baton Passer, can't pass Spe and other stats simultaneously
|teampreview
|choice|team 3, team 2, team 1, team 4, team 5, team 6|team 4, team 2, team 3, team 1, team 5, team 6
|
|start
|switch|p1a: Vaporeon|Vaporeon, F|464\/464
|switch|p2a: Galvantula|Galvantula, F|344\/344
|turn|1
|choice|switch 4|move stickyweb
|
|switch|p1a: Flygon|Flygon, M|302\/302
|move|p2a: Galvantula|Sticky Web|p1a: Flygon
|-sidestart|p1: cn669|move: Sticky Web
|
|upkeep
|turn|2
|choice|move dragonclaw|move toxic
|
|move|p2a: Galvantula|Toxic|p1a: Flygon
|-status|p1a: Flygon|tox
|move|p1a: Flygon|Dragon Claw|p2a: Galvantula
|-damage|p2a: Galvantula|95\/344
|
|-damage|p1a: Flygon|284\/302 tox|[from] psn
|upkeep
|turn|3
|choice|move dragonclaw|move thunderwave
|
|move|p2a: Galvantula|Thunder Wave|p1a: Flygon
|-immune|p1a: Flygon|[msg]
|move|p1a: Flygon|Dragon Claw|p2a: Galvantula
|-damage|p2a: Galvantula|0 fnt
|faint|p2a: Galvantula
|
|-damage|p1a: Flygon|248\/302 tox|[from] psn
|upkeep
|choice||switch 2
|
|switch|p2a: Slowking|Slowking, F|394\/394
|turn|4
|choice|switch 3|move icebeam
|
|switch|p1a: Gardevoir|Gardevoir, M|277\/277
|-activate|p1a: Gardevoir|move: Sticky Web
|-unboost|p1a: Gardevoir|spe|1
|move|p2a: Slowking|Ice Beam|p1a: Gardevoir
|-crit|p1a: Gardevoir
|-damage|p1a: Gardevoir|179\/277
|
|upkeep
|turn|5
|choice|move energyball|move scald
|
|move|p1a: Gardevoir|Energy Ball|p2a: Slowking
|-supereffective|p2a: Slowking
|-damage|p2a: Slowking|200\/394
|move|p2a: Slowking|Scald|p1a: Gardevoir
|-damage|p1a: Gardevoir|101\/277
|-status|p1a: Gardevoir|brn
|-activate|p1a: Gardevoir|ability: Synchronize
|-status|p2a: Slowking|brn
|
|-heal|p2a: Slowking|224\/394 brn|[from] item: Leftovers
|-damage|p1a: Gardevoir|67\/277 brn|[from] brn
|-damage|p2a: Slowking|175\/394 brn|[from] brn
|upkeep
|turn|6
|choice|move energyball|switch 3
|
|switch|p2a: Crobat|Crobat, F|312\/312
|move|p1a: Gardevoir|Energy Ball|p2a: Crobat
|-resisted|p2a: Crobat
|-damage|p2a: Crobat|278\/312
|
|-heal|p2a: Crobat|297\/312|[from] item: Black Sludge
|-damage|p1a: Gardevoir|33\/277 brn|[from] brn
|upkeep
|turn|7
|choice|switch 2|move bravebird
|
|switch|p1a: Arcanine|Arcanine, M|384\/384
|-activate|p1a: Arcanine|move: Sticky Web
|-unboost|p1a: Arcanine|spe|1
|-ability|p1a: Arcanine|Intimidate|boost
|-unboost|p2a: Crobat|atk|1
|move|p2a: Crobat|Brave Bird|p1a: Arcanine
|-damage|p1a: Arcanine|290\/384
|-damage|p2a: Crobat|266\/312|[from] recoil|[of] p1a: Arcanine
|
|-heal|p2a: Crobat|285\/312|[from] item: Black Sludge
|-heal|p1a: Arcanine|314\/384|[from] item: Leftovers
|upkeep
|turn|8
|choice|move flareblitz|move crosspoison
|
|move|p2a: Crobat|Cross Poison|p1a: Arcanine
|-damage|p1a: Arcanine|257\/384
|move|p1a: Arcanine|Flare Blitz|p2a: Crobat
|-crit|p2a: Crobat
|-damage|p2a: Crobat|32\/312
|-damage|p1a: Arcanine|174\/384|[from] recoil|[of] p2a: Crobat
|
|-heal|p2a: Crobat|51\/312|[from] item: Black Sludge
|-heal|p1a: Arcanine|198\/384|[from] item: Leftovers
|upkeep
|turn|9
|choice|move extremespeed|move roost
|
|move|p1a: Arcanine|Extreme Speed|p2a: Crobat
|-damage|p2a: Crobat|0 fnt
|faint|p2a: Crobat
|
|-heal|p1a: Arcanine|222\/384|[from] item: Leftovers
|upkeep
|choice||switch 5
|
|switch|p2a: Mienshao|Mienshao, M|271\/271
|turn|10
|choice|move morningsun|move stoneedge
|
|move|p2a: Mienshao|Stone Edge|p1a: Arcanine|[miss]
|-miss|p2a: Mienshao|p1a: Arcanine
|move|p1a: Arcanine|Morning Sun|p1a: Arcanine
|-heal|p1a: Arcanine|384\/384
|
|upkeep
|turn|11
|choice|move flareblitz|move knockoff
|
|move|p2a: Mienshao|Knock Off|p1a: Arcanine
|-damage|p1a: Arcanine|271\/384
|-enditem|p1a: Arcanine|Leftovers|[from] move: Knock Off|[of] p2a: Mienshao
|-damage|p2a: Mienshao|244\/271|[from] item: Life Orb
|move|p1a: Arcanine|Flare Blitz|p2a: Mienshao
|-damage|p2a: Mienshao|52\/271
|-damage|p1a: Arcanine|208\/384|[from] recoil|[of] p2a: Mienshao
|
|upkeep
|turn|12
|choice|move extremespeed|move highjumpkick
|
|move|p1a: Arcanine|Extreme Speed|p2a: Mienshao
|-damage|p2a: Mienshao|0 fnt
|faint|p2a: Mienshao
|
|upkeep
|choice||switch 3
|
|switch|p2a: Slowking|Slowking, F|306\/394 brn
|turn|13
|choice|move morningsun|move slackoff
|
|move|p1a: Arcanine|Morning Sun|p1a: Arcanine
|-heal|p1a: Arcanine|384\/384
|move|p2a: Slowking|Slack Off|p2a: Slowking
|-heal|p2a: Slowking|394\/394 brn
|
|-damage|p2a: Slowking|345\/394 brn|[from] brn
|upkeep
|turn|14
|choice|move extremespeed|move scald
|
|move|p1a: Arcanine|Extreme Speed|p2a: Slowking
|-damage|p2a: Slowking|291\/394 brn
|move|p2a: Slowking|Scald|p1a: Arcanine
|-supereffective|p1a: Arcanine
|-damage|p1a: Arcanine|142\/384
|
|-heal|p2a: Slowking|315\/394 brn|[from] item: Leftovers
|-damage|p2a: Slowking|266\/394 brn|[from] brn
|upkeep
|turn|15
|choice|move morningsun|move toxic
|
|move|p1a: Arcanine|Morning Sun|p1a: Arcanine
|-heal|p1a: Arcanine|334\/384
|move|p2a: Slowking|Toxic|p1a: Arcanine
|-status|p1a: Arcanine|tox
|
|-heal|p2a: Slowking|290\/394 brn|[from] item: Leftovers
|-damage|p1a: Arcanine|310\/384 tox|[from] psn
|-damage|p2a: Slowking|241\/394 brn|[from] brn
|upkeep
|turn|16
|choice|switch 5|move scald
|
|switch|p1a: Cobalion|Cobalion|323\/323
|-activate|p1a: Cobalion|move: Sticky Web
|-unboost|p1a: Cobalion|spe|1
|move|p2a: Slowking|Scald|p1a: Cobalion
|-damage|p1a: Cobalion|193\/323
|-status|p1a: Cobalion|brn
|
|-heal|p1a: Cobalion|213\/323 brn|[from] item: Leftovers
|-heal|p2a: Slowking|265\/394 brn|[from] item: Leftovers
|-damage|p1a: Cobalion|173\/323 brn|[from] brn
|-damage|p2a: Slowking|216\/394 brn|[from] brn
|upkeep
|turn|17
|choice|move ironhead|move slackoff
|
|move|p1a: Cobalion|Iron Head|p2a: Slowking
|-resisted|p2a: Slowking
|-damage|p2a: Slowking|192\/394 brn
|move|p2a: Slowking|Slack Off|p2a: Slowking
|-heal|p2a: Slowking|389\/394 brn
|
|-heal|p1a: Cobalion|193\/323 brn|[from] item: Leftovers
|-heal|p2a: Slowking|394\/394 brn|[from] item: Leftovers
|-damage|p1a: Cobalion|153\/323 brn|[from] brn
|-damage|p2a: Slowking|345\/394 brn|[from] brn
|upkeep
|turn|18
|choice|move closecombat|move scald
|
|move|p1a: Cobalion|Close Combat|p2a: Slowking
|-resisted|p2a: Slowking
|-damage|p2a: Slowking|308\/394 brn
|-unboost|p1a: Cobalion|def|1
|-unboost|p1a: Cobalion|spd|1
|move|p2a: Slowking|Scald|p1a: Cobalion
|-damage|p1a: Cobalion|0 fnt
|faint|p1a: Cobalion
|
|-heal|p2a: Slowking|332\/394 brn|[from] item: Leftovers
|-damage|p2a: Slowking|283\/394 brn|[from] brn
|upkeep
|choice|switch 2|
|
|switch|p1a: Gardevoir|Gardevoir, M|33\/277 brn
|-activate|p1a: Gardevoir|move: Sticky Web
|-unboost|p1a: Gardevoir|spe|1
|turn|19
|choice|move moonblast|move scald
|
|move|p1a: Gardevoir|Moonblast|p2a: Slowking
|-damage|p2a: Slowking|118\/394 brn
|-unboost|p2a: Slowking|spa|1
|move|p2a: Slowking|Scald|p1a: Gardevoir
|-damage|p1a: Gardevoir|0 fnt
|faint|p1a: Gardevoir
|
|-heal|p2a: Slowking|142\/394 brn|[from] item: Leftovers
|-damage|p2a: Slowking|93\/394 brn|[from] brn
|upkeep
|choice|switch 6|
|
|switch|p1a: Lucario|Lucario, M|281\/281
|-activate|p1a: Lucario|move: Sticky Web
|-unboost|p1a: Lucario|spe|1
|turn|20
|choice|move nastyplot|move slackoff
|
|move|p1a: Lucario|Nasty Plot|p1a: Lucario
|-boost|p1a: Lucario|spa|2
|move|p2a: Slowking|Slack Off|p2a: Slowking
|-heal|p2a: Slowking|290\/394 brn
|
|-heal|p2a: Slowking|314\/394 brn|[from] item: Leftovers
|-damage|p2a: Slowking|265\/394 brn|[from] brn
|upkeep
|turn|21
|choice|move aurasphere|move scald
|
|move|p1a: Lucario|Aura Sphere|p2a: Slowking
|-resisted|p2a: Slowking
|-damage|p2a: Slowking|121\/394 brn
|-damage|p1a: Lucario|253\/281|[from] item: Life Orb
|move|p2a: Slowking|Scald|p1a: Lucario
|-damage|p1a: Lucario|165\/281
|
|-heal|p2a: Slowking|145\/394 brn|[from] item: Leftovers
|-damage|p2a: Slowking|96\/394 brn|[from] brn
|upkeep
|turn|22
|choice|move aurasphere|move slackoff
|
|move|p1a: Lucario|Aura Sphere|p2a: Slowking
|-resisted|p2a: Slowking
|-damage|p2a: Slowking|0 fnt
|-damage|p1a: Lucario|137\/281|[from] item: Life Orb
|faint|p2a: Slowking
|
|upkeep
|choice||switch 6
|
|switch|p2a: Hydreigon|Hydreigon, F|325\/325
|turn|23
|choice|move aurasphere|move superpower
|
|move|p2a: Hydreigon|Superpower|p1a: Lucario
|-supereffective|p1a: Lucario
|-damage|p1a: Lucario|0 fnt
|-unboost|p2a: Hydreigon|atk|1
|-unboost|p2a: Hydreigon|def|1
|-damage|p2a: Hydreigon|293\/325|[from] item: Life Orb
|faint|p1a: Lucario
|
|upkeep
|choice|switch 3|
|
|switch|p1a: Flygon|Flygon, M|248\/302 tox
|turn|24
|choice|move dragonclaw|move darkpulse
|
|move|p1a: Flygon|Dragon Claw|p2a: Hydreigon
|-supereffective|p2a: Hydreigon
|-damage|p2a: Hydreigon|0 fnt
|faint|p2a: Hydreigon
|
|-damage|p1a: Flygon|230\/302 tox|[from] psn
|upkeep
|choice||switch 4
|
|switch|p2a: Blissey|Blissey, F|714\/714
|turn|25
|c|★Mestre StevenBr|gg
|choice|move dragonclaw|move seismictoss
|
|move|p1a: Flygon|Dragon Claw|p2a: Blissey
|-damage|p2a: Blissey|396\/714
|move|p2a: Blissey|Seismic Toss|p1a: Flygon
|-damage|p1a: Flygon|130\/302 tox
|
|-heal|p2a: Blissey|440\/714|[from] item: Leftovers
|-damage|p1a: Flygon|94\/302 tox|[from] psn
|upkeep
|turn|26
|choice|move dragonclaw|move softboiled
|
|move|p1a: Flygon|Dragon Claw|p2a: Blissey
|-damage|p2a: Blissey|106\/714
|move|p2a: Blissey|Soft-Boiled|p2a: Blissey
|-heal|p2a: Blissey|463\/714
|
|-heal|p2a: Blissey|507\/714|[from] item: Leftovers
|-damage|p1a: Flygon|40\/302 tox|[from] psn
|upkeep
|turn|27
|choice|move dragonclaw|move softboiled
|
|move|p1a: Flygon|Dragon Claw|p2a: Blissey
|-damage|p2a: Blissey|162\/714
|move|p2a: Blissey|Soft-Boiled|p2a: Blissey
|-heal|p2a: Blissey|519\/714
|
|-heal|p2a: Blissey|563\/714|[from] item: Leftovers
|-damage|p1a: Flygon|0 fnt|[from] psn
|upkeep
|faint|p1a: Flygon
|choice|switch 4|
|
|switch|p1a: Vaporeon|Vaporeon, F|464\/464
|-activate|p1a: Vaporeon|move: Sticky Web
|-unboost|p1a: Vaporeon|spe|1
|turn|28
|choice|move toxic|move toxic
|
|move|p2a: Blissey|Toxic|p1a: Vaporeon
|-status|p1a: Vaporeon|tox
|move|p1a: Vaporeon|Toxic|p2a: Blissey
|-status|p2a: Blissey|tox
|
|-heal|p2a: Blissey|607\/714 tox|[from] item: Leftovers
|-damage|p2a: Blissey|563\/714 tox|[from] psn
|-damage|p1a: Vaporeon|435\/464 tox|[from] psn
|upkeep
|turn|29
|choice|move protect|move aromatherapy
|
|move|p1a: Vaporeon|Protect|p1a: Vaporeon
|-singleturn|p1a: Vaporeon|Protect
|move|p2a: Blissey|Aromatherapy|p2a: Blissey
|-activate|p2a: Blissey|move: Aromatherapy
|-curestatus|p2a: Blissey|tox|[msg]
|
|-heal|p2a: Blissey|607\/714|[from] item: Leftovers
|-heal|p1a: Vaporeon|464\/464 tox|[from] item: Leftovers
|-damage|p1a: Vaporeon|406\/464 tox|[from] psn
|upkeep
|turn|30
|choice|move scald|move seismictoss
|
|move|p2a: Blissey|Seismic Toss|p1a: Vaporeon
|-damage|p1a: Vaporeon|306\/464 tox
|move|p1a: Vaporeon|Scald|p2a: Blissey
|-damage|p2a: Blissey|532\/714
|
|-heal|p2a: Blissey|576\/714|[from] item: Leftovers
|-heal|p1a: Vaporeon|335\/464 tox|[from] item: Leftovers
|-damage|p1a: Vaporeon|248\/464 tox|[from] psn
|upkeep
|turn|31
|choice|move wish|move seismictoss
|
|move|p2a: Blissey|Seismic Toss|p1a: Vaporeon
|-damage|p1a: Vaporeon|148\/464 tox
|move|p1a: Vaporeon|Wish|p1a: Vaporeon
|
|-heal|p2a: Blissey|620\/714|[from] item: Leftovers
|-heal|p1a: Vaporeon|177\/464 tox|[from] item: Leftovers
|-damage|p1a: Vaporeon|61\/464 tox|[from] psn
|upkeep
|turn|32
|choice|move protect|move seismictoss
|
|move|p1a: Vaporeon|Protect|p1a: Vaporeon
|-singleturn|p1a: Vaporeon|Protect
|move|p2a: Blissey|Seismic Toss|p1a: Vaporeon
|-activate|p1a: Vaporeon|move: Protect
|
|-heal|p1a: Vaporeon|293\/464 tox|[from] move: Wish|[wisher] Vaporeon
|-heal|p2a: Blissey|664\/714|[from] item: Leftovers
|-heal|p1a: Vaporeon|322\/464 tox|[from] item: Leftovers
|-damage|p1a: Vaporeon|177\/464 tox|[from] psn
|upkeep
|turn|33
|choice|move toxic|move seismictoss
|
|move|p2a: Blissey|Seismic Toss|p1a: Vaporeon
|-damage|p1a: Vaporeon|77\/464 tox
|move|p1a: Vaporeon|Toxic|p2a: Blissey
|-status|p2a: Blissey|tox
|
|-heal|p2a: Blissey|708\/714 tox|[from] item: Leftovers
|-heal|p1a: Vaporeon|106\/464 tox|[from] item: Leftovers
|-damage|p2a: Blissey|664\/714 tox|[from] psn
|-damage|p1a: Vaporeon|0 fnt|[from] psn
|upkeep
|faint|p1a: Vaporeon
|choice|switch 5|
|
|switch|p1a: Arcanine|Arcanine, M|310\/384 tox
|-activate|p1a: Arcanine|move: Sticky Web
|-unboost|p1a: Arcanine|spe|1
|-ability|p1a: Arcanine|Intimidate|boost
|-unboost|p2a: Blissey|atk|1
|turn|34
|choice|move flareblitz|move aromatherapy
|
|move|p1a: Arcanine|Flare Blitz|p2a: Blissey
|-damage|p2a: Blissey|399\/714 tox
|-damage|p1a: Arcanine|223\/384 tox|[from] recoil|[of] p2a: Blissey
|move|p2a: Blissey|Aromatherapy|p2a: Blissey
|-activate|p2a: Blissey|move: Aromatherapy
|-curestatus|p2a: Blissey|tox|[msg]
|
|-heal|p2a: Blissey|443\/714|[from] item: Leftovers
|-damage|p1a: Arcanine|199\/384 tox|[from] psn
|upkeep
|turn|35
|choice|move flareblitz|move softboiled
|
|move|p1a: Arcanine|Flare Blitz|p2a: Blissey
|-damage|p2a: Blissey|194\/714
|-damage|p1a: Arcanine|117\/384 tox|[from] recoil|[of] p2a: Blissey
|move|p2a: Blissey|Soft-Boiled|p2a: Blissey
|-heal|p2a: Blissey|551\/714
|
|-heal|p2a: Blissey|595\/714|[from] item: Leftovers
|-damage|p1a: Arcanine|69\/384 tox|[from] psn
|upkeep
|turn|36
|choice|move morningsun|move seismictoss
|
|move|p1a: Arcanine|Morning Sun|p1a: Arcanine
|-heal|p1a: Arcanine|261\/384 tox
|move|p2a: Blissey|Seismic Toss|p1a: Arcanine
|-damage|p1a: Arcanine|161\/384 tox
|
|-heal|p2a: Blissey|639\/714|[from] item: Leftovers
|-damage|p1a: Arcanine|89\/384 tox|[from] psn
|upkeep
|turn|37
|choice|move morningsun|move seismictoss
|
|move|p1a: Arcanine|Morning Sun|p1a: Arcanine
|-heal|p1a: Arcanine|281\/384 tox
|move|p2a: Blissey|Seismic Toss|p1a: Arcanine
|-damage|p1a: Arcanine|181\/384 tox
|
|-heal|p2a: Blissey|683\/714|[from] item: Leftovers
|-damage|p1a: Arcanine|85\/384 tox|[from] psn
|upkeep
|turn|38
|choice|move flareblitz|move seismictoss
|
|move|p1a: Arcanine|Flare Blitz|p2a: Blissey
|-damage|p2a: Blissey|437\/714
|-damage|p1a: Arcanine|4\/384 tox|[from] recoil|[of] p2a: Blissey
|move|p2a: Blissey|Seismic Toss|p1a: Arcanine
|-damage|p1a: Arcanine|0 fnt
|faint|p1a: Arcanine
|
|win|Mestre StevenBr
|player|p1
|player|p2
|raw|cn669's rating: 1048 &rarr; <strong>1028<\/strong><br \/>(-20 for losing)
|raw|Mestre StevenBr's rating: 1000 &rarr; <strong>1045<\/strong><br \/>(+45 for winning)
|c|★Mestre StevenBr|Stall blissey victory
|l|cn669</script>
</div>
<div class="battle-log battle-log-inline"><div class="inner"><div class="battle-options"></div><div class="inner"><div class="chat"><small>cn669 joined.</small></div><div class="chat"><small>Mestre StevenBr joined.</small></div><div class=""><small>Format:</small> <br><strong>UU</strong></div><div class="rated"><strong>Rated battle</strong></div><div class=""><small><em>Sleep Clause Mod:</em> Limit one foe put to sleep</small></div><div class=""><small><em>Species Clause:</em> Limit one of each Pokémon</small></div><div class=""><small><em>OHKO Clause:</em> OHKO moves are banned</small></div><div class=""><small><em>Moody Clause:</em> Moody is banned</small></div><div class=""><small><em>Evasion Moves Clause:</em> Evasion moves are banned</small></div><div class=""><small><em>Endless Battle Clause:</em> Forcing endless battles is banned</small></div><div class=""><small><em>HP Percentage Mod:</em> HP is shown in percentages</small></div><div class=""><small><em>Swagger Clause:</em> Swagger is banned</small></div><div class=""><small><em>Baton Pass Clause:</em> Limit one Baton Passer, can't pass Spe and other stats simultaneously</small></div><div class="chat battle-history"><strong>cn669's team:</strong> <em style="color:#445566;display:block;">Gardevoir / Arcanine / Vaporeon / Flygon / Cobalion / Lucario</em></div><div class="chat battle-history"><strong>Mestre StevenBr's team:</strong> <em style="color:#445566;display:block;">Blissey / Slowking / Crobat / Galvantula / Mienshao / Hydreigon</em></div><div class="spacer battle-history"><br></div><div class="battle-history">Battle started between cn669 and Mestre StevenBr!<br></div><div class="spacer battle-history"><br></div><div class="battle-history">Go! <strong>Vaporeon</strong>!<br></div><div class="spacer battle-history"><br></div><div class="battle-history">Mestre StevenBr sent out <strong>Galvantula</strong>!<br></div><div class="spacer battle-history"><br></div><h2 class="battle-history">Turn 1</h2><div class="spacer battle-history"><br></div><div class="battle-history">Vaporeon, come back!<br></div><div class="battle-history">Go! <strong>Flygon</strong>!<br></div><div class="spacer battle-history"><br></div><div class="battle-history">The opposing Galvantula used <strong>Sticky Web</strong>!<br></div><div class="battle-history"><small>A sticky web spreads out on the ground around your team!</small><br></div><div class="spacer battle-history"><br></div><h2 class="battle-history">Turn 2</h2><div class="spacer battle-history"><br></div><div class="battle-history">The opposing Galvantula used <strong>Toxic</strong>!<br></div><div class="battle-history"><small>Flygon was badly poisoned!</small><br></div><div class="spacer battle-history"><br></div><div class="battle-history">Flygon used <strong>Dragon Claw</strong>!<br></div><div class="battle-history"><small>(The opposing Galvantula lost <abbr title="−249/344">72.4%</abbr> of its health!)</small><br></div><div class="spacer battle-history"><br></div><div class="battle-history"><small>Flygon was hurt by poison!</small><br></div><div class="spacer battle-history"><br></div><h2 class="battle-history">Turn 3</h2><div class="spacer battle-history"><br></div><div class="battle-history">The opposing Galvantula used <strong>Thunder Wave</strong>!<br></div><div class="battle-history"><small>It doesn't affect Flygon...</small><br></div><div class="spacer battle-history"><br></div><div class="battle-history">Flygon used <strong>Dragon Claw</strong>!<br></div><div class="battle-history"><small>(The opposing Galvantula lost <abbr title="−95/344">27.6%</abbr> of its health!)</small><br></div><div class="spacer battle-history"><br></div><div class="battle-history">The opposing Galvantula fainted!<br></div><div class="spacer battle-history"><br></div><div class="battle-history"><small>Flygon was hurt by poison!</small><br></div><div class="spacer battle-history"><br></div><div class="battle-history">Mestre StevenBr sent out <strong>Slowking</strong>!<br></div><div class="spacer battle-history"><br></div><h2 class="battle-history">Turn 4</h2><div class="spacer battle-history"><br></div><div class="battle-history">Flygon, come back!<br></div><div class="battle-history">Go! <strong>Gardevoir</strong>!<br></div><div class="battle-history"><small>Gardevoir was caught in a sticky web!</small><br></div><div class="battle-history"><small>Gardevoir's Speed fell!</small><br></div><div class="spacer battle-history"><br></div><div class="battle-history">The opposing Slowking used <strong>Ice Beam</strong>!<br></div><div class="battle-history"><small>A critical hit!</small><br></div><div class="battle-history"><small>(Gardevoir lost <abbr title="−98/277">35.4%</abbr> of its health!)</small><br></div><div class="spacer battle-history"><br></div><h2 class="battle-history">Turn 5</h2><div class="spacer battle-history"><br></div><div class="battle-history">Gardevoir used <strong>Energy Ball</strong>!<br></div><div class="battle-history"><small>It's super effective!</small><br></div><div class="battle-history"><small>(The opposing Slowking lost <abbr title="−194/394">49.2%</abbr> of its health!)</small><br></div><div class="spacer battle-history"><br></div><div class="battle-history">The opposing Slowking used <strong>Scald</strong>!<br></div><div class="battle-history"><small>(Gardevoir lost <abbr title="−78/277">28.2%</abbr> of its health!)</small><br></div><div class="battle-history"><small>Gardevoir was burned!</small><br></div><div class="battle-history"><small>[Gardevoir's Synchronize]</small><br></div><div class="battle-history"><small>The opposing Slowking was burned!</small><br></div><div class="spacer battle-history"><br></div><div class="battle-history"><small>The opposing Slowking restored a little HP using its Leftovers!</small><br></div><div class="battle-history"><small>Gardevoir was hurt by its burn!</small><br></div><div class="battle-history"><small>The opposing Slowking was hurt by its burn!</small><br></div><div class="spacer battle-history"><br></div><h2 class="battle-history">Turn 6</h2><div class="spacer battle-history"><br></div><div class="battle-history">Mestre StevenBr withdrew Slowking!<br></div><div class="battle-history">Mestre StevenBr sent out <strong>Crobat</strong>!<br></div><div class="spacer battle-history"><br></div><div class="battle-history">Gardevoir used <strong>Energy Ball</strong>!<br></div><div class="battle-history"><small>It's not very effective...</small><br></div><div class="battle-history"><small>(The opposing Crobat lost <abbr title="−34/312">10.9%</abbr> of its health!)</small><br></div><div class="spacer battle-history"><br></div><div class="battle-history"><small>The opposing Crobat restored a little HP using its Black Sludge!</small><br></div><div class="battle-history"><small>Gardevoir was hurt by its burn!</small><br></div><div class="spacer battle-history"><br></div><h2 class="battle-history">Turn 7</h2><div class="spacer battle-history"><br></div><div class="battle-history">Gardevoir, come back!<br></div><div class="battle-history">Go! <strong>Arcanine</strong>!<br></div><div class="battle-history"><small>Arcanine was caught in a sticky web!</small><br></div><div class="battle-history"><small>Arcanine's Speed fell!</small><br></div><div class="battle-history"><small>[Arcanine's Intimidate]</small><br></div><div class="battle-history"><small>The opposing Crobat's Attack fell!</small><br></div><div class="spacer battle-history"><br></div><div class="battle-history">The opposing Crobat used <strong>Brave Bird</strong>!<br></div><div class="battle-history"><small>(Arcanine lost <abbr title="−94/384">24.5%</abbr> of its health!)</small><br></div><div class="battle-history"><small>The opposing Crobat is damaged by the recoil!</small><br></div><div class="spacer battle-history"><br></div><div class="battle-history"><small>The opposing Crobat restored a little HP using its Black Sludge!</small><br></div><div class="battle-history"><small>Arcanine restored a little HP using its Leftovers!</small><br></div><div class="spacer battle-history"><br></div><h2 class="battle-history">Turn 8</h2><div class="spacer battle-history"><br></div><div class="battle-history">The opposing Crobat used <strong>Cross Poison</strong>!<br></div><div class="battle-history"><small>(Arcanine lost <abbr title="−57/384">14.8%</abbr> of its health!)</small><br></div><div class="spacer battle-history"><br></div><div class="battle-history">Arcanine used <strong>Flare Blitz</strong>!<br></div><div class="battle-history"><small>A critical hit!</small><br></div><div class="battle-history"><small>(The opposing Crobat lost <abbr title="−253/312">81.1%</abbr> of its health!)</small><br></div><div class="battle-history"><small>Arcanine is damaged by the recoil!</small><br></div><div class="spacer battle-history"><br></div><div class="battle-history"><small>The opposing Crobat restored a little HP using its Black Sludge!</small><br></div><div class="battle-history"><small>Arcanine restored a little HP using its Leftovers!</small><br></div><div class="spacer battle-history"><br></div><h2 class="battle-history">Turn 9</h2><div class="spacer battle-history"><br></div><div class="battle-history">Arcanine used <strong>Extreme Speed</strong>!<br></div><div class="battle-history"><small>(The opposing Crobat lost <abbr title="−51/312">16.3%</abbr> of its health!)</small><br></div><div class="spacer battle-history"><br></div><div class="battle-history">The opposing Crobat fainted!<br></div><div class="spacer battle-history"><br></div><div class="battle-history"><small>Arcanine restored a little HP using its Leftovers!</small><br></div><div class="spacer battle-history"><br></div><div class="battle-history">Mestre StevenBr sent out <strong>Mienshao</strong>!<br></div><div class="spacer battle-history"><br></div><h2 class="battle-history">Turn 10</h2><div class="spacer battle-history"><br></div><div class="battle-history">The opposing Mienshao used <strong>Stone Edge</strong>!<br></div><div class="battle-history"><small>Arcanine avoided the attack!</small><br></div><div class="spacer battle-history"><br></div><div class="battle-history">Arcanine used <strong>Morning Sun</strong>!<br></div><div class="battle-history"><small>Arcanine restored its HP.</small><br></div><div class="spacer battle-history"><br></div><h2 class="battle-history">Turn 11</h2><div class="spacer battle-history"><br></div><div class="battle-history">The opposing Mienshao used <strong>Knock Off</strong>!<br></div><div class="battle-history"><small>(Arcanine lost <abbr title="−113/384">29.4%</abbr> of its health!)</small><br></div><div class="battle-history"><small>The opposing Mienshao knocked off Arcanine's Leftovers!</small><br></div><div class="battle-history"><small>The opposing Mienshao lost some of its HP!</small><br></div><div class="spacer battle-history"><br></div><div class="battle-history">Arcanine used <strong>Flare Blitz</strong>!<br></div><div class="battle-history"><small>(The opposing Mienshao lost <abbr title="−192/271">70.8%</abbr> of its health!)</small><br></div><div class="battle-history"><small>Arcanine is damaged by the recoil!</small><br></div><div class="spacer battle-history"><br></div><h2 class="battle-history">Turn 12</h2><div class="spacer battle-history"><br></div><div class="battle-history">Arcanine used <strong>Extreme Speed</strong>!<br></div><div class="battle-history"><small>(The opposing Mienshao lost <abbr title="−52/271">19.2%</abbr> of its health!)</small><br></div><div class="spacer battle-history"><br></div><div class="battle-history">The opposing Mienshao fainted!<br></div><div class="spacer battle-history"><br></div><div class="battle-history">Mestre StevenBr sent out <strong>Slowking</strong>!<br></div><div class="spacer battle-history"><br></div><h2 class="battle-history">Turn 13</h2><div class="spacer battle-history"><br></div><div class="battle-history">Arcanine used <strong>Morning Sun</strong>!<br></div><div class="battle-history"><small>Arcanine restored its HP.</small><br></div><div class="spacer battle-history"><br></div><div class="battle-history">The opposing Slowking used <strong>Slack Off</strong>!<br></div><div class="battle-history"><small>The opposing Slowking restored its HP.</small><br></div><div class="spacer battle-history"><br></div><div class="battle-history"><small>The opposing Slowking was hurt by its burn!</small><br></div><div class="spacer battle-history"><br></div><h2 class="battle-history">Turn 14</h2><div class="spacer battle-history"><br></div><div class="battle-history">Arcanine used <strong>Extreme Speed</strong>!<br></div><div class="battle-history"><small>(The opposing Slowking lost <abbr title="−54/394">13.7%</abbr> of its health!)</small><br></div><div class="spacer battle-history"><br></div><div class="battle-history">The opposing Slowking used <strong>Scald</strong>!<br></div><div class="battle-history"><small>It's super effective!</small><br></div><div class="battle-history"><small>(Arcanine lost <abbr title="−242/384">63.0%</abbr> of its health!)</small><br></div><div class="spacer battle-history"><br></div><div class="battle-history"><small>The opposing Slowking restored a little HP using its Leftovers!</small><br></div><div class="battle-history"><small>The opposing Slowking was hurt by its burn!</small><br></div><div class="spacer battle-history"><br></div><h2 class="battle-history">Turn 15</h2><div class="spacer battle-history"><br></div><div class="battle-history">Arcanine used <strong>Morning Sun</strong>!<br></div><div class="battle-history"><small>Arcanine restored its HP.</small><br></div><div class="spacer battle-history"><br></div><div class="battle-history">The opposing Slowking used <strong>Toxic</strong>!<br></div><div class="battle-history"><small>Arcanine was badly poisoned!</small><br></div><div class="spacer battle-history"><br></div><div class="battle-history"><small>The opposing Slowking restored a little HP using its Leftovers!</small><br></div><div class="battle-history"><small>Arcanine was hurt by poison!</small><br></div><div class="battle-history"><small>The opposing Slowking was hurt by its burn!</small><br></div><div class="spacer battle-history"><br></div><h2 class="battle-history">Turn 16</h2><div class="spacer battle-history"><br></div><div class="battle-history">Arcanine, come back!<br></div><div class="battle-history">Go! <strong>Cobalion</strong>!<br></div><div class="battle-history"><small>Cobalion was caught in a sticky web!</small><br></div><div class="battle-history"><small>Cobalion's Speed fell!</small><br></div><div class="spacer battle-history"><br></div><div class="battle-history">The opposing Slowking used <strong>Scald</strong>!<br></div><div class="battle-history"><small>(Cobalion lost <abbr title="−130/323">40.2%</abbr> of its health!)</small><br></div><div class="battle-history"><small>Cobalion was burned!</small><br></div><div class="spacer battle-history"><br></div><div class="battle-history"><small>Cobalion restored a little HP using its Leftovers!</small><br></div><div class="battle-history"><small>The opposing Slowking restored a little HP using its Leftovers!</small><br></div><div class="battle-history"><small>Cobalion was hurt by its burn!</small><br></div><div class="battle-history"><small>The opposing Slowking was hurt by its burn!</small><br></div><div class="spacer battle-history"><br></div><h2 class="battle-history">Turn 17</h2><div class="spacer battle-history"><br></div><div class="battle-history">Cobalion used <strong>Iron Head</strong>!<br></div><div class="battle-history"><small>It's not very effective...</small><br></div><div class="battle-history"><small>(The opposing Slowking lost <abbr title="−24/394">6.1%</abbr> of its health!)</small><br></div><div class="spacer battle-history"><br></div><div class="battle-history">The opposing Slowking used <strong>Slack Off</strong>!<br></div><div class="battle-history"><small>The opposing Slowking restored its HP.</small><br></div><div class="spacer battle-history"><br></div><div class="battle-history"><small>Cobalion restored a little HP using its Leftovers!</small><br></div><div class="battle-history"><small>The opposing Slowking restored a little HP using its Leftovers!</small><br></div><div class="battle-history"><small>Cobalion was hurt by its burn!</small><br></div><div class="battle-history"><small>The opposing Slowking was hurt by its burn!</small><br></div><div class="spacer battle-history"><br></div><h2 class="battle-history">Turn 18</h2><div class="spacer battle-history"><br></div><div class="battle-history">Cobalion used <strong>Close Combat</strong>!<br></div><div class="battle-history"><small>It's not very effective...</small><br></div><div class="battle-history"><small>(The opposing Slowking lost <abbr title="−37/394">9.4%</abbr> of its health!)</small><br></div><div class="battle-history"><small>Cobalion's Defense fell!</small><br></div><div class="battle-history"><small>Cobalion's Special Defense fell!</small><br></div><div class="spacer battle-history"><br></div><div class="battle-history">The opposing Slowking used <strong>Scald</strong>!<br></div><div class="battle-history"><small>(Cobalion lost <abbr title="−153/323">47.4%</abbr> of its health!)</small><br></div><div class="spacer battle-history"><br></div><div class="battle-history">Cobalion fainted!<br></div><div class="spacer battle-history"><br></div><div class="battle-history"><small>The opposing Slowking restored a little HP using its Leftovers!</small><br></div><div class="battle-history"><small>The opposing Slowking was hurt by its burn!</small><br></div><div class="spacer battle-history"><br></div><div class="battle-history">Go! <strong>Gardevoir</strong>!<br></div><div class="battle-history"><small>Gardevoir was caught in a sticky web!</small><br></div><div class="battle-history"><small>Gardevoir's Speed fell!</small><br></div><div class="spacer battle-history"><br></div><h2 class="battle-history">Turn 19</h2><div class="spacer battle-history"><br></div><div class="battle-history">Gardevoir used <strong>Moonblast</strong>!<br></div><div class="battle-history"><small>(The opposing Slowking lost <abbr title="−165/394">41.9%</abbr> of its health!)</small><br></div><div class="battle-history"><small>The opposing Slowking's Special Attack fell!</small><br></div><div class="spacer battle-history"><br></div><div class="battle-history">The opposing Slowking used <strong>Scald</strong>!<br></div><div class="battle-history"><small>(Gardevoir lost <abbr title="−33/277">11.9%</abbr> of its health!)</small><br></div><div class="spacer battle-history"><br></div><div class="battle-history">Gardevoir fainted!<br></div><div class="spacer battle-history"><br></div><div class="battle-history"><small>The opposing Slowking restored a little HP using its Leftovers!</small><br></div><div class="battle-history"><small>The opposing Slowking was hurt by its burn!</small><br></div><div class="spacer battle-history"><br></div><div class="battle-history">Go! <strong>Lucario</strong>!<br></div><div class="battle-history"><small>Lucario was caught in a sticky web!</small><br></div><div class="battle-history"><small>Lucario's Speed fell!</small><br></div><div class="spacer battle-history"><br></div><h2 class="battle-history">Turn 20</h2><div class="spacer battle-history"><br></div><div class="battle-history">Lucario used <strong>Nasty Plot</strong>!<br></div><div class="battle-history"><small>Lucario's Special Attack rose sharply!</small><br></div><div class="spacer battle-history"><br></div><div class="battle-history">The opposing Slowking used <strong>Slack Off</strong>!<br></div><div class="battle-history"><small>The opposing Slowking restored its HP.</small><br></div><div class="spacer battle-history"><br></div><div class="battle-history"><small>The opposing Slowking restored a little HP using its Leftovers!</small><br></div><div class="battle-history"><small>The opposing Slowking was hurt by its burn!</small><br></div><div class="spacer battle-history"><br></div><h2 class="battle-history">Turn 21</h2><div class="spacer battle-history"><br></div><div class="battle-history">Lucario used <strong>Aura Sphere</strong>!<br></div><div class="battle-history"><small>It's not very effective...</small><br></div><div class="battle-history"><small>(The opposing Slowking lost <abbr title="−144/394">36.5%</abbr> of its health!)</small><br></div><div class="battle-history"><small>Lucario lost some of its HP!</small><br></div><div class="spacer battle-history"><br></div><div class="battle-history">The opposing Slowking used <strong>Scald</strong>!<br></div><div class="battle-history"><small>(Lucario lost <abbr title="−88/281">31.3%</abbr> of its health!)</small><br></div><div class="spacer battle-history"><br></div><div class="battle-history"><small>The opposing Slowking restored a little HP using its Leftovers!</small><br></div><div class="battle-history"><small>The opposing Slowking was hurt by its burn!</small><br></div><div class="spacer battle-history"><br></div><h2 class="battle-history">Turn 22</h2><div class="spacer battle-history"><br></div><div class="battle-history">Lucario used <strong>Aura Sphere</strong>!<br></div><div class="battle-history"><small>It's not very effective...</small><br></div><div class="battle-history"><small>(The opposing Slowking lost <abbr title="−96/394">24.4%</abbr> of its health!)</small><br></div><div class="battle-history"><small>Lucario lost some of its HP!</small><br></div><div class="spacer battle-history"><br></div><div class="battle-history">The opposing Slowking fainted!<br></div><div class="spacer battle-history"><br></div><div class="battle-history">Mestre StevenBr sent out <strong>Hydreigon</strong>!<br></div><div class="spacer battle-history"><br></div><h2 class="battle-history">Turn 23</h2><div class="spacer battle-history"><br></div><div class="battle-history">The opposing Hydreigon used <strong>Superpower</strong>!<br></div><div class="battle-history"><small>It's super effective!</small><br></div><div class="battle-history"><small>(Lucario lost <abbr title="−137/281">48.8%</abbr> of its health!)</small><br></div><div class="battle-history"><small>The opposing Hydreigon's Attack fell!</small><br></div><div class="battle-history"><small>The opposing Hydreigon's Defense fell!</small><br></div><div class="battle-history"><small>The opposing Hydreigon lost some of its HP!</small><br></div><div class="spacer battle-history"><br></div><div class="battle-history">Lucario fainted!<br></div><div class="spacer battle-history"><br></div><div class="battle-history">Go! <strong>Flygon</strong>!<br></div><div class="spacer battle-history"><br></div><h2 class="battle-history">Turn 24</h2><div class="spacer battle-history"><br></div><div class="battle-history">Flygon used <strong>Dragon Claw</strong>!<br></div><div class="battle-history"><small>It's super effective!</small><br></div><div class="battle-history"><small>(The opposing Hydreigon lost <abbr title="−293/325">90.2%</abbr> of its health!)</small><br></div><div class="spacer battle-history"><br></div><div class="battle-history">The opposing Hydreigon fainted!<br></div><div class="spacer battle-history"><br></div><div class="battle-history"><small>Flygon was hurt by poison!</small><br></div><div class="spacer battle-history"><br></div><div class="battle-history">Mestre StevenBr sent out <strong>Blissey</strong>!<br></div><div class="spacer battle-history"><br></div><h2 class="battle-history">Turn 25</h2><div class="chat chatmessage-mestrestevenbr"><strong style="color:hsl(258,84%,54.78623909041921%)"><small>★</small><span class="username" data-name="Mestre StevenBr">Mestre StevenBr</span>:</strong> <em>gg</em></div><div class="spacer battle-history"><br></div><div class="battle-history">Flygon used <strong>Dragon Claw</strong>!<br></div><div class="battle-history"><small>(The opposing Blissey lost <abbr title="−318/714">44.5%</abbr> of its health!)</small><br></div><div class="spacer battle-history"><br></div><div class="battle-history">The opposing Blissey used <strong>Seismic Toss</strong>!<br></div><div class="battle-history"><small>(Flygon lost <abbr title="−100/302">33.1%</abbr> of its health!)</small><br></div><div class="spacer battle-history"><br></div><div class="battle-history"><small>The opposing Blissey restored a little HP using its Leftovers!</small><br></div><div class="battle-history"><small>Flygon was hurt by poison!</small><br></div><div class="spacer battle-history"><br></div><h2 class="battle-history">Turn 26</h2><div class="spacer battle-history"><br></div><div class="battle-history">Flygon used <strong>Dragon Claw</strong>!<br></div><div class="battle-history"><small>(The opposing Blissey lost <abbr title="−334/714">46.8%</abbr> of its health!)</small><br></div><div class="spacer battle-history"><br></div><div class="battle-history">The opposing Blissey used <strong>Soft-Boiled</strong>!<br></div><div class="battle-history"><small>The opposing Blissey restored its HP.</small><br></div><div class="spacer battle-history"><br></div><div class="battle-history"><small>The opposing Blissey restored a little HP using its Leftovers!</small><br></div><div class="battle-history"><small>Flygon was hurt by poison!</small><br></div><div class="spacer battle-history"><br></div><h2 class="battle-history">Turn 27</h2><div class="spacer battle-history"><br></div><div class="battle-history">Flygon used <strong>Dragon Claw</strong>!<br></div><div class="battle-history"><small>(The opposing Blissey lost <abbr title="−345/714">48.3%</abbr> of its health!)</small><br></div><div class="spacer battle-history"><br></div><div class="battle-history">The opposing Blissey used <strong>Soft-Boiled</strong>!<br></div><div class="battle-history"><small>The opposing Blissey restored its HP.</small><br></div><div class="spacer battle-history"><br></div><div class="battle-history"><small>The opposing Blissey restored a little HP using its Leftovers!</small><br></div><div class="battle-history"><small>Flygon was hurt by poison!</small><br></div><div class="spacer battle-history"><br></div><div class="battle-history">Flygon fainted!<br></div><div class="spacer battle-history"><br></div><div class="battle-history">Go! <strong>Vaporeon</strong>!<br></div><div class="battle-history"><small>Vaporeon was caught in a sticky web!</small><br></div><div class="battle-history"><small>Vaporeon's Speed fell!</small><br></div><div class="spacer battle-history"><br></div><h2 class="battle-history">Turn 28</h2><div class="spacer battle-history"><br></div><div class="battle-history">The opposing Blissey used <strong>Toxic</strong>!<br></div><div class="battle-history"><small>Vaporeon was badly poisoned!</small><br></div><div class="spacer battle-history"><br></div><div class="battle-history">Vaporeon used <strong>Toxic</strong>!<br></div><div class="battle-history"><small>The opposing Blissey was badly poisoned!</small><br></div><div class="spacer battle-history"><br></div><div class="battle-history"><small>The opposing Blissey restored a little HP using its Leftovers!</small><br></div><div class="battle-history"><small>The opposing Blissey was hurt by poison!</small><br></div><div class="battle-history"><small>Vaporeon was hurt by poison!</small><br></div><div class="spacer battle-history"><br></div><h2 class="battle-history">Turn 29</h2><div class="spacer battle-history"><br></div><div class="battle-history">Vaporeon used <strong>Protect</strong>!<br></div><div class="battle-history"><small>Vaporeon protected itself!</small><br></div><div class="spacer battle-history"><br></div><div class="battle-history">The opposing Blissey used <strong>Aromatherapy</strong>!<br></div><div class="battle-history"><small>A soothing aroma wafted through the area!</small><br></div><div class="battle-history"><small>The opposing Blissey was cured of its poisoning.</small><br></div><div class="spacer battle-history"><br></div><div class="battle-history"><small>The opposing Blissey restored a little HP using its Leftovers!</small><br></div><div class="battle-history"><small>Vaporeon restored a little HP using its Leftovers!</small><br></div><div class="battle-history"><small>Vaporeon was hurt by poison!</small><br></div><div class="spacer battle-history"><br></div><h2 class="battle-history">Turn 30</h2><div class="spacer battle-history"><br></div><div class="battle-history">The opposing Blissey used <strong>Seismic Toss</strong>!<br></div><div class="battle-history"><small>(Vaporeon lost <abbr title="−100/464">21.6%</abbr> of its health!)</small><br></div><div class="spacer battle-history"><br></div><div class="battle-history">Vaporeon used <strong>Scald</strong>!<br></div><div class="battle-history"><small>(The opposing Blissey lost <abbr title="−75/714">10.5%</abbr> of its health!)</small><br></div><div class="spacer battle-history"><br></div><div class="battle-history"><small>The opposing Blissey restored a little HP using its Leftovers!</small><br></div><div class="battle-history"><small>Vaporeon restored a little HP using its Leftovers!</small><br></div><div class="battle-history"><small>Vaporeon was hurt by poison!</small><br></div><div class="spacer battle-history"><br></div><h2 class="battle-history">Turn 31</h2><div class="spacer battle-history"><br></div><div class="battle-history">The opposing Blissey used <strong>Seismic Toss</strong>!<br></div><div class="battle-history"><small>(Vaporeon lost <abbr title="−100/464">21.6%</abbr> of its health!)</small><br></div><div class="spacer battle-history"><br></div><div class="battle-history">Vaporeon used <strong>Wish</strong>!<br></div><div class="spacer battle-history"><br></div><div class="battle-history"><small>The opposing Blissey restored a little HP using its Leftovers!</small><br></div><div class="battle-history"><small>Vaporeon restored a little HP using its Leftovers!</small><br></div><div class="battle-history"><small>Vaporeon was hurt by poison!</small><br></div><div class="spacer battle-history"><br></div><h2 class="battle-history">Turn 32</h2><div class="spacer battle-history"><br></div><div class="battle-history">Vaporeon used <strong>Protect</strong>!<br></div><div class="battle-history"><small>Vaporeon protected itself!</small><br></div><div class="spacer battle-history"><br></div><div class="battle-history">The opposing Blissey used <strong>Seismic Toss</strong>!<br></div><div class="battle-history"><small>Vaporeon protected itself!</small><br></div><div class="spacer battle-history"><br></div><div class="battle-history"><small>Vaporeon's wish came true!</small><br></div><div class="battle-history"><small>The opposing Blissey restored a little HP using its Leftovers!</small><br></div><div class="battle-history"><small>Vaporeon restored a little HP using its Leftovers!</small><br></div><div class="battle-history"><small>Vaporeon was hurt by poison!</small><br></div><div class="spacer battle-history"><br></div><h2 class="battle-history">Turn 33</h2><div class="spacer battle-history"><br></div><div class="battle-history">The opposing Blissey used <strong>Seismic Toss</strong>!<br></div><div class="battle-history"><small>(Vaporeon lost <abbr title="−100/464">21.6%</abbr> of its health!)</small><br></div><div class="spacer battle-history"><br></div><div class="battle-history">Vaporeon used <strong>Toxic</strong>!<br></div><div class="battle-history"><small>The opposing Blissey was badly poisoned!</small><br></div><div class="spacer battle-history"><br></div><div class="battle-history"><small>The opposing Blissey restored a little HP using its Leftovers!</small><br></div><div class="battle-history"><small>Vaporeon restored a little HP using its Leftovers!</small><br></div><div class="battle-history"><small>The opposing Blissey was hurt by poison!</small><br></div><div class="battle-history"><small>Vaporeon was hurt by poison!</small><br></div><div class="spacer battle-history"><br></div><div class="battle-history">Vaporeon fainted!<br></div><div class="spacer battle-history"><br></div><div class="battle-history">Go! <strong>Arcanine</strong>!<br></div><div class="battle-history"><small>Arcanine was caught in a sticky web!</small><br></div><div class="battle-history"><small>Arcanine's Speed fell!</small><br></div><div class="battle-history"><small>[Arcanine's Intimidate]</small><br></div><div class="battle-history"><small>The opposing Blissey's Attack fell!</small><br></div><div class="spacer battle-history"><br></div><h2 class="battle-history">Turn 34</h2><div class="spacer battle-history"><br></div><div class="battle-history">Arcanine used <strong>Flare Blitz</strong>!<br></div><div class="battle-history"><small>(The opposing Blissey lost <abbr title="−265/714">37.1%</abbr> of its health!)</small><br></div><div class="battle-history"><small>Arcanine is damaged by the recoil!</small><br></div><div class="spacer battle-history"><br></div><div class="battle-history">The opposing Blissey used <strong>Aromatherapy</strong>!<br></div><div class="battle-history"><small>A soothing aroma wafted through the area!</small><br></div><div class="battle-history"><small>The opposing Blissey was cured of its poisoning.</small><br></div><div class="spacer battle-history"><br></div><div class="battle-history"><small>The opposing Blissey restored a little HP using its Leftovers!</small><br></div><div class="battle-history"><small>Arcanine was hurt by poison!</small><br></div><div class="spacer battle-history"><br></div><h2 class="battle-history">Turn 35</h2><div class="spacer battle-history"><br></div><div class="battle-history">Arcanine used <strong>Flare Blitz</strong>!<br></div><div class="battle-history"><small>(The opposing Blissey lost <abbr title="−249/714">34.9%</abbr> of its health!)</small><br></div><div class="battle-history"><small>Arcanine is damaged by the recoil!</small><br></div><div class="spacer battle-history"><br></div><div class="battle-history">The opposing Blissey used <strong>Soft-Boiled</strong>!<br></div><div class="battle-history"><small>The opposing Blissey restored its HP.</small><br></div><div class="spacer battle-history"><br></div><div class="battle-history"><small>The opposing Blissey restored a little HP using its Leftovers!</small><br></div><div class="battle-history"><small>Arcanine was hurt by poison!</small><br></div><div class="spacer battle-history"><br></div><h2 class="battle-history">Turn 36</h2><div class="spacer battle-history"><br></div><div class="battle-history">Arcanine used <strong>Morning Sun</strong>!<br></div><div class="battle-history"><small>Arcanine restored its HP.</small><br></div><div class="spacer battle-history"><br></div><div class="battle-history">The opposing Blissey used <strong>Seismic Toss</strong>!<br></div><div class="battle-history"><small>(Arcanine lost <abbr title="−100/384">26.0%</abbr> of its health!)</small><br></div><div class="spacer battle-history"><br></div><div class="battle-history"><small>The opposing Blissey restored a little HP using its Leftovers!</small><br></div><div class="battle-history"><small>Arcanine was hurt by poison!</small><br></div><div class="spacer battle-history"><br></div><h2 class="battle-history">Turn 37</h2><div class="spacer battle-history"><br></div><div class="battle-history">Arcanine used <strong>Morning Sun</strong>!<br></div><div class="battle-history"><small>Arcanine restored its HP.</small><br></div><div class="spacer battle-history"><br></div><div class="battle-history">The opposing Blissey used <strong>Seismic Toss</strong>!<br></div><div class="battle-history"><small>(Arcanine lost <abbr title="−100/384">26.0%</abbr> of its health!)</small><br></div><div class="spacer battle-history"><br></div><div class="battle-history"><small>The opposing Blissey restored a little HP using its Leftovers!</small><br></div><div class="battle-history"><small>Arcanine was hurt by poison!</small><br></div><div class="spacer battle-history"><br></div><h2 class="battle-history">Turn 38</h2><div class="spacer battle-history"><br></div><div class="battle-history">Arcanine used <strong>Flare Blitz</strong>!<br></div><div class="battle-history"><small>(The opposing Blissey lost <abbr title="−246/714">34.5%</abbr> of its health!)</small><br></div><div class="battle-history"><small>Arcanine is damaged by the recoil!</small><br></div><div class="spacer battle-history"><br></div><div class="battle-history">The opposing Blissey used <strong>Seismic Toss</strong>!<br></div><div class="battle-history"><small>(Arcanine lost <abbr title="−4/384">1.0%</abbr> of its health!)</small><br></div><div class="spacer battle-history"><br></div><div class="battle-history">Arcanine fainted!<br></div><div class="spacer battle-history"><br></div><div class="battle-history"><strong>Mestre StevenBr</strong> won the battle!<br></div><div class="chat">cn669's rating: 1048 → <strong>1028</strong><br>(-20 for losing)</div><div class="chat">Mestre StevenBr's rating: 1000 → <strong>1045</strong><br>(+45 for winning)</div><div class="chat chatmessage-mestrestevenbr"><strong style="color:hsl(258,84%,54.78623909041921%)"><small>★</small><span class="username" data-name="Mestre StevenBr">Mestre StevenBr</span>:</strong> <em>Stall blissey victory</em></div><div class="chat"><small>cn669 left.</small></div></div><div class="inner-preempt"></div></div></div>
</div>
<script>
let daily = Math.floor(Date.now()/1000/60/60/24);document.write('<script src="https://play.pokemonshowdown.com/js/replay-embed.js?version'+daily+'"></'+'script>');
</script>
