<!DOCTYPE html>
<meta charset="utf-8" />
<!-- version 1 -->
<title>UU replay: Parnstar vs. boulicrok</title>
<style>
html,body {font-family:Verdana, sans-serif;font-size:10pt;margin:0;padding:0;}body{padding:12px 0;} .battle-log {font-family:Verdana, sans-serif;font-size:10pt;} .battle-log-inline {border:1px solid #AAAAAA;background:#EEF2F5;color:black;max-width:640px;margin:0 auto 80px;padding-bottom:5px;} .battle-log .inner {padding:4px 8px 0px 8px;} .battle-log .inner-preempt {padding:0 8px 4px 8px;} .battle-log .inner-after {margin-top:0.5em;} .battle-log h2 {margin:0.5em -8px;padding:4px 8px;border:1px solid #AAAAAA;background:#E0E7EA;border-left:0;border-right:0;font-family:Verdana, sans-serif;font-size:13pt;} .battle-log .chat {vertical-align:middle;padding:3px 0 3px 0;font-size:8pt;} .battle-log .chat strong {color:#40576A;} .battle-log .chat em {padding:1px 4px 1px 3px;color:#000000;font-style:normal;} .chat.mine {background:rgba(0,0,0,0.05);margin-left:-8px;margin-right:-8px;padding-left:8px;padding-right:8px;} .spoiler {color:#BBBBBB;background:#BBBBBB;padding:0px 3px;} .spoiler:hover, .spoiler:active, .spoiler-shown {color:#000000;background:#E2E2E2;padding:0px 3px;} .spoiler a {color:#BBBBBB;} .spoiler:hover a, .spoiler:active a, .spoiler-shown a {color:#2288CC;} .chat code, .chat .spoiler:hover code, .chat .spoiler:active code, .chat .spoiler-shown code {border:1px solid #C0C0C0;background:#EEEEEE;color:black;padding:0 2px;} .chat .spoiler code {border:1px solid #CCCCCC;background:#CCCCCC;color:#CCCCCC;} .battle-log .rated {padding:3px 4px;} .battle-log .rated strong {color:white;background:#89A;padding:1px 4px;border-radius:4px;} .spacer {margin-top:0.5em;} .message-announce {background:#6688AA;color:white;padding:1px 4px 2px;} .message-announce a, .broadcast-green a, .broadcast-blue a, .broadcast-red a {color:#DDEEFF;} .broadcast-green {background-color:#559955;color:white;padding:2px 4px;} .broadcast-blue {background-color:#6688AA;color:white;padding:2px 4px;} .infobox {border:1px solid #6688AA;padding:2px 4px;} .infobox-limited {max-height:200px;overflow:auto;overflow-x:hidden;} .broadcast-red {background-color:#AA5544;color:white;padding:2px 4px;} .message-learn-canlearn {font-weight:bold;color:#228822;text-decoration:underline;} .message-learn-cannotlearn {font-weight:bold;color:#CC2222;text-decoration:underline;} .message-effect-weak {font-weight:bold;color:#CC2222;} .message-effect-resist {font-weight:bold;color:#6688AA;} .message-effect-immune {font-weight:bold;color:#666666;} .message-learn-list {margin-top:0;margin-bottom:0;} .message-throttle-notice, .message-error {color:#992222;} .message-overflow, .chat small.message-overflow {font-size:0pt;} .message-overflow::before {font-size:9pt;content:'...';} .subtle {color:#3A4A66;}
</style>
<div class="wrapper replay-wrapper" style="max-width:1180px;margin:0 auto">
<input type="hidden" name="replayid" value="uu-554391801" />
<div class="battle"></div><div class="battle-log"></div><div class="replay-controls"></div><div class="replay-controls-2"></div>
<h1 style="font-weight:normal;text-align:center"><strong>UU</strong><br /><a href="http://pokemonshowdown.com/users/parnstar" class="subtle" target="_blank">Parnstar</a> vs. <a href="http://pokemonshowdown.com/users/boulicrok" class="subtle" target="_blank">boulicrok</a></h1>
<script type="text/plain" class="battle-log-data">|j|Parnstar
|j|boulicrok
|player|p1|Parnstar|21
|player|p2|boulicrok|209
|gametype|singles
|gen|6
|tier|UU
|rated
|seed|60025,31686,4003,756
|rule|Sleep Clause Mod: Limit one foe put to sleep
|rule|Species Clause: Limit one of each Pokémon
|rule|OHKO Clause: OHKO moves are banned
|rule|Moody Clause: Moody is banned
|rule|Evasion Moves Clause: Evasion moves are banned
|rule|Endless Battle Clause: Forcing endless battles is banned
|rule|HP Percentage Mod: HP is shown in percentages
|clearpoke
|poke|p1|Mandibuzz, F|item
|poke|p1|Ampharos, M|item
|poke|p1|Donphan, M|item
|poke|p1|Whimsicott, F|item
|poke|p1|Mamoswine, F|item
|poke|p1|Infernape, F|item
|poke|p2|Slurpuff, M|item
|poke|p2|Infernape, F|item
|poke|p2|Donphan, M|item
|poke|p2|Beedrill, M|item
|poke|p2|Suicune|item
|poke|p2|Heliolisk, F|item
|rule|Swagger Clause: Swagger is banned
|rule|Baton Pass Clause: Limit one Baton Passer, can't pass Spe and other stats simultaneously
|teampreview
|choice|team 3, team 2, team 1, team 4, team 5, team 6|team 2, team 1, team 3, team 4, team 5, team 6
|
|start
|switch|p1a: Donphan|Donphan, M|355\/355
|switch|p2a: TheFister|Infernape, F|293\/293
|turn|1
|choice|move earthquake|switch 5
|
|switch|p2a: Vaporeon 2.0|Suicune|404\/404
|-ability|p2a: Vaporeon 2.0|Pressure
|move|p1a: Donphan|Earthquake|p2a: Vaporeon 2.0
|-damage|p2a: Vaporeon 2.0|277\/404
|
|-heal|p2a: Vaporeon 2.0|302\/404|[from] item: Leftovers
|upkeep
|turn|2
|j|Stroak_of_Luck
|choice|switch 4|move scald
|
|switch|p1a: Whimsicott|Whimsicott, F|261\/261
|move|p2a: Vaporeon 2.0|Scald|p1a: Whimsicott
|-resisted|p1a: Whimsicott
|-crit|p1a: Whimsicott
|-damage|p1a: Whimsicott|174\/261
|
|-heal|p2a: Vaporeon 2.0|327\/404|[from] item: Leftovers
|upkeep
|turn|3
|choice|move moonblast|move scald
|
|move|p1a: Whimsicott|Moonblast|p2a: Vaporeon 2.0
|-damage|p2a: Vaporeon 2.0|204\/404
|move|p2a: Vaporeon 2.0|Scald|p1a: Whimsicott
|-resisted|p1a: Whimsicott
|-damage|p1a: Whimsicott|116\/261
|
|-heal|p2a: Vaporeon 2.0|229\/404|[from] item: Leftovers
|upkeep
|turn|4
|choice|move gigadrain|switch 4
|
|switch|p2a: Belgian Sniper|Beedrill, M|271\/271
|move|p1a: Whimsicott|Giga Drain|p2a: Belgian Sniper
|-resisted|p2a: Belgian Sniper
|-damage|p2a: Belgian Sniper|241\/271
|-heal|p1a: Whimsicott|131\/261|[from] drain|[of] p2a: Belgian Sniper
|
|upkeep
|turn|5
|choice|switch 4|move protect mega
|
|switch|p1a: Donphan|Donphan, M|355\/355
|detailschange|p2a: Belgian Sniper|Beedrill-Mega, M
|-mega|p2a: Belgian Sniper|Beedrill|Beedrillite
|move|p2a: Belgian Sniper|Protect|p2a: Belgian Sniper
|-fail|p2a: Belgian Sniper
|
|upkeep
|turn|6
|choice|move knockoff|move uturn
|
|move|p2a: Belgian Sniper|U-turn|p1a: Donphan
|-crit|p1a: Donphan
|-damage|p1a: Donphan|113\/355
|choice||switch 4
|
|switch|p2a: Vaporeon 2.0|Suicune|229\/404
|-ability|p2a: Vaporeon 2.0|Pressure
|move|p1a: Donphan|Knock Off|p2a: Vaporeon 2.0
|-damage|p2a: Vaporeon 2.0|150\/404
|-enditem|p2a: Vaporeon 2.0|Leftovers|[from] move: Knock Off|[of] p1a: Donphan
|
|upkeep
|turn|7
|choice|switch 2|move scald
|
|switch|p1a: Ampharos|Ampharos, M|383\/383
|move|p2a: Vaporeon 2.0|Scald|p1a: Ampharos
|-damage|p1a: Ampharos|284\/383
|
|upkeep
|turn|8
|choice|move thunderbolt|move scald
|
|move|p2a: Vaporeon 2.0|Scald|p1a: Ampharos
|-damage|p1a: Ampharos|184\/383
|-status|p1a: Ampharos|brn
|move|p1a: Ampharos|Thunderbolt|p2a: Vaporeon 2.0
|-supereffective|p2a: Vaporeon 2.0
|-damage|p2a: Vaporeon 2.0|0 fnt
|faint|p2a: Vaporeon 2.0
|
|-damage|p1a: Ampharos|137\/383 brn|[from] brn
|upkeep
|choice||switch 3
|
|switch|p2a: Babar|Donphan, M|384\/384
|turn|9
|choice|switch 3|move stealthrock
|
|switch|p1a: Mandibuzz|Mandibuzz, F|424\/424
|move|p2a: Babar|Stealth Rock|p1a: Mandibuzz
|-sidestart|p1: Parnstar|move: Stealth Rock
|
|upkeep
|turn|10
|choice|move nastyplot|switch 6
|
|switch|p2a: Vaporeon 3.0|Heliolisk, F|265\/265
|move|p1a: Mandibuzz|Nasty Plot|p1a: Mandibuzz
|-boost|p1a: Mandibuzz|spa|2
|
|upkeep
|turn|11
|choice|move darkpulse|move hypervoice
|
|move|p2a: Vaporeon 3.0|Hyper Voice|p1a: Mandibuzz
|-damage|p1a: Mandibuzz|207\/424
|move|p1a: Mandibuzz|Dark Pulse|p2a: Vaporeon 3.0
|-damage|p2a: Vaporeon 3.0|63\/265
|
|-heal|p1a: Mandibuzz|233\/424|[from] item: Leftovers
|upkeep
|turn|12
|choice|switch 2|move hypervoice
|
|switch|p1a: Donphan|Donphan, M|113\/355
|-damage|p1a: Donphan|91\/355|[from] Stealth Rock
|move|p2a: Vaporeon 3.0|Hyper Voice|p1a: Donphan
|-damage|p1a: Donphan|0 fnt
|faint|p1a: Donphan
|
|upkeep
|choice|switch 4|
|
|switch|p1a: Whimsicott|Whimsicott, F|131\/261
|-damage|p1a: Whimsicott|99\/261|[from] Stealth Rock
|turn|13
|choice|move naturepower|move hypervoice
|
|move|p1a: Whimsicott|Nature Power|p2a: Vaporeon 3.0
|move|p1a: Whimsicott|Tri Attack|p2a: Vaporeon 3.0|[from]Nature Power
|-damage|p2a: Vaporeon 3.0|0 fnt
|faint|p2a: Vaporeon 3.0
|
|upkeep
|choice||switch 6
|
|switch|p2a: Babar|Donphan, M|384\/384
|turn|14
|choice|move gigadrain|move iceshard
|
|move|p2a: Babar|Ice Shard|p1a: Whimsicott
|-supereffective|p1a: Whimsicott
|-damage|p1a: Whimsicott|5\/261
|move|p1a: Whimsicott|Giga Drain|p2a: Babar
|-supereffective|p2a: Babar
|-damage|p2a: Babar|96\/384
|-heal|p1a: Whimsicott|149\/261|[from] drain|[of] p2a: Babar
|
|-heal|p2a: Babar|120\/384|[from] item: Leftovers
|upkeep
|turn|15
|choice|move moonblast|move iceshard
|
|move|p2a: Babar|Ice Shard|p1a: Whimsicott
|-supereffective|p1a: Whimsicott
|-damage|p1a: Whimsicott|61\/261
|move|p1a: Whimsicott|Moonblast|p2a: Babar
|-damage|p2a: Babar|0 fnt
|faint|p2a: Babar
|
|upkeep
|choice||switch 5
|
|switch|p2a: TheFister|Infernape, F|293\/293
|turn|16
|choice|move naturepower|move firepunch
|
|move|p1a: Whimsicott|Nature Power|p2a: TheFister
|move|p1a: Whimsicott|Tri Attack|p2a: TheFister|[from]Nature Power
|-damage|p2a: TheFister|212\/293
|-status|p2a: TheFister|frz
|cant|p2a: TheFister|frz
|
|upkeep
|turn|17
|choice|move moonblast|move firepunch
|
|move|p1a: Whimsicott|Moonblast|p2a: TheFister
|-damage|p2a: TheFister|37\/293 frz
|cant|p2a: TheFister|frz
|
|upkeep
|turn|18
|choice|move gigadrain|move machpunch
|
|cant|p2a: TheFister|frz
|move|p1a: Whimsicott|Giga Drain|p2a: TheFister
|-resisted|p2a: TheFister
|-damage|p2a: TheFister|0 fnt
|-heal|p1a: Whimsicott|80\/261|[from] drain|[of] p2a: TheFister
|faint|p2a: TheFister
|
|upkeep
|c|☆boulicrok|...
|choice||switch 4
|
|switch|p2a: Belgian Sniper|Beedrill-Mega, M|241\/271
|turn|19
|choice|move naturepower|move poisonjab
|
|move|p1a: Whimsicott|Nature Power|p2a: Belgian Sniper
|move|p1a: Whimsicott|Tri Attack|p2a: Belgian Sniper|[from]Nature Power
|-damage|p2a: Belgian Sniper|158\/271
|move|p2a: Belgian Sniper|Poison Jab|p1a: Whimsicott
|-supereffective|p1a: Whimsicott
|-damage|p1a: Whimsicott|0 fnt
|faint|p1a: Whimsicott
|
|upkeep
|choice|switch 3|
|
|switch|p1a: Ampharos|Ampharos, M|137\/383 brn
|-damage|p1a: Ampharos|90\/383 brn|[from] Stealth Rock
|turn|20
|choice|move cottonguard|move poisonjab
|
|move|p2a: Belgian Sniper|Poison Jab|p1a: Ampharos
|-damage|p1a: Ampharos|0 fnt
|-status|p2a: Belgian Sniper|par|[from] ability: Static|[of] p1a: Ampharos
|faint|p1a: Ampharos
|
|upkeep
|choice|switch 2|
|
|switch|p1a: Mandibuzz|Mandibuzz, F|233\/424
|-damage|p1a: Mandibuzz|127\/424|[from] Stealth Rock
|turn|21
|c|☆boulicrok|PLEASE
|choice|move roost|move poisonjab
|
|move|p1a: Mandibuzz|Roost|p1a: Mandibuzz
|-heal|p1a: Mandibuzz|339\/424
|move|p2a: Belgian Sniper|Poison Jab|p1a: Mandibuzz
|-damage|p1a: Mandibuzz|125\/424
|-ability|p1a: Mandibuzz|Weak Armor|boost
|-unboost|p1a: Mandibuzz|def|1
|-boost|p1a: Mandibuzz|spe|1
|
|-heal|p1a: Mandibuzz|151\/424|[from] item: Leftovers
|upkeep
|turn|22
|choice|move roost|move xscissor
|
|move|p1a: Mandibuzz|Roost|p1a: Mandibuzz
|-heal|p1a: Mandibuzz|363\/424
|cant|p2a: Belgian Sniper|par
|
|-heal|p1a: Mandibuzz|389\/424|[from] item: Leftovers
|upkeep
|turn|23
|choice|move nastyplot|move xscissor
|
|move|p1a: Mandibuzz|Nasty Plot|p1a: Mandibuzz
|-boost|p1a: Mandibuzz|spa|2
|move|p2a: Belgian Sniper|X-Scissor|p1a: Mandibuzz
|-damage|p1a: Mandibuzz|27\/424
|-ability|p1a: Mandibuzz|Weak Armor|boost
|-unboost|p1a: Mandibuzz|def|1
|-boost|p1a: Mandibuzz|spe|1
|
|-heal|p1a: Mandibuzz|53\/424|[from] item: Leftovers
|upkeep
|turn|24
|choice|move roost|move xscissor
|
|move|p1a: Mandibuzz|Roost|p1a: Mandibuzz
|-heal|p1a: Mandibuzz|265\/424
|move|p2a: Belgian Sniper|X-Scissor|p1a: Mandibuzz
|-supereffective|p1a: Mandibuzz
|-damage|p1a: Mandibuzz|0 fnt
|faint|p1a: Mandibuzz
|
|upkeep
|choice|switch 5|
|
|switch|p1a: Mamoswine|Mamoswine, F|361\/361
|-damage|p1a: Mamoswine|316\/361|[from] Stealth Rock
|turn|25
|choice|move earthquake|move xscissor
|
|move|p1a: Mamoswine|Earthquake|p2a: Belgian Sniper
|-damage|p2a: Belgian Sniper|0 fnt
|faint|p2a: Belgian Sniper
|
|upkeep
|choice||switch 2
|
|switch|p2a: CheeseCake|Slurpuff, M|306\/306
|turn|26
|c|☆Parnstar|You ok?
|choice|move earthquake|move drainpunch
|
|move|p1a: Mamoswine|Earthquake|p2a: CheeseCake
|-damage|p2a: CheeseCake|68\/306
|-enditem|p2a: CheeseCake|Sitrus Berry|[eat]
|-heal|p2a: CheeseCake|144\/306|[from] item: Sitrus Berry
|move|p2a: CheeseCake|Drain Punch|p1a: Mamoswine
|-supereffective|p1a: Mamoswine
|-damage|p1a: Mamoswine|140\/361
|-heal|p2a: CheeseCake|232\/306|[from] drain|[of] p1a: Mamoswine
|
|upkeep
|turn|27
|choice|move earthquake|move drainpunch
|
|move|p2a: CheeseCake|Drain Punch|p1a: Mamoswine
|-supereffective|p1a: Mamoswine
|-crit|p1a: Mamoswine
|-damage|p1a: Mamoswine|0 fnt
|-heal|p2a: CheeseCake|302\/306|[from] drain|[of] p1a: Mamoswine
|faint|p1a: Mamoswine
|
|upkeep
|choice|switch 6|
|
|switch|p1a: Infernape|Infernape, F|293\/293
|-damage|p1a: Infernape|257\/293|[from] Stealth Rock
|turn|28
|choice|move overheat|move playrough
|
|move|p2a: CheeseCake|Play Rough|p1a: Infernape
|-damage|p1a: Infernape|70\/293
|move|p1a: Infernape|Overheat|p2a: CheeseCake
|-damage|p2a: CheeseCake|0 fnt
|-unboost|p1a: Infernape|spa|2
|faint|p2a: CheeseCake
|
|win|Parnstar
|raw|Parnstar's rating: 1366 &rarr; <strong>1384<\/strong><br \/>(+18 for winning)
|raw|boulicrok's rating: 1336 &rarr; <strong>1317<\/strong><br \/>(-19 for losing)
|c|☆Parnstar|Gg
|c|☆boulicrok|nice haxx
|c|☆boulicrok|gg
|c|☆Parnstar|Just 1
|c|☆Parnstar|2
|l|Stroak_of_Luck</script>
</div>
<div class="battle-log battle-log-inline"><div class="inner"><div class="battle-options"></div><div class="inner"><div class="chat"><small>Parnstar joined.</small></div><div class="chat"><small>boulicrok joined.</small></div><div class=""><small>Format:</small> <br><strong>UU</strong></div><div class="rated"><strong>Rated battle</strong></div><div class=""><small><em>Sleep Clause Mod:</em> Limit one foe put to sleep</small></div><div class=""><small><em>Species Clause:</em> Limit one of each Pokémon</small></div><div class=""><small><em>OHKO Clause:</em> OHKO moves are banned</small></div><div class=""><small><em>Moody Clause:</em> Moody is banned</small></div><div class=""><small><em>Evasion Moves Clause:</em> Evasion moves are banned</small></div><div class=""><small><em>Endless Battle Clause:</em> Forcing endless battles is banned</small></div><div class=""><small><em>HP Percentage Mod:</em> HP is shown in percentages</small></div><div class=""><small><em>Swagger Clause:</em> Swagger is banned</small></div><div class=""><small><em>Baton Pass Clause:</em> Limit one Baton Passer, can't pass Spe and other stats simultaneously</small></div><div class="chat battle-history"><strong>Parnstar's team:</strong> <em style="color:#445566;display:block;">Mandibuzz / Ampharos / Donphan / Whimsicott / Mamoswine / Infernape</em></div><div class="chat battle-history"><strong>boulicrok's team:</strong> <em style="color:#445566;display:block;">Slurpuff / Infernape / Donphan / Beedrill / Suicune / Heliolisk</em></div><div class="spacer battle-history"><br></div><div class="battle-history">Battle started between Parnstar and boulicrok!<br></div><div class="spacer battle-history"><br></div><div class="battle-history">Go! <strong>Donphan</strong>!<br></div><div class="spacer battle-history"><br></div><div class="battle-history">boulicrok sent out TheFister (<strong>Infernape</strong>)!<br></div><div class="spacer battle-history"><br></div><h2 class="battle-history">Turn 1</h2><div class="spacer battle-history"><br></div><div class="battle-history">boulicrok withdrew TheFister!<br></div><div class="battle-history">boulicrok sent out Vaporeon 2.0 (<strong>Suicune</strong>)!<br></div><div class="battle-history"><small>[The opposing Vaporeon 2.0's Pressure]</small><br><small>The opposing Vaporeon 2.0 is exerting its pressure!</small><br></div><div class="spacer battle-history"><br></div><div class="battle-history">Donphan used <strong>Earthquake</strong>!<br></div><div class="battle-history"><small>(The opposing Vaporeon 2.0 lost <abbr title="−127/404">31.4%</abbr> of its health!)</small><br></div><div class="spacer battle-history"><br></div><div class="battle-history"><small>The opposing Vaporeon 2.0 restored a little HP using its Leftovers!</small><br></div><div class="spacer battle-history"><br></div><h2 class="battle-history">Turn 2</h2><div class="chat"><small>Stroak_of_Luck joined.</small></div><div class="spacer battle-history"><br></div><div class="battle-history">Donphan, come back!<br></div><div class="battle-history">Go! <strong>Whimsicott</strong>!<br></div><div class="spacer battle-history"><br></div><div class="battle-history">The opposing Vaporeon 2.0 used <strong>Scald</strong>!<br></div><div class="battle-history"><small>It's not very effective...</small><br></div><div class="battle-history"><small>A critical hit!</small><br></div><div class="battle-history"><small>(Whimsicott lost <abbr title="−87/261">33.3%</abbr> of its health!)</small><br></div><div class="spacer battle-history"><br></div><div class="battle-history"><small>The opposing Vaporeon 2.0 restored a little HP using its Leftovers!</small><br></div><div class="spacer battle-history"><br></div><h2 class="battle-history">Turn 3</h2><div class="spacer battle-history"><br></div><div class="battle-history">Whimsicott used <strong>Moonblast</strong>!<br></div><div class="battle-history"><small>(The opposing Vaporeon 2.0 lost <abbr title="−123/404">30.4%</abbr> of its health!)</small><br></div><div class="spacer battle-history"><br></div><div class="battle-history">The opposing Vaporeon 2.0 used <strong>Scald</strong>!<br></div><div class="battle-history"><small>It's not very effective...</small><br></div><div class="battle-history"><small>(Whimsicott lost <abbr title="−58/261">22.2%</abbr> of its health!)</small><br></div><div class="spacer battle-history"><br></div><div class="battle-history"><small>The opposing Vaporeon 2.0 restored a little HP using its Leftovers!</small><br></div><div class="spacer battle-history"><br></div><h2 class="battle-history">Turn 4</h2><div class="spacer battle-history"><br></div><div class="battle-history">boulicrok withdrew Vaporeon 2.0!<br></div><div class="battle-history">boulicrok sent out Belgian Sniper (<strong>Beedrill</strong>)!<br></div><div class="spacer battle-history"><br></div><div class="battle-history">Whimsicott used <strong>Giga Drain</strong>!<br></div><div class="battle-history"><small>It's not very effective...</small><br></div><div class="battle-history"><small>(The opposing Belgian Sniper lost <abbr title="−30/271">11.1%</abbr> of its health!)</small><br></div><div class="battle-history"><small>The opposing Belgian Sniper had its energy drained!</small><br></div><div class="spacer battle-history"><br></div><h2 class="battle-history">Turn 5</h2><div class="spacer battle-history"><br></div><div class="battle-history">Whimsicott, come back!<br></div><div class="battle-history">Go! <strong>Donphan</strong>!<br></div><div class="spacer battle-history"><br></div><div class="battle-history"><small>The opposing Belgian Sniper's Beedrillite is reacting to boulicrok's Mega Bracelet!</small><br>The opposing Belgian Sniper has Mega Evolved into Mega Beedrill!<br></div><div class="spacer battle-history"><br></div><div class="battle-history">The opposing Belgian Sniper used <strong>Protect</strong>!<br></div><div class="battle-history"><small>But it failed!</small><br></div><div class="spacer battle-history"><br></div><h2 class="battle-history">Turn 6</h2><div class="spacer battle-history"><br></div><div class="battle-history">The opposing Belgian Sniper used <strong>U-turn</strong>!<br></div><div class="battle-history"><small>A critical hit!</small><br></div><div class="battle-history"><small>(Donphan lost <abbr title="−242/355">68.2%</abbr> of its health!)</small><br></div><div class="spacer battle-history"><br></div><div class="battle-history">The opposing Belgian Sniper went back to boulicrok!<br></div><div class="battle-history">boulicrok sent out Vaporeon 2.0 (<strong>Suicune</strong>)!<br></div><div class="battle-history"><small>[The opposing Vaporeon 2.0's Pressure]</small><br><small>The opposing Vaporeon 2.0 is exerting its pressure!</small><br></div><div class="spacer battle-history"><br></div><div class="battle-history">Donphan used <strong>Knock Off</strong>!<br></div><div class="battle-history"><small>(The opposing Vaporeon 2.0 lost <abbr title="−79/404">19.6%</abbr> of its health!)</small><br></div><div class="battle-history"><small>Donphan knocked off the opposing Vaporeon 2.0's Leftovers!</small><br></div><div class="spacer battle-history"><br></div><h2 class="battle-history">Turn 7</h2><div class="spacer battle-history"><br></div><div class="battle-history">Donphan, come back!<br></div><div class="battle-history">Go! <strong>Ampharos</strong>!<br></div><div class="spacer battle-history"><br></div><div class="battle-history">The opposing Vaporeon 2.0 used <strong>Scald</strong>!<br></div><div class="battle-history"><small>(Ampharos lost <abbr title="−99/383">25.8%</abbr> of its health!)</small><br></div><div class="spacer battle-history"><br></div><h2 class="battle-history">Turn 8</h2><div class="spacer battle-history"><br></div><div class="battle-history">The opposing Vaporeon 2.0 used <strong>Scald</strong>!<br></div><div class="battle-history"><small>(Ampharos lost <abbr title="−100/383">26.1%</abbr> of its health!)</small><br></div><div class="battle-history"><small>Ampharos was burned!</small><br></div><div class="spacer battle-history"><br></div><div class="battle-history">Ampharos used <strong>Thunderbolt</strong>!<br></div><div class="battle-history"><small>It's super effective!</small><br></div><div class="battle-history"><small>(The opposing Vaporeon 2.0 lost <abbr title="−150/404">37.1%</abbr> of its health!)</small><br></div><div class="spacer battle-history"><br></div><div class="battle-history">The opposing Vaporeon 2.0 fainted!<br></div><div class="spacer battle-history"><br></div><div class="battle-history"><small>Ampharos was hurt by its burn!</small><br></div><div class="spacer battle-history"><br></div><div class="battle-history">boulicrok sent out Babar (<strong>Donphan</strong>)!<br></div><div class="spacer battle-history"><br></div><h2 class="battle-history">Turn 9</h2><div class="spacer battle-history"><br></div><div class="battle-history">Ampharos, come back!<br></div><div class="battle-history">Go! <strong>Mandibuzz</strong>!<br></div><div class="spacer battle-history"><br></div><div class="battle-history">The opposing Babar used <strong>Stealth Rock</strong>!<br></div><div class="battle-history"><small>Pointed stones float in the air around your team!</small><br></div><div class="spacer battle-history"><br></div><h2 class="battle-history">Turn 10</h2><div class="spacer battle-history"><br></div><div class="battle-history">boulicrok withdrew Babar!<br></div><div class="battle-history">boulicrok sent out Vaporeon 3.0 (<strong>Heliolisk</strong>)!<br></div><div class="spacer battle-history"><br></div><div class="battle-history">Mandibuzz used <strong>Nasty Plot</strong>!<br></div><div class="battle-history"><small>Mandibuzz's Special Attack rose sharply!</small><br></div><div class="spacer battle-history"><br></div><h2 class="battle-history">Turn 11</h2><div class="spacer battle-history"><br></div><div class="battle-history">The opposing Vaporeon 3.0 used <strong>Hyper Voice</strong>!<br></div><div class="battle-history"><small>(Mandibuzz lost <abbr title="−217/424">51.2%</abbr> of its health!)</small><br></div><div class="spacer battle-history"><br></div><div class="battle-history">Mandibuzz used <strong>Dark Pulse</strong>!<br></div><div class="battle-history"><small>(The opposing Vaporeon 3.0 lost <abbr title="−202/265">76.2%</abbr> of its health!)</small><br></div><div class="spacer battle-history"><br></div><div class="battle-history"><small>Mandibuzz restored a little HP using its Leftovers!</small><br></div><div class="spacer battle-history"><br></div><h2 class="battle-history">Turn 12</h2><div class="spacer battle-history"><br></div><div class="battle-history">Mandibuzz, come back!<br></div><div class="battle-history">Go! <strong>Donphan</strong>!<br></div><div class="battle-history"><small>Pointed stones dug into Donphan!</small><br></div><div class="spacer battle-history"><br></div><div class="battle-history">The opposing Vaporeon 3.0 used <strong>Hyper Voice</strong>!<br></div><div class="battle-history"><small>(Donphan lost <abbr title="−91/355">25.6%</abbr> of its health!)</small><br></div><div class="spacer battle-history"><br></div><div class="battle-history">Donphan fainted!<br></div><div class="spacer battle-history"><br></div><div class="battle-history">Go! <strong>Whimsicott</strong>!<br></div><div class="battle-history"><small>Pointed stones dug into Whimsicott!</small><br></div><div class="spacer battle-history"><br></div><h2 class="battle-history">Turn 13</h2><div class="spacer battle-history"><br></div><div class="battle-history">Whimsicott used <strong>Nature Power</strong>!<br></div><div class="spacer battle-history"><br></div><div class="battle-history">Nature Power turned into Tri Attack!<br></div><div class="battle-history"><small>(The opposing Vaporeon 3.0 lost <abbr title="−63/265">23.8%</abbr> of its health!)</small><br></div><div class="spacer battle-history"><br></div><div class="battle-history">The opposing Vaporeon 3.0 fainted!<br></div><div class="spacer battle-history"><br></div><div class="battle-history">boulicrok sent out Babar (<strong>Donphan</strong>)!<br></div><div class="spacer battle-history"><br></div><h2 class="battle-history">Turn 14</h2><div class="spacer battle-history"><br></div><div class="battle-history">The opposing Babar used <strong>Ice Shard</strong>!<br></div><div class="battle-history"><small>It's super effective!</small><br></div><div class="battle-history"><small>(Whimsicott lost <abbr title="−94/261">36.0%</abbr> of its health!)</small><br></div><div class="spacer battle-history"><br></div><div class="battle-history">Whimsicott used <strong>Giga Drain</strong>!<br></div><div class="battle-history"><small>It's super effective!</small><br></div><div class="battle-history"><small>(The opposing Babar lost <abbr title="−288/384">75%</abbr> of its health!)</small><br></div><div class="battle-history"><small>The opposing Babar had its energy drained!</small><br></div><div class="spacer battle-history"><br></div><div class="battle-history"><small>The opposing Babar restored a little HP using its Leftovers!</small><br></div><div class="spacer battle-history"><br></div><h2 class="battle-history">Turn 15</h2><div class="spacer battle-history"><br></div><div class="battle-history">The opposing Babar used <strong>Ice Shard</strong>!<br></div><div class="battle-history"><small>It's super effective!</small><br></div><div class="battle-history"><small>(Whimsicott lost <abbr title="−88/261">33.7%</abbr> of its health!)</small><br></div><div class="spacer battle-history"><br></div><div class="battle-history">Whimsicott used <strong>Moonblast</strong>!<br></div><div class="battle-history"><small>(The opposing Babar lost <abbr title="−120/384">31.3%</abbr> of its health!)</small><br></div><div class="spacer battle-history"><br></div><div class="battle-history">The opposing Babar fainted!<br></div><div class="spacer battle-history"><br></div><div class="battle-history">boulicrok sent out TheFister (<strong>Infernape</strong>)!<br></div><div class="spacer battle-history"><br></div><h2 class="battle-history">Turn 16</h2><div class="spacer battle-history"><br></div><div class="battle-history">Whimsicott used <strong>Nature Power</strong>!<br></div><div class="spacer battle-history"><br></div><div class="battle-history">Nature Power turned into Tri Attack!<br></div><div class="battle-history"><small>(The opposing TheFister lost <abbr title="−81/293">27.6%</abbr> of its health!)</small><br></div><div class="battle-history"><small>The opposing TheFister was frozen solid!</small><br></div><div class="spacer battle-history"><br></div><div class="battle-history">The opposing TheFister is frozen solid!<br></div><div class="spacer battle-history"><br></div><h2 class="battle-history">Turn 17</h2><div class="spacer battle-history"><br></div><div class="battle-history">Whimsicott used <strong>Moonblast</strong>!<br></div><div class="battle-history"><small>(The opposing TheFister lost <abbr title="−175/293">59.7%</abbr> of its health!)</small><br></div><div class="spacer battle-history"><br></div><div class="battle-history">The opposing TheFister is frozen solid!<br></div><div class="spacer battle-history"><br></div><h2 class="battle-history">Turn 18</h2><div class="spacer battle-history"><br></div><div class="battle-history">The opposing TheFister is frozen solid!<br></div><div class="spacer battle-history"><br></div><div class="battle-history">Whimsicott used <strong>Giga Drain</strong>!<br></div><div class="battle-history"><small>It's not very effective...</small><br></div><div class="battle-history"><small>(The opposing TheFister lost <abbr title="−37/293">12.6%</abbr> of its health!)</small><br></div><div class="battle-history"><small>The opposing TheFister had its energy drained!</small><br></div><div class="spacer battle-history"><br></div><div class="battle-history">The opposing TheFister fainted!<br></div><div class="chat chatmessage-boulicrok"><strong style="color:hsl(239,55%,64.79614403707562%)"><small>☆</small><span class="username" data-name="boulicrok">boulicrok</span>:</strong> <em>...</em></div><div class="spacer battle-history"><br></div><div class="battle-history">boulicrok sent out Belgian Sniper (<strong>Beedrill-Mega</strong>)!<br></div><div class="spacer battle-history"><br></div><h2 class="battle-history">Turn 19</h2><div class="spacer battle-history"><br></div><div class="battle-history">Whimsicott used <strong>Nature Power</strong>!<br></div><div class="spacer battle-history"><br></div><div class="battle-history">Nature Power turned into Tri Attack!<br></div><div class="battle-history"><small>(The opposing Belgian Sniper lost <abbr title="−83/271">30.6%</abbr> of its health!)</small><br></div><div class="spacer battle-history"><br></div><div class="battle-history">The opposing Belgian Sniper used <strong>Poison Jab</strong>!<br></div><div class="battle-history"><small>It's super effective!</small><br></div><div class="battle-history"><small>(Whimsicott lost <abbr title="−80/261">30.7%</abbr> of its health!)</small><br></div><div class="spacer battle-history"><br></div><div class="battle-history">Whimsicott fainted!<br></div><div class="spacer battle-history"><br></div><div class="battle-history">Go! <strong>Ampharos</strong>!<br></div><div class="battle-history"><small>Pointed stones dug into Ampharos!</small><br></div><div class="spacer battle-history"><br></div><h2 class="battle-history">Turn 20</h2><div class="spacer battle-history"><br></div><div class="battle-history">The opposing Belgian Sniper used <strong>Poison Jab</strong>!<br></div><div class="battle-history"><small>(Ampharos lost <abbr title="−90/383">23.5%</abbr> of its health!)</small><br></div><div class="battle-history"><small>[Ampharos's Static]</small><br><small>The opposing Belgian Sniper is paralyzed! It may be unable to move!</small><br></div><div class="spacer battle-history"><br></div><div class="battle-history">Ampharos fainted!<br></div><div class="spacer battle-history"><br></div><div class="battle-history">Go! <strong>Mandibuzz</strong>!<br></div><div class="battle-history"><small>Pointed stones dug into Mandibuzz!</small><br></div><div class="spacer battle-history"><br></div><h2 class="battle-history">Turn 21</h2><div class="chat chatmessage-boulicrok"><strong style="color:hsl(239,55%,64.79614403707562%)"><small>☆</small><span class="username" data-name="boulicrok">boulicrok</span>:</strong> <em>PLEASE</em></div><div class="spacer battle-history"><br></div><div class="battle-history">Mandibuzz used <strong>Roost</strong>!<br></div><div class="battle-history"><small>Mandibuzz restored its HP.</small><br></div><div class="spacer battle-history"><br></div><div class="battle-history">The opposing Belgian Sniper used <strong>Poison Jab</strong>!<br></div><div class="battle-history"><small>(Mandibuzz lost <abbr title="−214/424">50.5%</abbr> of its health!)</small><br></div><div class="battle-history"><small>[Mandibuzz's Weak Armor]</small><br></div><div class="battle-history"><small>Mandibuzz's Defense fell!</small><br></div><div class="battle-history"><small>Mandibuzz's Speed rose!</small><br></div><div class="spacer battle-history"><br></div><div class="battle-history"><small>Mandibuzz restored a little HP using its Leftovers!</small><br></div><div class="spacer battle-history"><br></div><h2 class="battle-history">Turn 22</h2><div class="spacer battle-history"><br></div><div class="battle-history">Mandibuzz used <strong>Roost</strong>!<br></div><div class="battle-history"><small>Mandibuzz restored its HP.</small><br></div><div class="spacer battle-history"><br></div><div class="battle-history">The opposing Belgian Sniper is paralyzed! It can't move!<br></div><div class="spacer battle-history"><br></div><div class="battle-history"><small>Mandibuzz restored a little HP using its Leftovers!</small><br></div><div class="spacer battle-history"><br></div><h2 class="battle-history">Turn 23</h2><div class="spacer battle-history"><br></div><div class="battle-history">Mandibuzz used <strong>Nasty Plot</strong>!<br></div><div class="battle-history"><small>Mandibuzz's Special Attack rose sharply!</small><br></div><div class="spacer battle-history"><br></div><div class="battle-history">The opposing Belgian Sniper used <strong>X-Scissor</strong>!<br></div><div class="battle-history"><small>(Mandibuzz lost <abbr title="−362/424">85.4%</abbr> of its health!)</small><br></div><div class="battle-history"><small>[Mandibuzz's Weak Armor]</small><br></div><div class="battle-history"><small>Mandibuzz's Defense fell!</small><br></div><div class="battle-history"><small>Mandibuzz's Speed rose!</small><br></div><div class="spacer battle-history"><br></div><div class="battle-history"><small>Mandibuzz restored a little HP using its Leftovers!</small><br></div><div class="spacer battle-history"><br></div><h2 class="battle-history">Turn 24</h2><div class="spacer battle-history"><br></div><div class="battle-history">Mandibuzz used <strong>Roost</strong>!<br></div><div class="battle-history"><small>Mandibuzz restored its HP.</small><br></div><div class="spacer battle-history"><br></div><div class="battle-history">The opposing Belgian Sniper used <strong>X-Scissor</strong>!<br></div><div class="battle-history"><small>It's super effective!</small><br></div><div class="battle-history"><small>(Mandibuzz lost <abbr title="−265/424">62.5%</abbr> of its health!)</small><br></div><div class="spacer battle-history"><br></div><div class="battle-history">Mandibuzz fainted!<br></div><div class="spacer battle-history"><br></div><div class="battle-history">Go! <strong>Mamoswine</strong>!<br></div><div class="battle-history"><small>Pointed stones dug into Mamoswine!</small><br></div><div class="spacer battle-history"><br></div><h2 class="battle-history">Turn 25</h2><div class="spacer battle-history"><br></div><div class="battle-history">Mamoswine used <strong>Earthquake</strong>!<br></div><div class="battle-history"><small>(The opposing Belgian Sniper lost <abbr title="−158/271">58.3%</abbr> of its health!)</small><br></div><div class="spacer battle-history"><br></div><div class="battle-history">The opposing Belgian Sniper fainted!<br></div><div class="spacer battle-history"><br></div><div class="battle-history">boulicrok sent out CheeseCake (<strong>Slurpuff</strong>)!<br></div><div class="spacer battle-history"><br></div><h2 class="battle-history">Turn 26</h2><div class="chat chatmessage-parnstar"><strong style="color:hsl(41,84%,41.163999978976825%)"><small>☆</small><span class="username" data-name="Parnstar">Parnstar</span>:</strong> <em>You ok?</em></div><div class="spacer battle-history"><br></div><div class="battle-history">Mamoswine used <strong>Earthquake</strong>!<br></div><div class="battle-history"><small>(The opposing CheeseCake lost <abbr title="−238/306">77.8%</abbr> of its health!)</small><br></div><div class="battle-history"><small>The opposing CheeseCake ate its Sitrus Berry!</small><br></div><div class="battle-history"><small>The opposing CheeseCake restored HP using its Sitrus Berry!</small><br></div><div class="spacer battle-history"><br></div><div class="battle-history">The opposing CheeseCake used <strong>Drain Punch</strong>!<br></div><div class="battle-history"><small>It's super effective!</small><br></div><div class="battle-history"><small>(Mamoswine lost <abbr title="−176/361">48.8%</abbr> of its health!)</small><br></div><div class="battle-history"><small>Mamoswine had its energy drained!</small><br></div><div class="spacer battle-history"><br></div><h2 class="battle-history">Turn 27</h2><div class="spacer battle-history"><br></div><div class="battle-history">The opposing CheeseCake used <strong>Drain Punch</strong>!<br></div><div class="battle-history"><small>It's super effective!</small><br></div><div class="battle-history"><small>A critical hit!</small><br></div><div class="battle-history"><small>(Mamoswine lost <abbr title="−140/361">38.8%</abbr> of its health!)</small><br></div><div class="battle-history"><small>Mamoswine had its energy drained!</small><br></div><div class="spacer battle-history"><br></div><div class="battle-history">Mamoswine fainted!<br></div><div class="spacer battle-history"><br></div><div class="battle-history">Go! <strong>Infernape</strong>!<br></div><div class="battle-history"><small>Pointed stones dug into Infernape!</small><br></div><div class="spacer battle-history"><br></div><h2 class="battle-history">Turn 28</h2><div class="spacer battle-history"><br></div><div class="battle-history">The opposing CheeseCake used <strong>Play Rough</strong>!<br></div><div class="battle-history"><small>(Infernape lost <abbr title="−187/293">63.8%</abbr> of its health!)</small><br></div><div class="spacer battle-history"><br></div><div class="battle-history">Infernape used <strong>Overheat</strong>!<br></div><div class="battle-history"><small>(The opposing CheeseCake lost <abbr title="−302/306">98.7%</abbr> of its health!)</small><br></div><div class="battle-history"><small>Infernape's Special Attack fell harshly!</small><br></div><div class="spacer battle-history"><br></div><div class="battle-history">The opposing CheeseCake fainted!<br></div><div class="spacer battle-history"><br></div><div class="battle-history"><strong>Parnstar</strong> won the battle!<br></div><div class="chat">Parnstar's rating: 1366 → <strong>1384</strong><br>(+18 for winning)</div><div class="chat">boulicrok's rating: 1336 → <strong>1317</strong><br>(-19 for losing)</div><div class="chat chatmessage-parnstar"><strong style="color:hsl(41,84%,41.163999978976825%)"><small>☆</small><span class="username" data-name="Parnstar">Parnstar</span>:</strong> <em>Gg</em></div><div class="chat chatmessage-boulicrok"><strong style="color:hsl(239,55%,64.79614403707562%)"><small>☆</small><span class="username" data-name="boulicrok">boulicrok</span>:</strong> <em>nice haxx</em></div><div class="chat chatmessage-boulicrok"><strong style="color:hsl(239,55%,64.79614403707562%)"><small>☆</small><span class="username" data-name="boulicrok">boulicrok</span>:</strong> <em>gg</em></div><div class="chat chatmessage-parnstar"><strong style="color:hsl(41,84%,41.163999978976825%)"><small>☆</small><span class="username" data-name="Parnstar">Parnstar</span>:</strong> <em>Just 1</em></div><div class="chat chatmessage-parnstar"><strong style="color:hsl(41,84%,41.163999978976825%)"><small>☆</small><span class="username" data-name="Parnstar">Parnstar</span>:</strong> <em>2</em></div><div class="chat"><small>Stroak_of_Luck left.</small></div></div><div class="inner-preempt"></div></div></div>
</div>
<script>
let daily = Math.floor(Date.now()/1000/60/60/24);document.write('<script src="https://play.pokemonshowdown.com/js/replay-embed.js?version'+daily+'"></'+'script>');
</script>
