<!DOCTYPE html>
<meta charset="utf-8" />
<!-- version 1 -->
<title>UU replay: minolob vs. terriblement</title>
<style>
html,body {font-family:Verdana, sans-serif;font-size:10pt;margin:0;padding:0;}body{padding:12px 0;} .battle-log {font-family:Verdana, sans-serif;font-size:10pt;} .battle-log-inline {border:1px solid #AAAAAA;background:#EEF2F5;color:black;max-width:640px;margin:0 auto 80px;padding-bottom:5px;} .battle-log .inner {padding:4px 8px 0px 8px;} .battle-log .inner-preempt {padding:0 8px 4px 8px;} .battle-log .inner-after {margin-top:0.5em;} .battle-log h2 {margin:0.5em -8px;padding:4px 8px;border:1px solid #AAAAAA;background:#E0E7EA;border-left:0;border-right:0;font-family:Verdana, sans-serif;font-size:13pt;} .battle-log .chat {vertical-align:middle;padding:3px 0 3px 0;font-size:8pt;} .battle-log .chat strong {color:#40576A;} .battle-log .chat em {padding:1px 4px 1px 3px;color:#000000;font-style:normal;} .chat.mine {background:rgba(0,0,0,0.05);margin-left:-8px;margin-right:-8px;padding-left:8px;padding-right:8px;} .spoiler {color:#BBBBBB;background:#BBBBBB;padding:0px 3px;} .spoiler:hover, .spoiler:active, .spoiler-shown {color:#000000;background:#E2E2E2;padding:0px 3px;} .spoiler a {color:#BBBBBB;} .spoiler:hover a, .spoiler:active a, .spoiler-shown a {color:#2288CC;} .chat code, .chat .spoiler:hover code, .chat .spoiler:active code, .chat .spoiler-shown code {border:1px solid #C0C0C0;background:#EEEEEE;color:black;padding:0 2px;} .chat .spoiler code {border:1px solid #CCCCCC;background:#CCCCCC;color:#CCCCCC;} .battle-log .rated {padding:3px 4px;} .battle-log .rated strong {color:white;background:#89A;padding:1px 4px;border-radius:4px;} .spacer {margin-top:0.5em;} .message-announce {background:#6688AA;color:white;padding:1px 4px 2px;} .message-announce a, .broadcast-green a, .broadcast-blue a, .broadcast-red a {color:#DDEEFF;} .broadcast-green {background-color:#559955;color:white;padding:2px 4px;} .broadcast-blue {background-color:#6688AA;color:white;padding:2px 4px;} .infobox {border:1px solid #6688AA;padding:2px 4px;} .infobox-limited {max-height:200px;overflow:auto;overflow-x:hidden;} .broadcast-red {background-color:#AA5544;color:white;padding:2px 4px;} .message-learn-canlearn {font-weight:bold;color:#228822;text-decoration:underline;} .message-learn-cannotlearn {font-weight:bold;color:#CC2222;text-decoration:underline;} .message-effect-weak {font-weight:bold;color:#CC2222;} .message-effect-resist {font-weight:bold;color:#6688AA;} .message-effect-immune {font-weight:bold;color:#666666;} .message-learn-list {margin-top:0;margin-bottom:0;} .message-throttle-notice, .message-error {color:#992222;} .message-overflow, .chat small.message-overflow {font-size:0pt;} .message-overflow::before {font-size:9pt;content:'...';} .subtle {color:#3A4A66;}
</style>
<div class="wrapper replay-wrapper" style="max-width:1180px;margin:0 auto">
<input type="hidden" name="replayid" value="uu-541227314" />
<div class="battle"></div><div class="battle-log"></div><div class="replay-controls"></div><div class="replay-controls-2"></div>
<h1 style="font-weight:normal;text-align:center"><strong>UU</strong><br /><a href="http://pokemonshowdown.com/users/minolob" class="subtle" target="_blank">minolob</a> vs. <a href="http://pokemonshowdown.com/users/terriblement" class="subtle" target="_blank">terriblement</a></h1>
<script type="text/plain" class="battle-log-data">|j|minolob
|j|terriblement
|player|p1|minolob|1
|player|p2|terriblement|2
|gametype|singles
|gen|6
|tier|UU
|rated
|seed|41490,47627,58310,36555
|rule|Sleep Clause Mod: Limit one foe put to sleep
|rule|Species Clause: Limit one of each Pokémon
|rule|OHKO Clause: OHKO moves are banned
|rule|Moody Clause: Moody is banned
|rule|Evasion Moves Clause: Evasion moves are banned
|rule|Endless Battle Clause: Forcing endless battles is banned
|rule|HP Percentage Mod: HP is shown in percentages
|clearpoke
|poke|p1|Krookodile, F|item
|poke|p1|Porygon-Z|item
|poke|p1|Tentacruel, M|item
|poke|p1|Aerodactyl, M|item
|poke|p1|Haxorus, M|item
|poke|p1|Chandelure, M, shiny|item
|poke|p2|Metagross|item
|poke|p2|Gyarados, M|item
|poke|p2|Conkeldurr, M|item
|poke|p2|Sceptile, M|item
|poke|p2|Florges, F|item
|poke|p2|Mamoswine, F|item
|rule|Swagger Clause: Swagger is banned
|rule|Baton Pass Clause: Limit one Baton Passer, can't pass Spe and other stats simultaneously
|teampreview
|choice|team 2, team 1, team 3, team 4, team 5, team 6|team 3, team 2, team 1, team 4, team 5, team 6
|
|start
|switch|p1a: Porygon-Z|Porygon-Z|311\/311
|switch|p2a: Conkeldurr|Conkeldurr, M|414\/414
|turn|1
|choice|switch 3|move knockoff
|
|switch|p1a: Tentacruel|Tentacruel, M|361\/361
|move|p2a: Conkeldurr|Knock Off|p1a: Tentacruel
|-damage|p1a: Tentacruel|255\/361
|-enditem|p1a: Tentacruel|Black Sludge|[from] move: Knock Off|[of] p2a: Conkeldurr
|
|upkeep
|turn|2
|choice|move toxicspikes|switch 3
|
|switch|p2a: Metagross|Metagross|320\/320
|move|p1a: Tentacruel|Toxic Spikes|p2a: Metagross
|-sidestart|p2: terriblement|move: Toxic Spikes
|
|upkeep
|turn|3
|choice|switch 2|move earthquake
|
|switch|p1a: Krookodile|Krookodile, F|394\/394
|-ability|p1a: Krookodile|Intimidate|boost
|-fail|p2a: Metagross|unboost|[from] ability: Clear Body|[of] p2a: Metagross
|move|p2a: Metagross|Earthquake|p1a: Krookodile
|-damage|p1a: Krookodile|239\/394
|
|-heal|p1a: Krookodile|263\/394|[from] item: Leftovers
|upkeep
|turn|4
|choice|move stealthrock|move earthquake
|
|move|p2a: Metagross|Earthquake|p1a: Krookodile
|-damage|p1a: Krookodile|86\/394
|move|p1a: Krookodile|Stealth Rock|p2a: Metagross
|-sidestart|p2: terriblement|move: Stealth Rock
|
|-heal|p1a: Krookodile|110\/394|[from] item: Leftovers
|upkeep
|turn|5
|choice|switch 4|switch 2
|
|switch|p2a: Gyarados|Gyarados, M|332\/332
|-damage|p2a: Gyarados|249\/332|[from] Stealth Rock
|switch|p1a: Aerodactyl|Aerodactyl, M|301\/301
|-ability|p1a: Aerodactyl|Unnerve|p2: terriblement
|
|upkeep
|turn|6
|choice|move stoneedge mega|move waterfall
|
|detailschange|p1a: Aerodactyl|Aerodactyl-Mega, M
|-mega|p1a: Aerodactyl|Aerodactyl|Aerodactylite
|move|p2a: Gyarados|Waterfall|p1a: Aerodactyl
|-supereffective|p1a: Aerodactyl
|-damage|p1a: Aerodactyl|11\/301
|move|p1a: Aerodactyl|Stone Edge|p2a: Gyarados
|-supereffective|p2a: Gyarados
|-damage|p2a: Gyarados|0 fnt
|faint|p2a: Gyarados
|
|upkeep
|choice||switch 3
|
|switch|p2a: Conkeldurr|Conkeldurr, M|414\/414
|-damage|p2a: Conkeldurr|389\/414|[from] Stealth Rock
|-status|p2a: Conkeldurr|psn
|turn|7
|choice|switch 6|move machpunch
|
|switch|p1a: Chandelure|Chandelure, M, shiny|261\/261
|move|p2a: Conkeldurr|Mach Punch|p1a: Chandelure
|-immune|p1a: Chandelure|[msg]
|
|-damage|p2a: Conkeldurr|338\/414 psn|[from] psn
|upkeep
|turn|8
|choice|switch 4|move knockoff
|
|switch|p1a: Krookodile|Krookodile, F|110\/394
|-ability|p1a: Krookodile|Intimidate|boost
|-unboost|p2a: Conkeldurr|atk|1
|move|p2a: Conkeldurr|Knock Off|p1a: Krookodile
|-resisted|p1a: Krookodile
|-damage|p1a: Krookodile|79\/394
|-enditem|p1a: Krookodile|Leftovers|[from] move: Knock Off|[of] p2a: Conkeldurr
|
|-damage|p2a: Conkeldurr|287\/414 psn|[from] psn
|upkeep
|turn|9
|choice|switch 4|move drainpunch
|
|switch|p1a: Chandelure|Chandelure, M, shiny|261\/261
|move|p2a: Conkeldurr|Drain Punch|p1a: Chandelure
|-immune|p1a: Chandelure|[msg]
|
|-damage|p2a: Conkeldurr|236\/414 psn|[from] psn
|upkeep
|turn|10
|choice|move fireblast|move knockoff
|
|move|p1a: Chandelure|Fire Blast|p2a: Conkeldurr
|-damage|p2a: Conkeldurr|98\/414 psn
|move|p2a: Conkeldurr|Knock Off|p1a: Chandelure
|-supereffective|p1a: Chandelure
|-damage|p1a: Chandelure|83\/261
|-enditem|p1a: Chandelure|Choice Scarf|[from] move: Knock Off|[of] p2a: Conkeldurr
|
|-damage|p2a: Conkeldurr|47\/414 psn|[from] psn
|upkeep
|turn|11
|choice|move shadowball|switch 5
|
|switch|p2a: Florges|Florges, F|360\/360
|-damage|p2a: Florges|315\/360|[from] Stealth Rock
|-status|p2a: Florges|psn
|move|p1a: Chandelure|Shadow Ball|p2a: Florges
|-crit|p2a: Florges
|-damage|p2a: Florges|168\/360 psn
|
|-heal|p2a: Florges|190\/360 psn|[from] item: Leftovers
|-damage|p2a: Florges|145\/360 psn|[from] psn
|upkeep
|turn|12
|choice|move fireblast|move wish
|
|move|p1a: Chandelure|Fire Blast|p2a: Florges
|-damage|p2a: Florges|13\/360 psn
|move|p2a: Florges|Wish|p2a: Florges
|
|-heal|p2a: Florges|35\/360 psn|[from] item: Leftovers
|-damage|p2a: Florges|0 fnt|[from] psn
|upkeep
|faint|p2a: Florges
|choice||switch 6
|
|switch|p2a: Mamoswine|Mamoswine, F|362\/362
|-status|p2a: Mamoswine|psn
|-damage|p2a: Mamoswine|317\/362 psn|[from] Stealth Rock
|turn|13
|choice|switch 4|move stealthrock
|
|switch|p1a: Krookodile|Krookodile, F|79\/394
|-ability|p1a: Krookodile|Intimidate|boost
|-unboost|p2a: Mamoswine|atk|1
|move|p2a: Mamoswine|Stealth Rock|p1a: Krookodile
|-sidestart|p1: minolob|move: Stealth Rock
|
|-heal|p2a: Mamoswine|362\/362 psn|[from] move: Wish|[wisher] Florges
|-damage|p2a: Mamoswine|317\/362 psn|[from] psn
|upkeep
|turn|14
|choice|switch 6|move iceshard
|
|switch|p1a: Aerodactyl|Aerodactyl-Mega, M|11\/301
|-damage|p1a: Aerodactyl|0 fnt|[from] Stealth Rock
|faint|p1a: Aerodactyl
|move|p2a: Mamoswine|Ice Shard|p1: Aerodactyl|[notarget]
|-notarget
|
|-damage|p2a: Mamoswine|272\/362 psn|[from] psn
|upkeep
|choice|switch 3|
|
|switch|p1a: Porygon-Z|Porygon-Z|311\/311
|-damage|p1a: Porygon-Z|273\/311|[from] Stealth Rock
|turn|15
|choice|move triattack|move earthquake
|
|move|p1a: Porygon-Z|Tri Attack|p2a: Mamoswine
|-damage|p2a: Mamoswine|0 fnt
|faint|p2a: Mamoswine
|
|upkeep
|choice||switch 5
|
|switch|p2a: Conkeldurr|Conkeldurr, M|47\/414 psn
|-damage|p2a: Conkeldurr|22\/414 psn|[from] Stealth Rock
|turn|16
|choice|switch 6|move knockoff
|
|switch|p1a: Krookodile|Krookodile, F|79\/394
|-damage|p1a: Krookodile|55\/394|[from] Stealth Rock
|-ability|p1a: Krookodile|Intimidate|boost
|-unboost|p2a: Conkeldurr|atk|1
|move|p2a: Conkeldurr|Knock Off|p1a: Krookodile
|-resisted|p1a: Krookodile
|-damage|p1a: Krookodile|33\/394
|
|-damage|p2a: Conkeldurr|0 fnt|[from] psn
|upkeep
|faint|p2a: Conkeldurr
|choice||switch 4
|
|switch|p2a: Sceptile|Sceptile, M|282\/282
|-status|p2a: Sceptile|psn
|-damage|p2a: Sceptile|247\/282 psn|[from] Stealth Rock
|turn|17
|choice|move knockoff|move dragonpulse mega
|
|detailschange|p2a: Sceptile|Sceptile-Mega, M
|-mega|p2a: Sceptile|Sceptile|Sceptilite
|move|p2a: Sceptile|Dragon Pulse|p1a: Krookodile
|-damage|p1a: Krookodile|0 fnt
|faint|p1a: Krookodile
|
|-damage|p2a: Sceptile|212\/282 psn|[from] psn
|upkeep
|choice|switch 2|
|
|switch|p1a: Tentacruel|Tentacruel, M|255\/361
|-damage|p1a: Tentacruel|210\/361|[from] Stealth Rock
|turn|18
|choice|switch 4|move energyball
|
|switch|p1a: Chandelure|Chandelure, M, shiny|83\/261
|-damage|p1a: Chandelure|18\/261|[from] Stealth Rock
|move|p2a: Sceptile|Energy Ball|p1a: Chandelure
|-resisted|p1a: Chandelure
|-damage|p1a: Chandelure|0 fnt
|faint|p1a: Chandelure
|
|-damage|p2a: Sceptile|177\/282 psn|[from] psn
|upkeep
|choice|switch 6|
|
|switch|p1a: Porygon-Z|Porygon-Z|273\/311
|-damage|p1a: Porygon-Z|235\/311|[from] Stealth Rock
|turn|19
|choice|move triattack|move energyball
|
|move|p2a: Sceptile|Energy Ball|p1a: Porygon-Z
|-damage|p1a: Porygon-Z|3\/311
|move|p1a: Porygon-Z|Tri Attack|p2a: Sceptile
|-damage|p2a: Sceptile|0 fnt
|faint|p2a: Sceptile
|
|upkeep
|choice||switch 2
|
|switch|p2a: Metagross|Metagross|320\/320
|-damage|p2a: Metagross|300\/320|[from] Stealth Rock
|turn|20
|choice|switch 4|move zenheadbutt
|
|switch|p1a: Tentacruel|Tentacruel, M|210\/361
|-damage|p1a: Tentacruel|165\/361|[from] Stealth Rock
|move|p2a: Metagross|Zen Headbutt|p1a: Tentacruel|[miss]
|-miss|p2a: Metagross|p1a: Tentacruel
|
|upkeep
|turn|21
|choice|move rapidspin|move zenheadbutt
|
|move|p1a: Tentacruel|Rapid Spin|p2a: Metagross
|-resisted|p2a: Metagross
|-damage|p2a: Metagross|296\/320
|-sideend|p1: minolob|Stealth Rock|[from] move: Rapid Spin|[of] p1a: Tentacruel
|move|p2a: Metagross|Zen Headbutt|p1a: Tentacruel
|-supereffective|p1a: Tentacruel
|-damage|p1a: Tentacruel|0 fnt
|faint|p1a: Tentacruel
|
|upkeep
|choice|switch 5|
|
|switch|p1a: Haxorus|Haxorus, M|293\/293
|-ability|p1a: Haxorus|Mold Breaker
|turn|22
|choice|move earthquake|move zenheadbutt
|
|move|p1a: Haxorus|Earthquake|p2a: Metagross
|-supereffective|p2a: Metagross
|-damage|p2a: Metagross|76\/320
|move|p2a: Metagross|Zen Headbutt|p1a: Haxorus
|-damage|p1a: Haxorus|46\/293
|
|upkeep
|turn|23
|choice|move earthquake|move zenheadbutt
|
|move|p1a: Haxorus|Earthquake|p2a: Metagross
|-supereffective|p2a: Metagross
|-damage|p2a: Metagross|0 fnt
|faint|p2a: Metagross
|
|win|minolob
|player|p1
|player|p2
|raw|minolob's rating: 1328 &rarr; <strong>1345<\/strong><br \/>(+17 for winning)
|raw|terriblement's rating: 1265 &rarr; <strong>1245<\/strong><br \/>(-20 for losing)
|c|☆minolob|gg</script>
</div>
<div class="battle-log battle-log-inline"><div class="inner"><div class="battle-options"></div><div class="inner"><div class="chat"><small>minolob joined.</small></div><div class="chat"><small>terriblement joined.</small></div><div class=""><small>Format:</small> <br><strong>UU</strong></div><div class="rated"><strong>Rated battle</strong></div><div class=""><small><em>Sleep Clause Mod:</em> Limit one foe put to sleep</small></div><div class=""><small><em>Species Clause:</em> Limit one of each Pokémon</small></div><div class=""><small><em>OHKO Clause:</em> OHKO moves are banned</small></div><div class=""><small><em>Moody Clause:</em> Moody is banned</small></div><div class=""><small><em>Evasion Moves Clause:</em> Evasion moves are banned</small></div><div class=""><small><em>Endless Battle Clause:</em> Forcing endless battles is banned</small></div><div class=""><small><em>HP Percentage Mod:</em> HP is shown in percentages</small></div><div class=""><small><em>Swagger Clause:</em> Swagger is banned</small></div><div class=""><small><em>Baton Pass Clause:</em> Limit one Baton Passer, can't pass Spe and other stats simultaneously</small></div><div class="chat battle-history"><strong>minolob's team:</strong> <em style="color:#445566;display:block;">Krookodile / Porygon-Z / Tentacruel / Aerodactyl / Haxorus / Chandelure</em></div><div class="chat battle-history"><strong>terriblement's team:</strong> <em style="color:#445566;display:block;">Metagross / Gyarados / Conkeldurr / Sceptile / Florges / Mamoswine</em></div><div class="spacer battle-history"><br></div><div class="battle-history">Battle started between minolob and terriblement!<br></div><div class="spacer battle-history"><br></div><div class="battle-history">Go! <strong>Porygon-Z</strong>!<br></div><div class="spacer battle-history"><br></div><div class="battle-history">terriblement sent out <strong>Conkeldurr</strong>!<br></div><div class="spacer battle-history"><br></div><h2 class="battle-history">Turn 1</h2><div class="spacer battle-history"><br></div><div class="battle-history">Porygon-Z, come back!<br></div><div class="battle-history">Go! <strong>Tentacruel</strong>!<br></div><div class="spacer battle-history"><br></div><div class="battle-history">The opposing Conkeldurr used <strong>Knock Off</strong>!<br></div><div class="battle-history"><small>(Tentacruel lost <abbr title="−106/361">29.4%</abbr> of its health!)</small><br></div><div class="battle-history"><small>The opposing Conkeldurr knocked off Tentacruel's Black Sludge!</small><br></div><div class="spacer battle-history"><br></div><h2 class="battle-history">Turn 2</h2><div class="spacer battle-history"><br></div><div class="battle-history">terriblement withdrew Conkeldurr!<br></div><div class="battle-history">terriblement sent out <strong>Metagross</strong>!<br></div><div class="spacer battle-history"><br></div><div class="battle-history">Tentacruel used <strong>Toxic Spikes</strong>!<br></div><div class="battle-history"><small>Poison spikes were scattered on the ground all around the opposing team!</small><br></div><div class="spacer battle-history"><br></div><h2 class="battle-history">Turn 3</h2><div class="spacer battle-history"><br></div><div class="battle-history">Tentacruel, come back!<br></div><div class="battle-history">Go! <strong>Krookodile</strong>!<br></div><div class="battle-history"><small>[Krookodile's Intimidate]</small><br></div><div class="battle-history"><small>[The opposing Metagross's Clear Body]</small><br><small>The opposing Metagross's stats were not lowered!</small><br></div><div class="spacer battle-history"><br></div><div class="battle-history">The opposing Metagross used <strong>Earthquake</strong>!<br></div><div class="battle-history"><small>(Krookodile lost <abbr title="−155/394">39.3%</abbr> of its health!)</small><br></div><div class="spacer battle-history"><br></div><div class="battle-history"><small>Krookodile restored a little HP using its Leftovers!</small><br></div><div class="spacer battle-history"><br></div><h2 class="battle-history">Turn 4</h2><div class="spacer battle-history"><br></div><div class="battle-history">The opposing Metagross used <strong>Earthquake</strong>!<br></div><div class="battle-history"><small>(Krookodile lost <abbr title="−177/394">44.9%</abbr> of its health!)</small><br></div><div class="spacer battle-history"><br></div><div class="battle-history">Krookodile used <strong>Stealth Rock</strong>!<br></div><div class="battle-history"><small>Pointed stones float in the air around the opposing team!</small><br></div><div class="spacer battle-history"><br></div><div class="battle-history"><small>Krookodile restored a little HP using its Leftovers!</small><br></div><div class="spacer battle-history"><br></div><h2 class="battle-history">Turn 5</h2><div class="spacer battle-history"><br></div><div class="battle-history">terriblement withdrew Metagross!<br></div><div class="battle-history">terriblement sent out <strong>Gyarados</strong>!<br></div><div class="battle-history"><small>Pointed stones dug into the opposing Gyarados!</small><br></div><div class="spacer battle-history"><br></div><div class="battle-history">Krookodile, come back!<br></div><div class="battle-history">Go! <strong>Aerodactyl</strong>!<br></div><div class="battle-history"><small>[Aerodactyl's Unnerve]</small><br><small>The opposing team is too nervous to eat Berries!</small><br></div><div class="spacer battle-history"><br></div><h2 class="battle-history">Turn 6</h2><div class="spacer battle-history"><br></div><div class="battle-history"><small>Aerodactyl's Aerodactylite is reacting to minolob's Mega Bracelet!</small><br>Aerodactyl has Mega Evolved into Mega Aerodactyl!<br></div><div class="spacer battle-history"><br></div><div class="battle-history">The opposing Gyarados used <strong>Waterfall</strong>!<br></div><div class="battle-history"><small>It's super effective!</small><br></div><div class="battle-history"><small>(Aerodactyl lost <abbr title="−290/301">96.3%</abbr> of its health!)</small><br></div><div class="spacer battle-history"><br></div><div class="battle-history">Aerodactyl used <strong>Stone Edge</strong>!<br></div><div class="battle-history"><small>It's super effective!</small><br></div><div class="battle-history"><small>(The opposing Gyarados lost <abbr title="−249/332">75%</abbr> of its health!)</small><br></div><div class="spacer battle-history"><br></div><div class="battle-history">The opposing Gyarados fainted!<br></div><div class="spacer battle-history"><br></div><div class="battle-history">terriblement sent out <strong>Conkeldurr</strong>!<br></div><div class="battle-history"><small>Pointed stones dug into the opposing Conkeldurr!</small><br></div><div class="battle-history"><small>The opposing Conkeldurr was poisoned!</small><br></div><div class="spacer battle-history"><br></div><h2 class="battle-history">Turn 7</h2><div class="spacer battle-history"><br></div><div class="battle-history">Aerodactyl, come back!<br></div><div class="battle-history">Go! <strong>Chandelure</strong>!<br></div><div class="spacer battle-history"><br></div><div class="battle-history">The opposing Conkeldurr used <strong>Mach Punch</strong>!<br></div><div class="battle-history"><small>It doesn't affect Chandelure...</small><br></div><div class="spacer battle-history"><br></div><div class="battle-history"><small>The opposing Conkeldurr was hurt by poison!</small><br></div><div class="spacer battle-history"><br></div><h2 class="battle-history">Turn 8</h2><div class="spacer battle-history"><br></div><div class="battle-history">Chandelure, come back!<br></div><div class="battle-history">Go! <strong>Krookodile</strong>!<br></div><div class="battle-history"><small>[Krookodile's Intimidate]</small><br></div><div class="battle-history"><small>The opposing Conkeldurr's Attack fell!</small><br></div><div class="spacer battle-history"><br></div><div class="battle-history">The opposing Conkeldurr used <strong>Knock Off</strong>!<br></div><div class="battle-history"><small>It's not very effective...</small><br></div><div class="battle-history"><small>(Krookodile lost <abbr title="−31/394">7.9%</abbr> of its health!)</small><br></div><div class="battle-history"><small>The opposing Conkeldurr knocked off Krookodile's Leftovers!</small><br></div><div class="spacer battle-history"><br></div><div class="battle-history"><small>The opposing Conkeldurr was hurt by poison!</small><br></div><div class="spacer battle-history"><br></div><h2 class="battle-history">Turn 9</h2><div class="spacer battle-history"><br></div><div class="battle-history">Krookodile, come back!<br></div><div class="battle-history">Go! <strong>Chandelure</strong>!<br></div><div class="spacer battle-history"><br></div><div class="battle-history">The opposing Conkeldurr used <strong>Drain Punch</strong>!<br></div><div class="battle-history"><small>It doesn't affect Chandelure...</small><br></div><div class="spacer battle-history"><br></div><div class="battle-history"><small>The opposing Conkeldurr was hurt by poison!</small><br></div><div class="spacer battle-history"><br></div><h2 class="battle-history">Turn 10</h2><div class="spacer battle-history"><br></div><div class="battle-history">Chandelure used <strong>Fire Blast</strong>!<br></div><div class="battle-history"><small>(The opposing Conkeldurr lost <abbr title="−138/414">33.3%</abbr> of its health!)</small><br></div><div class="spacer battle-history"><br></div><div class="battle-history">The opposing Conkeldurr used <strong>Knock Off</strong>!<br></div><div class="battle-history"><small>It's super effective!</small><br></div><div class="battle-history"><small>(Chandelure lost <abbr title="−178/261">68.2%</abbr> of its health!)</small><br></div><div class="battle-history"><small>The opposing Conkeldurr knocked off Chandelure's Choice Scarf!</small><br></div><div class="spacer battle-history"><br></div><div class="battle-history"><small>The opposing Conkeldurr was hurt by poison!</small><br></div><div class="spacer battle-history"><br></div><h2 class="battle-history">Turn 11</h2><div class="spacer battle-history"><br></div><div class="battle-history">terriblement withdrew Conkeldurr!<br></div><div class="battle-history">terriblement sent out <strong>Florges</strong>!<br></div><div class="battle-history"><small>Pointed stones dug into the opposing Florges!</small><br></div><div class="battle-history"><small>The opposing Florges was poisoned!</small><br></div><div class="spacer battle-history"><br></div><div class="battle-history">Chandelure used <strong>Shadow Ball</strong>!<br></div><div class="battle-history"><small>A critical hit!</small><br></div><div class="battle-history"><small>(The opposing Florges lost <abbr title="−147/360">40.8%</abbr> of its health!)</small><br></div><div class="spacer battle-history"><br></div><div class="battle-history"><small>The opposing Florges restored a little HP using its Leftovers!</small><br></div><div class="battle-history"><small>The opposing Florges was hurt by poison!</small><br></div><div class="spacer battle-history"><br></div><h2 class="battle-history">Turn 12</h2><div class="spacer battle-history"><br></div><div class="battle-history">Chandelure used <strong>Fire Blast</strong>!<br></div><div class="battle-history"><small>(The opposing Florges lost <abbr title="−132/360">36.7%</abbr> of its health!)</small><br></div><div class="spacer battle-history"><br></div><div class="battle-history">The opposing Florges used <strong>Wish</strong>!<br></div><div class="spacer battle-history"><br></div><div class="battle-history"><small>The opposing Florges restored a little HP using its Leftovers!</small><br></div><div class="battle-history"><small>The opposing Florges was hurt by poison!</small><br></div><div class="spacer battle-history"><br></div><div class="battle-history">The opposing Florges fainted!<br></div><div class="spacer battle-history"><br></div><div class="battle-history">terriblement sent out <strong>Mamoswine</strong>!<br></div><div class="battle-history"><small>The opposing Mamoswine was poisoned!</small><br></div><div class="battle-history"><small>Pointed stones dug into the opposing Mamoswine!</small><br></div><div class="spacer battle-history"><br></div><h2 class="battle-history">Turn 13</h2><div class="spacer battle-history"><br></div><div class="battle-history">Chandelure, come back!<br></div><div class="battle-history">Go! <strong>Krookodile</strong>!<br></div><div class="battle-history"><small>[Krookodile's Intimidate]</small><br></div><div class="battle-history"><small>The opposing Mamoswine's Attack fell!</small><br></div><div class="spacer battle-history"><br></div><div class="battle-history">The opposing Mamoswine used <strong>Stealth Rock</strong>!<br></div><div class="battle-history"><small>Pointed stones float in the air around your team!</small><br></div><div class="spacer battle-history"><br></div><div class="battle-history"><small>Florges's wish came true!</small><br></div><div class="battle-history"><small>The opposing Mamoswine was hurt by poison!</small><br></div><div class="spacer battle-history"><br></div><h2 class="battle-history">Turn 14</h2><div class="spacer battle-history"><br></div><div class="battle-history">Krookodile, come back!<br></div><div class="battle-history">Go! Aerodactyl (<strong>Aerodactyl-Mega</strong>)!<br></div><div class="battle-history"><small>Pointed stones dug into Aerodactyl!</small><br></div><div class="spacer battle-history"><br></div><div class="battle-history">Aerodactyl fainted!<br></div><div class="battle-history">The opposing Mamoswine used <strong>Ice Shard</strong>!<br></div><div class="battle-history"><small>But there was no target...</small><br></div><div class="spacer battle-history"><br></div><div class="battle-history"><small>The opposing Mamoswine was hurt by poison!</small><br></div><div class="spacer battle-history"><br></div><div class="battle-history">Go! <strong>Porygon-Z</strong>!<br></div><div class="battle-history"><small>Pointed stones dug into Porygon-Z!</small><br></div><div class="spacer battle-history"><br></div><h2 class="battle-history">Turn 15</h2><div class="spacer battle-history"><br></div><div class="battle-history">Porygon-Z used <strong>Tri Attack</strong>!<br></div><div class="battle-history"><small>(The opposing Mamoswine lost <abbr title="−272/362">75.1%</abbr> of its health!)</small><br></div><div class="spacer battle-history"><br></div><div class="battle-history">The opposing Mamoswine fainted!<br></div><div class="spacer battle-history"><br></div><div class="battle-history">terriblement sent out <strong>Conkeldurr</strong>!<br></div><div class="battle-history"><small>Pointed stones dug into the opposing Conkeldurr!</small><br></div><div class="spacer battle-history"><br></div><h2 class="battle-history">Turn 16</h2><div class="spacer battle-history"><br></div><div class="battle-history">Porygon-Z, come back!<br></div><div class="battle-history">Go! <strong>Krookodile</strong>!<br></div><div class="battle-history"><small>Pointed stones dug into Krookodile!</small><br></div><div class="battle-history"><small>[Krookodile's Intimidate]</small><br></div><div class="battle-history"><small>The opposing Conkeldurr's Attack fell!</small><br></div><div class="spacer battle-history"><br></div><div class="battle-history">The opposing Conkeldurr used <strong>Knock Off</strong>!<br></div><div class="battle-history"><small>It's not very effective...</small><br></div><div class="battle-history"><small>(Krookodile lost <abbr title="−22/394">5.6%</abbr> of its health!)</small><br></div><div class="spacer battle-history"><br></div><div class="battle-history"><small>The opposing Conkeldurr was hurt by poison!</small><br></div><div class="spacer battle-history"><br></div><div class="battle-history">The opposing Conkeldurr fainted!<br></div><div class="spacer battle-history"><br></div><div class="battle-history">terriblement sent out <strong>Sceptile</strong>!<br></div><div class="battle-history"><small>The opposing Sceptile was poisoned!</small><br></div><div class="battle-history"><small>Pointed stones dug into the opposing Sceptile!</small><br></div><div class="spacer battle-history"><br></div><h2 class="battle-history">Turn 17</h2><div class="spacer battle-history"><br></div><div class="battle-history"><small>The opposing Sceptile's Sceptilite is reacting to terriblement's Mega Bracelet!</small><br>The opposing Sceptile has Mega Evolved into Mega Sceptile!<br></div><div class="spacer battle-history"><br></div><div class="battle-history">The opposing Sceptile used <strong>Dragon Pulse</strong>!<br></div><div class="battle-history"><small>(Krookodile lost <abbr title="−33/394">8.4%</abbr> of its health!)</small><br></div><div class="spacer battle-history"><br></div><div class="battle-history">Krookodile fainted!<br></div><div class="spacer battle-history"><br></div><div class="battle-history"><small>The opposing Sceptile was hurt by poison!</small><br></div><div class="spacer battle-history"><br></div><div class="battle-history">Go! <strong>Tentacruel</strong>!<br></div><div class="battle-history"><small>Pointed stones dug into Tentacruel!</small><br></div><div class="spacer battle-history"><br></div><h2 class="battle-history">Turn 18</h2><div class="spacer battle-history"><br></div><div class="battle-history">Tentacruel, come back!<br></div><div class="battle-history">Go! <strong>Chandelure</strong>!<br></div><div class="battle-history"><small>Pointed stones dug into Chandelure!</small><br></div><div class="spacer battle-history"><br></div><div class="battle-history">The opposing Sceptile used <strong>Energy Ball</strong>!<br></div><div class="battle-history"><small>It's not very effective...</small><br></div><div class="battle-history"><small>(Chandelure lost <abbr title="−18/261">6.9%</abbr> of its health!)</small><br></div><div class="spacer battle-history"><br></div><div class="battle-history">Chandelure fainted!<br></div><div class="spacer battle-history"><br></div><div class="battle-history"><small>The opposing Sceptile was hurt by poison!</small><br></div><div class="spacer battle-history"><br></div><div class="battle-history">Go! <strong>Porygon-Z</strong>!<br></div><div class="battle-history"><small>Pointed stones dug into Porygon-Z!</small><br></div><div class="spacer battle-history"><br></div><h2 class="battle-history">Turn 19</h2><div class="spacer battle-history"><br></div><div class="battle-history">The opposing Sceptile used <strong>Energy Ball</strong>!<br></div><div class="battle-history"><small>(Porygon-Z lost <abbr title="−232/311">74.6%</abbr> of its health!)</small><br></div><div class="spacer battle-history"><br></div><div class="battle-history">Porygon-Z used <strong>Tri Attack</strong>!<br></div><div class="battle-history"><small>(The opposing Sceptile lost <abbr title="−177/282">62.8%</abbr> of its health!)</small><br></div><div class="spacer battle-history"><br></div><div class="battle-history">The opposing Sceptile fainted!<br></div><div class="spacer battle-history"><br></div><div class="battle-history">terriblement sent out <strong>Metagross</strong>!<br></div><div class="battle-history"><small>Pointed stones dug into the opposing Metagross!</small><br></div><div class="spacer battle-history"><br></div><h2 class="battle-history">Turn 20</h2><div class="spacer battle-history"><br></div><div class="battle-history">Porygon-Z, come back!<br></div><div class="battle-history">Go! <strong>Tentacruel</strong>!<br></div><div class="battle-history"><small>Pointed stones dug into Tentacruel!</small><br></div><div class="spacer battle-history"><br></div><div class="battle-history">The opposing Metagross used <strong>Zen Headbutt</strong>!<br></div><div class="battle-history"><small>Tentacruel avoided the attack!</small><br></div><div class="spacer battle-history"><br></div><h2 class="battle-history">Turn 21</h2><div class="spacer battle-history"><br></div><div class="battle-history">Tentacruel used <strong>Rapid Spin</strong>!<br></div><div class="battle-history"><small>It's not very effective...</small><br></div><div class="battle-history"><small>(The opposing Metagross lost <abbr title="−4/320">1.3%</abbr> of its health!)</small><br></div><div class="battle-history"><small>The pointed stones disappeared from around your team!</small><br></div><div class="spacer battle-history"><br></div><div class="battle-history">The opposing Metagross used <strong>Zen Headbutt</strong>!<br></div><div class="battle-history"><small>It's super effective!</small><br></div><div class="battle-history"><small>(Tentacruel lost <abbr title="−165/361">45.7%</abbr> of its health!)</small><br></div><div class="spacer battle-history"><br></div><div class="battle-history">Tentacruel fainted!<br></div><div class="spacer battle-history"><br></div><div class="battle-history">Go! <strong>Haxorus</strong>!<br></div><div class="battle-history"><small>[Haxorus's Mold Breaker]</small><br><small>Haxorus breaks the mold!</small><br></div><div class="spacer battle-history"><br></div><h2 class="battle-history">Turn 22</h2><div class="spacer battle-history"><br></div><div class="battle-history">Haxorus used <strong>Earthquake</strong>!<br></div><div class="battle-history"><small>It's super effective!</small><br></div><div class="battle-history"><small>(The opposing Metagross lost <abbr title="−220/320">68.8%</abbr> of its health!)</small><br></div><div class="spacer battle-history"><br></div><div class="battle-history">The opposing Metagross used <strong>Zen Headbutt</strong>!<br></div><div class="battle-history"><small>(Haxorus lost <abbr title="−247/293">84.3%</abbr> of its health!)</small><br></div><div class="spacer battle-history"><br></div><h2 class="battle-history">Turn 23</h2><div class="spacer battle-history"><br></div><div class="battle-history">Haxorus used <strong>Earthquake</strong>!<br></div><div class="battle-history"><small>It's super effective!</small><br></div><div class="battle-history"><small>(The opposing Metagross lost <abbr title="−76/320">23.8%</abbr> of its health!)</small><br></div><div class="spacer battle-history"><br></div><div class="battle-history">The opposing Metagross fainted!<br></div><div class="spacer battle-history"><br></div><div class="battle-history"><strong>minolob</strong> won the battle!<br></div><div class="chat">minolob's rating: 1328 → <strong>1345</strong><br>(+17 for winning)</div><div class="chat">terriblement's rating: 1265 → <strong>1245</strong><br>(-20 for losing)</div><div class="chat chatmessage-minolob"><strong style="color:hsl(269,42%,56.37599764993771%)"><small>☆</small><span class="username" data-name="minolob">minolob</span>:</strong> <em>gg</em></div></div><div class="inner-preempt"></div></div></div>
</div>
<script>
let daily = Math.floor(Date.now()/1000/60/60/24);document.write('<script src="https://play.pokemonshowdown.com/js/replay-embed.js?version'+daily+'"></'+'script>');
</script>
