<!DOCTYPE html>
<meta charset="utf-8" />
<!-- version 1 -->
<title>UU replay: Teddeh vs. meat</title>
<style>
html,body {font-family:Verdana, sans-serif;font-size:10pt;margin:0;padding:0;}body{padding:12px 0;} .battle-log {font-family:Verdana, sans-serif;font-size:10pt;} .battle-log-inline {border:1px solid #AAAAAA;background:#EEF2F5;color:black;max-width:640px;margin:0 auto 80px;padding-bottom:5px;} .battle-log .inner {padding:4px 8px 0px 8px;} .battle-log .inner-preempt {padding:0 8px 4px 8px;} .battle-log .inner-after {margin-top:0.5em;} .battle-log h2 {margin:0.5em -8px;padding:4px 8px;border:1px solid #AAAAAA;background:#E0E7EA;border-left:0;border-right:0;font-family:Verdana, sans-serif;font-size:13pt;} .battle-log .chat {vertical-align:middle;padding:3px 0 3px 0;font-size:8pt;} .battle-log .chat strong {color:#40576A;} .battle-log .chat em {padding:1px 4px 1px 3px;color:#000000;font-style:normal;} .chat.mine {background:rgba(0,0,0,0.05);margin-left:-8px;margin-right:-8px;padding-left:8px;padding-right:8px;} .spoiler {color:#BBBBBB;background:#BBBBBB;padding:0px 3px;} .spoiler:hover, .spoiler:active, .spoiler-shown {color:#000000;background:#E2E2E2;padding:0px 3px;} .spoiler a {color:#BBBBBB;} .spoiler:hover a, .spoiler:active a, .spoiler-shown a {color:#2288CC;} .chat code, .chat .spoiler:hover code, .chat .spoiler:active code, .chat .spoiler-shown code {border:1px solid #C0C0C0;background:#EEEEEE;color:black;padding:0 2px;} .chat .spoiler code {border:1px solid #CCCCCC;background:#CCCCCC;color:#CCCCCC;} .battle-log .rated {padding:3px 4px;} .battle-log .rated strong {color:white;background:#89A;padding:1px 4px;border-radius:4px;} .spacer {margin-top:0.5em;} .message-announce {background:#6688AA;color:white;padding:1px 4px 2px;} .message-announce a, .broadcast-green a, .broadcast-blue a, .broadcast-red a {color:#DDEEFF;} .broadcast-green {background-color:#559955;color:white;padding:2px 4px;} .broadcast-blue {background-color:#6688AA;color:white;padding:2px 4px;} .infobox {border:1px solid #6688AA;padding:2px 4px;} .infobox-limited {max-height:200px;overflow:auto;overflow-x:hidden;} .broadcast-red {background-color:#AA5544;color:white;padding:2px 4px;} .message-learn-canlearn {font-weight:bold;color:#228822;text-decoration:underline;} .message-learn-cannotlearn {font-weight:bold;color:#CC2222;text-decoration:underline;} .message-effect-weak {font-weight:bold;color:#CC2222;} .message-effect-resist {font-weight:bold;color:#6688AA;} .message-effect-immune {font-weight:bold;color:#666666;} .message-learn-list {margin-top:0;margin-bottom:0;} .message-throttle-notice, .message-error {color:#992222;} .message-overflow, .chat small.message-overflow {font-size:0pt;} .message-overflow::before {font-size:9pt;content:'...';} .subtle {color:#3A4A66;}
</style>
<div class="wrapper replay-wrapper" style="max-width:1180px;margin:0 auto">
<input type="hidden" name="replayid" value="smogtours-uu-284949" />
<div class="battle"></div><div class="battle-log"></div><div class="replay-controls"></div><div class="replay-controls-2"></div>
<h1 style="font-weight:normal;text-align:center"><strong>UU</strong><br /><a href="http://pokemonshowdown.com/users/teddeh" class="subtle" target="_blank">Teddeh</a> vs. <a href="http://pokemonshowdown.com/users/meat" class="subtle" target="_blank">meat</a></h1>
<script type="text/plain" class="battle-log-data">|inactive|Battle timer is ON: inactive players will automatically lose when time's up.
|J|Teddeh
|J|meat
|player|p1|Teddeh|266
|player|p2|meat|#sam
|gametype|singles
|gen|6
|tier|UU
|seed|61130,26291,58625,25948
|rule|Sleep Clause Mod: Limit one foe put to sleep
|rule|Species Clause: Limit one of each Pokémon
|rule|OHKO Clause: OHKO moves are banned
|rule|Moody Clause: Moody is banned
|rule|Evasion Moves Clause: Evasion moves are banned
|rule|Endless Battle Clause: Forcing endless battles is banned
|rule|HP Percentage Mod: HP is shown in percentages
|clearpoke
|poke|p1|Snorlax, F|item
|poke|p1|Munchlax, M|item
|poke|p1|Krookodile, F|item
|poke|p1|Suicune|item
|poke|p1|Sylveon, M|item
|poke|p1|Crobat, M|item
|poke|p2|Tauros, M|item
|poke|p2|Krookodile, M|item
|poke|p2|Sylveon, F|item
|poke|p2|Nidoqueen, F|item
|poke|p2|Celebi|item
|poke|p2|Aerodactyl, F|item
|rule|Swagger Clause: Swagger is banned
|rule|Baton Pass Clause: Limit one Baton Passer, can't pass Spe and other stats simultaneously
|teampreview
|J|Vileman
|J|Freeroamer
|J|prajpran.-.
|J|Flaress
|J|Koolhydraten
|J|welliou
|J|TSR
|c|☆Teddeh|hf
|c|☆meat|u2
|J|Ninjacalibur
|c|+TSR|hot 
|J|oaihoihhp
|J|ht
|J|Belus
|L|Ninjacalibur
|J|Destiny Spinach
|c|+Vileman|-
|J|hogg
|c|+Vileman|2 fatboys?
|c|+Vileman|hows that fair
|J|YABO
|c|+ht|kinglax
|choice|team 3, team 2, team 1, team 4, team 5, team 6|team 1, team 2, team 3, team 4, team 5, team 6
|
|start
|switch|p1a: Not a Snorlax|Krookodile, F|331\/331
|switch|p2a: Tauros|Tauros, M|291\/291
|-ability|p1a: Not a Snorlax|Intimidate|boost
|-unboost|p2a: Tauros|atk|1
|turn|1
|L|hogg
|J|ict ️
|J|Amaroq
|choice|move stealthrock|switch 3
|
|switch|p2a: Sylveon|Sylveon, F|394\/394
|move|p1a: Not a Snorlax|Stealth Rock|p2a: Sylveon
|-sidestart|p2: meat|move: Stealth Rock
|
|upkeep
|turn|2
|J|heavenhand
|choice|switch 2|switch 4
|
|switch|p1a: PRINCELAX|Munchlax, M|411\/411
|switch|p2a: Nidoqueen|Nidoqueen, F|353\/353
|-damage|p2a: Nidoqueen|331\/353|[from] Stealth Rock
|
|upkeep
|turn|3
|J|Advantage
|J|Bouff
|c|+Advantage|TEDDEH
|c|☆meat|shit
|choice|move curse|move stealthrock
|
|move|p2a: Nidoqueen|Stealth Rock|p1a: PRINCELAX
|-sidestart|p1: Teddeh|move: Stealth Rock
|move|p1a: PRINCELAX|Curse|p1a: PRINCELAX
|-unboost|p1a: PRINCELAX|spe|1
|-boost|p1a: PRINCELAX|atk|1
|-boost|p1a: PRINCELAX|def|1
|
|upkeep
|turn|4
|L|Amaroq
|choice|move bodyslam|switch 2
|
|switch|p2a: Krookodile|Krookodile, M|332\/332
|-damage|p2a: Krookodile|312\/332|[from] Stealth Rock
|-ability|p2a: Krookodile|Intimidate|boost
|-unboost|p1a: PRINCELAX|atk|1
|move|p1a: PRINCELAX|Body Slam|p2a: Krookodile
|-crit|p2a: Krookodile
|-damage|p2a: Krookodile|150\/332
|
|-heal|p2a: Krookodile|170\/332|[from] item: Leftovers
|upkeep
|turn|5
|c|+Advantage|lefties?
|choice|switch 2|move knockoff
|
|switch|p1a: Not a Snorlax|Krookodile, F|331\/331
|-damage|p1a: Not a Snorlax|311\/331|[from] Stealth Rock
|-ability|p1a: Not a Snorlax|Intimidate|boost
|-unboost|p2a: Krookodile|atk|1
|move|p2a: Krookodile|Knock Off|p1a: Not a Snorlax
|-resisted|p1a: Not a Snorlax
|-damage|p1a: Not a Snorlax|252\/331
|-damage|p2a: Krookodile|115\/332|[from] item: Rocky Helmet|[of] p1a: Not a Snorlax
|-enditem|p1a: Not a Snorlax|Rocky Helmet|[from] move: Knock Off|[of] p2a: Krookodile
|
|-heal|p2a: Krookodile|135\/332|[from] item: Leftovers
|upkeep
|turn|6
|c|☆meat|whats the issue
|c|+Advantage|ur face
|choice|move knockoff|switch 4
|
|switch|p2a: Sylveon|Sylveon, F|394\/394
|-damage|p2a: Sylveon|345\/394|[from] Stealth Rock
|move|p1a: Not a Snorlax|Knock Off|p2a: Sylveon
|-resisted|p2a: Sylveon
|-damage|p2a: Sylveon|273\/394
|-enditem|p2a: Sylveon|Leftovers|[from] move: Knock Off|[of] p1a: Not a Snorlax
|
|upkeep
|turn|7
|choice|move earthquake|switch 2
|
|switch|p2a: Nidoqueen|Nidoqueen, F|331\/353
|-damage|p2a: Nidoqueen|309\/353|[from] Stealth Rock
|move|p1a: Not a Snorlax|Earthquake|p2a: Nidoqueen
|-supereffective|p2a: Nidoqueen
|-damage|p2a: Nidoqueen|0 fnt
|faint|p2a: Nidoqueen
|
|upkeep
|c|☆meat|u got me
|c|+Advantage|HOW
|c|+Advantage|TEDDEH SO GOOD
|choice||switch 4
|
|switch|p2a: Krookodile|Krookodile, M|135\/332
|-damage|p2a: Krookodile|115\/332|[from] Stealth Rock
|-ability|p2a: Krookodile|Intimidate|boost
|-unboost|p1a: Not a Snorlax|atk|1
|turn|8
|J|King♥UU
|choice|move earthquake|move earthquake
|
|move|p2a: Krookodile|Earthquake|p1a: Not a Snorlax
|-damage|p1a: Not a Snorlax|63\/331
|move|p1a: Not a Snorlax|Earthquake|p2a: Krookodile
|-damage|p2a: Krookodile|0 fnt
|faint|p2a: Krookodile
|
|upkeep
|J|Sacri !!_!!
|J|Amaroq
|c|+Advantage|teddeh uses krook every week
|c|+Advantage|still gets 
|c|+Advantage|2+ kills
|c|+Advantage|with it
|L|Flaress
|J|lax
|choice||switch 6
|
|switch|p2a: Aerodactyl|Aerodactyl, F|325\/325
|-damage|p2a: Aerodactyl|244\/325|[from] Stealth Rock
|-ability|p2a: Aerodactyl|Pressure
|turn|9
|c|+Sacri !!_!!|teddeh :goat:
|choice|switch 4|move aerialace mega
|
|switch|p1a: Not a KINGLAX|Suicune|401\/401
|-damage|p1a: Not a KINGLAX|351\/401|[from] Stealth Rock
|-ability|p1a: Not a KINGLAX|Pressure
|detailschange|p2a: Aerodactyl|Aerodactyl-Mega, F
|-mega|p2a: Aerodactyl|Aerodactyl|Aerodactylite
|move|p2a: Aerodactyl|Aerial Ace|p1a: Not a KINGLAX
|-damage|p1a: Not a KINGLAX|252\/401
|
|-heal|p1a: Not a KINGLAX|277\/401|[from] item: Leftovers
|upkeep
|turn|10
|L|prajpran.-.
|choice|move calmmind|move taunt
|
|move|p2a: Aerodactyl|Taunt|p1a: Not a KINGLAX
|-start|p1a: Not a KINGLAX|move: Taunt
|cant|p1a: Not a KINGLAX|move: Taunt|Calm Mind
|
|-heal|p1a: Not a KINGLAX|302\/401|[from] item: Leftovers
|upkeep
|turn|11
|c|+Sacri !!_!!|flex
|choice|switch 3|move stoneedge
|
|switch|p1a: KINGLAX|Snorlax, F|461\/461
|-damage|p1a: KINGLAX|404\/461|[from] Stealth Rock
|move|p2a: Aerodactyl|Stone Edge|p1a: KINGLAX
|-damage|p1a: KINGLAX|194\/461
|
|upkeep
|turn|12
|c|☆Teddeh|youchies
|c|☆Teddeh|do you mind
|J|Pak
|c|+Sacri !!_!!|f.
|choice|move doubleedge|move stoneedge
|
|move|p2a: Aerodactyl|Stone Edge|p1a: KINGLAX|[miss]
|-miss|p2a: Aerodactyl|p1a: KINGLAX
|move|p1a: KINGLAX|Double-Edge|p2a: Aerodactyl
|-resisted|p2a: Aerodactyl
|-damage|p2a: Aerodactyl|70\/325
|-damage|p1a: KINGLAX|137\/461|[from] recoil|[of] p2a: Aerodactyl
|
|upkeep
|turn|13
|c|☆meat|do you mind
|choice|move doubleedge|move stoneedge
|
|move|p2a: Aerodactyl|Stone Edge|p1a: KINGLAX
|-damage|p1a: KINGLAX|0 fnt
|faint|p1a: KINGLAX
|
|upkeep
|choice|switch 3|
|
|switch|p1a: Not a KINGLAX|Suicune|302\/401
|-damage|p1a: Not a KINGLAX|252\/401|[from] Stealth Rock
|-ability|p1a: Not a KINGLAX|Pressure
|turn|14
|choice|move scald|switch 5
|
|switch|p2a: Celebi|Celebi|404\/404
|-damage|p2a: Celebi|354\/404|[from] Stealth Rock
|move|p1a: Not a KINGLAX|Scald|p2a: Celebi
|-resisted|p2a: Celebi
|-damage|p2a: Celebi|315\/404
|-status|p2a: Celebi|brn
|
|-heal|p2a: Celebi|340\/404 brn|[from] item: Leftovers
|-heal|p1a: Not a KINGLAX|277\/401|[from] item: Leftovers
|-damage|p2a: Celebi|290\/404 brn|[from] brn
|upkeep
|turn|15
|c|+Sacri !!_!!|you cant run toras vs someone who plays oras nu
|choice|move roar|switch 3
|
|-curestatus|p2a: Celebi|brn|[from] ability: Natural Cure
|switch|p2a: Tauros|Tauros, M|291\/291
|-damage|p2a: Tauros|255\/291|[from] Stealth Rock
|move|p1a: Not a KINGLAX|Roar|p2a: Tauros
|drag|p2a: Sylveon|Sylveon, F|273\/394
|-damage|p2a: Sylveon|224\/394|[from] Stealth Rock
|
|-heal|p1a: Not a KINGLAX|302\/401|[from] item: Leftovers
|upkeep
|turn|16
|c|+Sacri !!_!!|thats disrepctful
|choice|move calmmind|move wish
|
|move|p1a: Not a KINGLAX|Calm Mind|p1a: Not a KINGLAX
|-boost|p1a: Not a KINGLAX|spa|1
|-boost|p1a: Not a KINGLAX|spd|1
|move|p2a: Sylveon|Wish|p2a: Sylveon
|
|-heal|p1a: Not a KINGLAX|327\/401|[from] item: Leftovers
|upkeep
|turn|17
|choice|move calmmind|switch 3
|
|switch|p2a: Celebi|Celebi|290\/404
|-damage|p2a: Celebi|240\/404|[from] Stealth Rock
|move|p1a: Not a KINGLAX|Calm Mind|p1a: Not a KINGLAX
|-boost|p1a: Not a KINGLAX|spa|1
|-boost|p1a: Not a KINGLAX|spd|1
|
|-heal|p2a: Celebi|404\/404|[from] move: Wish|[wisher] Sylveon
|-heal|p1a: Not a KINGLAX|352\/401|[from] item: Leftovers
|upkeep
|turn|18
|choice|move roar|move gigadrain
|
|move|p2a: Celebi|Giga Drain|p1a: Not a KINGLAX
|-supereffective|p1a: Not a KINGLAX
|-damage|p1a: Not a KINGLAX|266\/401
|move|p1a: Not a KINGLAX|Roar|p2a: Celebi
|drag|p2a: Aerodactyl|Aerodactyl-Mega, F|70\/325
|-damage|p2a: Aerodactyl|0 fnt|[from] Stealth Rock
|faint|p2a: Aerodactyl
|
|-heal|p1a: Not a KINGLAX|291\/401|[from] item: Leftovers
|upkeep
|choice||switch 2
|
|switch|p2a: Tauros|Tauros, M|255\/291
|-damage|p2a: Tauros|219\/291|[from] Stealth Rock
|turn|19
|c|+Advantage|this doin 
|choice|move scald|move toxic
|
|move|p2a: Tauros|Toxic|p1a: Not a KINGLAX|[miss]
|-miss|p2a: Tauros|p1a: Not a KINGLAX
|move|p1a: Not a KINGLAX|Scald|p2a: Tauros
|-damage|p2a: Tauros|0 fnt
|faint|p2a: Tauros
|
|-heal|p1a: Not a KINGLAX|316\/401|[from] item: Leftovers
|upkeep
|c|+Advantage|0.
|J|Lord Esche
|L|Belus
|-message|meat forfeited.
|
|win|Teddeh
|L|welliou
|c|☆Teddeh|gg
|L|Teddeh
|L|Advantage
|L|meat
|L|TSR
|L|Pak
|L|Koolhydraten
|L|Bouff
|L|ict ️
|L|King♥UU
|L|lax
|J|Teddeh</script>
</div>
<div class="battle-log battle-log-inline"><div class="inner"><div class="battle-options"></div><div class="inner"><div class="chat message-error">Battle timer is ON: inactive players will automatically lose when time's up.</div><div class=""><small>Format:</small> <br><strong>UU</strong></div><div class=""><small><em>Sleep Clause Mod:</em> Limit one foe put to sleep</small></div><div class=""><small><em>Species Clause:</em> Limit one of each Pokémon</small></div><div class=""><small><em>OHKO Clause:</em> OHKO moves are banned</small></div><div class=""><small><em>Moody Clause:</em> Moody is banned</small></div><div class=""><small><em>Evasion Moves Clause:</em> Evasion moves are banned</small></div><div class=""><small><em>Endless Battle Clause:</em> Forcing endless battles is banned</small></div><div class=""><small><em>HP Percentage Mod:</em> HP is shown in percentages</small></div><div class=""><small><em>Swagger Clause:</em> Swagger is banned</small></div><div class=""><small><em>Baton Pass Clause:</em> Limit one Baton Passer, can't pass Spe and other stats simultaneously</small></div><div class="chat battle-history"><strong>Teddeh's team:</strong> <em style="color:#445566;display:block;">Snorlax / Munchlax / Krookodile / Suicune / Sylveon / Crobat</em></div><div class="chat battle-history"><strong>meat's team:</strong> <em style="color:#445566;display:block;">Tauros / Krookodile / Sylveon / Nidoqueen / Celebi / Aerodactyl</em></div><div class="chat chatmessage-teddeh"><strong style="color:hsl(158,62%,34%)"><small>☆</small><span class="username" data-name="Teddeh">Teddeh</span>:</strong> <em>hf</em></div><div class="chat chatmessage-meat"><strong style="color:hsl(78,64%,37.94483960192914%)"><small>☆</small><span class="username" data-name="meat">meat</span>:</strong> <em>u2</em></div><div class="chat chatmessage-tsr"><strong style="color:hsl(340,52%,50.17016510944143%)"><small>+</small><span class="username" data-name="TSR">TSR</span>:</strong> <em>hot </em></div><div class="chat chatmessage-vileman"><strong style="color:hsl(32,50%,40.63069963958335%)"><small>+</small><span class="username" data-name="Vileman">Vileman</span>:</strong> <em>-</em></div><div class="chat chatmessage-vileman"><strong style="color:hsl(32,50%,40.63069963958335%)"><small>+</small><span class="username" data-name="Vileman">Vileman</span>:</strong> <em>2 fatboys?</em></div><div class="chat chatmessage-vileman"><strong style="color:hsl(32,50%,40.63069963958335%)"><small>+</small><span class="username" data-name="Vileman">Vileman</span>:</strong> <em>hows that fair</em></div><div class="chat chatmessage-ht"><strong style="color:hsl(303,44%,45%)"><small>+</small><span class="username" data-name="ht">ht</span>:</strong> <em>kinglax</em></div><div class="spacer battle-history"><br></div><div class="battle-history">Battle started between Teddeh and meat!<br></div><div class="spacer battle-history"><br></div><div class="battle-history">Go! Not a Snorlax (<strong>Krookodile</strong>)!<br></div><div class="spacer battle-history"><br></div><div class="battle-history">meat sent out <strong>Tauros</strong>!<br></div><div class="battle-history"><small>[Not a Snorlax's Intimidate]</small><br></div><div class="battle-history"><small>The opposing Tauros's Attack fell!</small><br></div><div class="spacer battle-history"><br></div><h2 class="battle-history">Turn 1</h2><div class="spacer battle-history"><br></div><div class="battle-history">meat withdrew Tauros!<br></div><div class="battle-history">meat sent out <strong>Sylveon</strong>!<br></div><div class="spacer battle-history"><br></div><div class="battle-history">Not a Snorlax used <strong>Stealth Rock</strong>!<br></div><div class="battle-history"><small>Pointed stones float in the air around the opposing team!</small><br></div><div class="spacer battle-history"><br></div><h2 class="battle-history">Turn 2</h2><div class="spacer battle-history"><br></div><div class="battle-history">Not a Snorlax, come back!<br></div><div class="battle-history">Go! PRINCELAX (<strong>Munchlax</strong>)!<br></div><div class="spacer battle-history"><br></div><div class="battle-history">meat withdrew Sylveon!<br></div><div class="battle-history">meat sent out <strong>Nidoqueen</strong>!<br></div><div class="battle-history"><small>Pointed stones dug into the opposing Nidoqueen!</small><br></div><div class="spacer battle-history"><br></div><h2 class="battle-history">Turn 3</h2><div class="chat chatmessage-advantage"><strong style="color:hsl(307,88%,47%)"><small>+</small><span class="username" data-name="Advantage">Advantage</span>:</strong> <em>TEDDEH</em></div><div class="chat chatmessage-meat"><strong style="color:hsl(78,64%,37.94483960192914%)"><small>☆</small><span class="username" data-name="meat">meat</span>:</strong> <em>shit</em></div><div class="spacer battle-history"><br></div><div class="battle-history">The opposing Nidoqueen used <strong>Stealth Rock</strong>!<br></div><div class="battle-history"><small>Pointed stones float in the air around your team!</small><br></div><div class="spacer battle-history"><br></div><div class="battle-history">PRINCELAX used <strong>Curse</strong>!<br></div><div class="battle-history"><small>PRINCELAX's Speed fell!</small><br></div><div class="battle-history"><small>PRINCELAX's Attack rose!</small><br></div><div class="battle-history"><small>PRINCELAX's Defense rose!</small><br></div><div class="spacer battle-history"><br></div><h2 class="battle-history">Turn 4</h2><div class="spacer battle-history"><br></div><div class="battle-history">meat withdrew Nidoqueen!<br></div><div class="battle-history">meat sent out <strong>Krookodile</strong>!<br></div><div class="battle-history"><small>Pointed stones dug into the opposing Krookodile!</small><br></div><div class="battle-history"><small>[The opposing Krookodile's Intimidate]</small><br></div><div class="battle-history"><small>PRINCELAX's Attack fell!</small><br></div><div class="spacer battle-history"><br></div><div class="battle-history">PRINCELAX used <strong>Body Slam</strong>!<br></div><div class="battle-history"><small>A critical hit!</small><br></div><div class="battle-history"><small>(The opposing Krookodile lost <abbr title="−162/332">48.8%</abbr> of its health!)</small><br></div><div class="spacer battle-history"><br></div><div class="battle-history"><small>The opposing Krookodile restored a little HP using its Leftovers!</small><br></div><div class="spacer battle-history"><br></div><h2 class="battle-history">Turn 5</h2><div class="chat chatmessage-advantage"><strong style="color:hsl(307,88%,47%)"><small>+</small><span class="username" data-name="Advantage">Advantage</span>:</strong> <em>lefties?</em></div><div class="spacer battle-history"><br></div><div class="battle-history">PRINCELAX, come back!<br></div><div class="battle-history">Go! Not a Snorlax (<strong>Krookodile</strong>)!<br></div><div class="battle-history"><small>Pointed stones dug into Not a Snorlax!</small><br></div><div class="battle-history"><small>[Not a Snorlax's Intimidate]</small><br></div><div class="battle-history"><small>The opposing Krookodile's Attack fell!</small><br></div><div class="spacer battle-history"><br></div><div class="battle-history">The opposing Krookodile used <strong>Knock Off</strong>!<br></div><div class="battle-history"><small>It's not very effective...</small><br></div><div class="battle-history"><small>(Not a Snorlax lost <abbr title="−59/331">17.8%</abbr> of its health!)</small><br></div><div class="battle-history"><small>The opposing Krookodile was hurt by the Rocky Helmet!</small><br></div><div class="battle-history"><small>The opposing Krookodile knocked off Not a Snorlax's Rocky Helmet!</small><br></div><div class="spacer battle-history"><br></div><div class="battle-history"><small>The opposing Krookodile restored a little HP using its Leftovers!</small><br></div><div class="spacer battle-history"><br></div><h2 class="battle-history">Turn 6</h2><div class="chat chatmessage-meat"><strong style="color:hsl(78,64%,37.94483960192914%)"><small>☆</small><span class="username" data-name="meat">meat</span>:</strong> <em>whats the issue</em></div><div class="chat chatmessage-advantage"><strong style="color:hsl(307,88%,47%)"><small>+</small><span class="username" data-name="Advantage">Advantage</span>:</strong> <em>ur face</em></div><div class="spacer battle-history"><br></div><div class="battle-history">meat withdrew Krookodile!<br></div><div class="battle-history">meat sent out <strong>Sylveon</strong>!<br></div><div class="battle-history"><small>Pointed stones dug into the opposing Sylveon!</small><br></div><div class="spacer battle-history"><br></div><div class="battle-history">Not a Snorlax used <strong>Knock Off</strong>!<br></div><div class="battle-history"><small>It's not very effective...</small><br></div><div class="battle-history"><small>(The opposing Sylveon lost <abbr title="−72/394">18.3%</abbr> of its health!)</small><br></div><div class="battle-history"><small>Not a Snorlax knocked off the opposing Sylveon's Leftovers!</small><br></div><div class="spacer battle-history"><br></div><h2 class="battle-history">Turn 7</h2><div class="spacer battle-history"><br></div><div class="battle-history">meat withdrew Sylveon!<br></div><div class="battle-history">meat sent out <strong>Nidoqueen</strong>!<br></div><div class="battle-history"><small>Pointed stones dug into the opposing Nidoqueen!</small><br></div><div class="spacer battle-history"><br></div><div class="battle-history">Not a Snorlax used <strong>Earthquake</strong>!<br></div><div class="battle-history"><small>It's super effective!</small><br></div><div class="battle-history"><small>(The opposing Nidoqueen lost <abbr title="−309/353">87.5%</abbr> of its health!)</small><br></div><div class="spacer battle-history"><br></div><div class="battle-history">The opposing Nidoqueen fainted!<br></div><div class="chat chatmessage-meat"><strong style="color:hsl(78,64%,37.94483960192914%)"><small>☆</small><span class="username" data-name="meat">meat</span>:</strong> <em>u got me</em></div><div class="chat chatmessage-advantage"><strong style="color:hsl(307,88%,47%)"><small>+</small><span class="username" data-name="Advantage">Advantage</span>:</strong> <em>HOW</em></div><div class="chat chatmessage-advantage"><strong style="color:hsl(307,88%,47%)"><small>+</small><span class="username" data-name="Advantage">Advantage</span>:</strong> <em>TEDDEH SO GOOD</em></div><div class="spacer battle-history"><br></div><div class="battle-history">meat sent out <strong>Krookodile</strong>!<br></div><div class="battle-history"><small>Pointed stones dug into the opposing Krookodile!</small><br></div><div class="battle-history"><small>[The opposing Krookodile's Intimidate]</small><br></div><div class="battle-history"><small>Not a Snorlax's Attack fell!</small><br></div><div class="spacer battle-history"><br></div><h2 class="battle-history">Turn 8</h2><div class="spacer battle-history"><br></div><div class="battle-history">The opposing Krookodile used <strong>Earthquake</strong>!<br></div><div class="battle-history"><small>(Not a Snorlax lost <abbr title="−189/331">57.1%</abbr> of its health!)</small><br></div><div class="spacer battle-history"><br></div><div class="battle-history">Not a Snorlax used <strong>Earthquake</strong>!<br></div><div class="battle-history"><small>(The opposing Krookodile lost <abbr title="−115/332">34.6%</abbr> of its health!)</small><br></div><div class="spacer battle-history"><br></div><div class="battle-history">The opposing Krookodile fainted!<br></div><div class="chat chatmessage-advantage"><strong style="color:hsl(307,88%,47%)"><small>+</small><span class="username" data-name="Advantage">Advantage</span>:</strong> <em>teddeh uses krook every week</em></div><div class="chat chatmessage-advantage"><strong style="color:hsl(307,88%,47%)"><small>+</small><span class="username" data-name="Advantage">Advantage</span>:</strong> <em>still gets </em></div><div class="chat chatmessage-advantage"><strong style="color:hsl(307,88%,47%)"><small>+</small><span class="username" data-name="Advantage">Advantage</span>:</strong> <em>2+ kills</em></div><div class="chat chatmessage-advantage"><strong style="color:hsl(307,88%,47%)"><small>+</small><span class="username" data-name="Advantage">Advantage</span>:</strong> <em>with it</em></div><div class="spacer battle-history"><br></div><div class="battle-history">meat sent out <strong>Aerodactyl</strong>!<br></div><div class="battle-history"><small>Pointed stones dug into the opposing Aerodactyl!</small><br></div><div class="battle-history"><small>[The opposing Aerodactyl's Pressure]</small><br><small>The opposing Aerodactyl is exerting its pressure!</small><br></div><div class="spacer battle-history"><br></div><h2 class="battle-history">Turn 9</h2><div class="chat chatmessage-sacri"><strong style="color:hsl(344,60%,48.0115088290176%)"><small>+</small><span class="username" data-name="Sacri !!_!!">Sacri !!_!!</span>:</strong> <em>teddeh :goat:</em></div><div class="spacer battle-history"><br></div><div class="battle-history">Not a Snorlax, come back!<br></div><div class="battle-history">Go! Not a KINGLAX (<strong>Suicune</strong>)!<br></div><div class="battle-history"><small>Pointed stones dug into Not a KINGLAX!</small><br></div><div class="battle-history"><small>[Not a KINGLAX's Pressure]</small><br><small>Not a KINGLAX is exerting its pressure!</small><br></div><div class="spacer battle-history"><br></div><div class="battle-history"><small>The opposing Aerodactyl's Aerodactylite is reacting to meat's Mega Bracelet!</small><br>The opposing Aerodactyl has Mega Evolved into Mega Aerodactyl!<br></div><div class="spacer battle-history"><br></div><div class="battle-history">The opposing Aerodactyl used <strong>Aerial Ace</strong>!<br></div><div class="battle-history"><small>(Not a KINGLAX lost <abbr title="−99/401">24.7%</abbr> of its health!)</small><br></div><div class="spacer battle-history"><br></div><div class="battle-history"><small>Not a KINGLAX restored a little HP using its Leftovers!</small><br></div><div class="spacer battle-history"><br></div><h2 class="battle-history">Turn 10</h2><div class="spacer battle-history"><br></div><div class="battle-history">The opposing Aerodactyl used <strong>Taunt</strong>!<br></div><div class="battle-history"><small>Not a KINGLAX fell for the taunt!</small><br></div><div class="spacer battle-history"><br></div><div class="battle-history">Not a KINGLAX can't use Calm Mind after the taunt!<br></div><div class="spacer battle-history"><br></div><div class="battle-history"><small>Not a KINGLAX restored a little HP using its Leftovers!</small><br></div><div class="spacer battle-history"><br></div><h2 class="battle-history">Turn 11</h2><div class="chat chatmessage-sacri"><strong style="color:hsl(344,60%,48.0115088290176%)"><small>+</small><span class="username" data-name="Sacri !!_!!">Sacri !!_!!</span>:</strong> <em>flex</em></div><div class="spacer battle-history"><br></div><div class="battle-history">Not a KINGLAX, come back!<br></div><div class="battle-history">Go! KINGLAX (<strong>Snorlax</strong>)!<br></div><div class="battle-history"><small>Pointed stones dug into KINGLAX!</small><br></div><div class="spacer battle-history"><br></div><div class="battle-history">The opposing Aerodactyl used <strong>Stone Edge</strong>!<br></div><div class="battle-history"><small>(KINGLAX lost <abbr title="−210/461">45.6%</abbr> of its health!)</small><br></div><div class="spacer battle-history"><br></div><h2 class="battle-history">Turn 12</h2><div class="chat chatmessage-teddeh"><strong style="color:hsl(158,62%,34%)"><small>☆</small><span class="username" data-name="Teddeh">Teddeh</span>:</strong> <em>youchies</em></div><div class="chat chatmessage-teddeh"><strong style="color:hsl(158,62%,34%)"><small>☆</small><span class="username" data-name="Teddeh">Teddeh</span>:</strong> <em>do you mind</em></div><div class="chat chatmessage-sacri"><strong style="color:hsl(344,60%,48.0115088290176%)"><small>+</small><span class="username" data-name="Sacri !!_!!">Sacri !!_!!</span>:</strong> <em>f.</em></div><div class="spacer battle-history"><br></div><div class="battle-history">The opposing Aerodactyl used <strong>Stone Edge</strong>!<br></div><div class="battle-history"><small>KINGLAX avoided the attack!</small><br></div><div class="spacer battle-history"><br></div><div class="battle-history">KINGLAX used <strong>Double-Edge</strong>!<br></div><div class="battle-history"><small>It's not very effective...</small><br></div><div class="battle-history"><small>(The opposing Aerodactyl lost <abbr title="−174/325">53.5%</abbr> of its health!)</small><br></div><div class="battle-history"><small>KINGLAX is damaged by the recoil!</small><br></div><div class="spacer battle-history"><br></div><h2 class="battle-history">Turn 13</h2><div class="chat chatmessage-meat"><strong style="color:hsl(78,64%,37.94483960192914%)"><small>☆</small><span class="username" data-name="meat">meat</span>:</strong> <em>do you mind</em></div><div class="spacer battle-history"><br></div><div class="battle-history">The opposing Aerodactyl used <strong>Stone Edge</strong>!<br></div><div class="battle-history"><small>(KINGLAX lost <abbr title="−137/461">29.7%</abbr> of its health!)</small><br></div><div class="spacer battle-history"><br></div><div class="battle-history">KINGLAX fainted!<br></div><div class="spacer battle-history"><br></div><div class="battle-history">Go! Not a KINGLAX (<strong>Suicune</strong>)!<br></div><div class="battle-history"><small>Pointed stones dug into Not a KINGLAX!</small><br></div><div class="battle-history"><small>[Not a KINGLAX's Pressure]</small><br><small>Not a KINGLAX is exerting its pressure!</small><br></div><div class="spacer battle-history"><br></div><h2 class="battle-history">Turn 14</h2><div class="spacer battle-history"><br></div><div class="battle-history">meat withdrew Aerodactyl!<br></div><div class="battle-history">meat sent out <strong>Celebi</strong>!<br></div><div class="battle-history"><small>Pointed stones dug into the opposing Celebi!</small><br></div><div class="spacer battle-history"><br></div><div class="battle-history">Not a KINGLAX used <strong>Scald</strong>!<br></div><div class="battle-history"><small>It's not very effective...</small><br></div><div class="battle-history"><small>(The opposing Celebi lost <abbr title="−39/404">9.7%</abbr> of its health!)</small><br></div><div class="battle-history"><small>The opposing Celebi was burned!</small><br></div><div class="spacer battle-history"><br></div><div class="battle-history"><small>The opposing Celebi restored a little HP using its Leftovers!</small><br></div><div class="battle-history"><small>Not a KINGLAX restored a little HP using its Leftovers!</small><br></div><div class="battle-history"><small>The opposing Celebi was hurt by its burn!</small><br></div><div class="spacer battle-history"><br></div><h2 class="battle-history">Turn 15</h2><div class="chat chatmessage-sacri"><strong style="color:hsl(344,60%,48.0115088290176%)"><small>+</small><span class="username" data-name="Sacri !!_!!">Sacri !!_!!</span>:</strong> <em>you cant run toras vs someone who plays oras nu</em></div><div class="spacer battle-history"><br></div><div class="battle-history"><small>(The opposing Celebi is cured by its Natural Cure!)</small><br></div><div class="battle-history">meat withdrew Celebi!<br></div><div class="battle-history">meat sent out <strong>Tauros</strong>!<br></div><div class="battle-history"><small>Pointed stones dug into the opposing Tauros!</small><br></div><div class="spacer battle-history"><br></div><div class="battle-history">Not a KINGLAX used <strong>Roar</strong>!<br></div><div class="spacer battle-history"><br></div><div class="battle-history"><strong>Sylveon</strong> was dragged out!<br></div><div class="battle-history"><small>Pointed stones dug into the opposing Sylveon!</small><br></div><div class="spacer battle-history"><br></div><div class="battle-history"><small>Not a KINGLAX restored a little HP using its Leftovers!</small><br></div><div class="spacer battle-history"><br></div><h2 class="battle-history">Turn 16</h2><div class="chat chatmessage-sacri"><strong style="color:hsl(344,60%,48.0115088290176%)"><small>+</small><span class="username" data-name="Sacri !!_!!">Sacri !!_!!</span>:</strong> <em>thats disrepctful</em></div><div class="spacer battle-history"><br></div><div class="battle-history">Not a KINGLAX used <strong>Calm Mind</strong>!<br></div><div class="battle-history"><small>Not a KINGLAX's Special Attack rose!</small><br></div><div class="battle-history"><small>Not a KINGLAX's Special Defense rose!</small><br></div><div class="spacer battle-history"><br></div><div class="battle-history">The opposing Sylveon used <strong>Wish</strong>!<br></div><div class="spacer battle-history"><br></div><div class="battle-history"><small>Not a KINGLAX restored a little HP using its Leftovers!</small><br></div><div class="spacer battle-history"><br></div><h2 class="battle-history">Turn 17</h2><div class="spacer battle-history"><br></div><div class="battle-history">meat withdrew Sylveon!<br></div><div class="battle-history">meat sent out <strong>Celebi</strong>!<br></div><div class="battle-history"><small>Pointed stones dug into the opposing Celebi!</small><br></div><div class="spacer battle-history"><br></div><div class="battle-history">Not a KINGLAX used <strong>Calm Mind</strong>!<br></div><div class="battle-history"><small>Not a KINGLAX's Special Attack rose!</small><br></div><div class="battle-history"><small>Not a KINGLAX's Special Defense rose!</small><br></div><div class="spacer battle-history"><br></div><div class="battle-history"><small>Sylveon's wish came true!</small><br></div><div class="battle-history"><small>Not a KINGLAX restored a little HP using its Leftovers!</small><br></div><div class="spacer battle-history"><br></div><h2 class="battle-history">Turn 18</h2><div class="spacer battle-history"><br></div><div class="battle-history">The opposing Celebi used <strong>Giga Drain</strong>!<br></div><div class="battle-history"><small>It's super effective!</small><br></div><div class="battle-history"><small>(Not a KINGLAX lost <abbr title="−86/401">21.4%</abbr> of its health!)</small><br></div><div class="spacer battle-history"><br></div><div class="battle-history">Not a KINGLAX used <strong>Roar</strong>!<br></div><div class="spacer battle-history"><br></div><div class="battle-history">Aerodactyl (<strong>Aerodactyl-Mega</strong>) was dragged out!<br></div><div class="battle-history"><small>Pointed stones dug into the opposing Aerodactyl!</small><br></div><div class="spacer battle-history"><br></div><div class="battle-history">The opposing Aerodactyl fainted!<br></div><div class="spacer battle-history"><br></div><div class="battle-history"><small>Not a KINGLAX restored a little HP using its Leftovers!</small><br></div><div class="spacer battle-history"><br></div><div class="battle-history">meat sent out <strong>Tauros</strong>!<br></div><div class="battle-history"><small>Pointed stones dug into the opposing Tauros!</small><br></div><div class="spacer battle-history"><br></div><h2 class="battle-history">Turn 19</h2><div class="chat chatmessage-advantage"><strong style="color:hsl(307,88%,47%)"><small>+</small><span class="username" data-name="Advantage">Advantage</span>:</strong> <em>this doin </em></div><div class="spacer battle-history"><br></div><div class="battle-history">The opposing Tauros used <strong>Toxic</strong>!<br></div><div class="battle-history"><small>Not a KINGLAX avoided the attack!</small><br></div><div class="spacer battle-history"><br></div><div class="battle-history">Not a KINGLAX used <strong>Scald</strong>!<br></div><div class="battle-history"><small>(The opposing Tauros lost <abbr title="−219/291">75.3%</abbr> of its health!)</small><br></div><div class="spacer battle-history"><br></div><div class="battle-history">The opposing Tauros fainted!<br></div><div class="spacer battle-history"><br></div><div class="battle-history"><small>Not a KINGLAX restored a little HP using its Leftovers!</small><br></div><div class="chat chatmessage-advantage"><strong style="color:hsl(307,88%,47%)"><small>+</small><span class="username" data-name="Advantage">Advantage</span>:</strong> <em>0.</em></div><div class="spacer battle-history"><br></div><div class="battle-history"><small>meat forfeited.</small><br></div><div class="spacer battle-history"><br></div><div class="battle-history"><strong>Teddeh</strong> won the battle!<br></div><div class="chat chatmessage-teddeh"><strong style="color:hsl(158,62%,34%)"><small>☆</small><span class="username" data-name="Teddeh">Teddeh</span>:</strong> <em>gg</em></div></div><div class="inner-preempt"></div></div></div>
</div>
<script>
let daily = Math.floor(Date.now()/1000/60/60/24);document.write('<script src="https://play.pokemonshowdown.com/js/replay-embed.js?version'+daily+'"></'+'script>');
</script>
