<!DOCTYPE html>
<meta charset="utf-8" />
<!-- version 1 -->
<title>UU replay: Parnstar vs. Eelektrosas187E</title>
<style>
html,body {font-family:Verdana, sans-serif;font-size:10pt;margin:0;padding:0;}body{padding:12px 0;} .battle-log {font-family:Verdana, sans-serif;font-size:10pt;} .battle-log-inline {border:1px solid #AAAAAA;background:#EEF2F5;color:black;max-width:640px;margin:0 auto 80px;padding-bottom:5px;} .battle-log .inner {padding:4px 8px 0px 8px;} .battle-log .inner-preempt {padding:0 8px 4px 8px;} .battle-log .inner-after {margin-top:0.5em;} .battle-log h2 {margin:0.5em -8px;padding:4px 8px;border:1px solid #AAAAAA;background:#E0E7EA;border-left:0;border-right:0;font-family:Verdana, sans-serif;font-size:13pt;} .battle-log .chat {vertical-align:middle;padding:3px 0 3px 0;font-size:8pt;} .battle-log .chat strong {color:#40576A;} .battle-log .chat em {padding:1px 4px 1px 3px;color:#000000;font-style:normal;} .chat.mine {background:rgba(0,0,0,0.05);margin-left:-8px;margin-right:-8px;padding-left:8px;padding-right:8px;} .spoiler {color:#BBBBBB;background:#BBBBBB;padding:0px 3px;} .spoiler:hover, .spoiler:active, .spoiler-shown {color:#000000;background:#E2E2E2;padding:0px 3px;} .spoiler a {color:#BBBBBB;} .spoiler:hover a, .spoiler:active a, .spoiler-shown a {color:#2288CC;} .chat code, .chat .spoiler:hover code, .chat .spoiler:active code, .chat .spoiler-shown code {border:1px solid #C0C0C0;background:#EEEEEE;color:black;padding:0 2px;} .chat .spoiler code {border:1px solid #CCCCCC;background:#CCCCCC;color:#CCCCCC;} .battle-log .rated {padding:3px 4px;} .battle-log .rated strong {color:white;background:#89A;padding:1px 4px;border-radius:4px;} .spacer {margin-top:0.5em;} .message-announce {background:#6688AA;color:white;padding:1px 4px 2px;} .message-announce a, .broadcast-green a, .broadcast-blue a, .broadcast-red a {color:#DDEEFF;} .broadcast-green {background-color:#559955;color:white;padding:2px 4px;} .broadcast-blue {background-color:#6688AA;color:white;padding:2px 4px;} .infobox {border:1px solid #6688AA;padding:2px 4px;} .infobox-limited {max-height:200px;overflow:auto;overflow-x:hidden;} .broadcast-red {background-color:#AA5544;color:white;padding:2px 4px;} .message-learn-canlearn {font-weight:bold;color:#228822;text-decoration:underline;} .message-learn-cannotlearn {font-weight:bold;color:#CC2222;text-decoration:underline;} .message-effect-weak {font-weight:bold;color:#CC2222;} .message-effect-resist {font-weight:bold;color:#6688AA;} .message-effect-immune {font-weight:bold;color:#666666;} .message-learn-list {margin-top:0;margin-bottom:0;} .message-throttle-notice, .message-error {color:#992222;} .message-overflow, .chat small.message-overflow {font-size:0pt;} .message-overflow::before {font-size:9pt;content:'...';} .subtle {color:#3A4A66;}
</style>
<div class="wrapper replay-wrapper" style="max-width:1180px;margin:0 auto">
<input type="hidden" name="replayid" value="uu-561949832" />
<div class="battle"></div><div class="battle-log"></div><div class="replay-controls"></div><div class="replay-controls-2"></div>
<h1 style="font-weight:normal;text-align:center"><strong>UU</strong><br /><a href="http://pokemonshowdown.com/users/parnstar" class="subtle" target="_blank">Parnstar</a> vs. <a href="http://pokemonshowdown.com/users/eelektrosas187e" class="subtle" target="_blank">Eelektrosas187E</a></h1>
<script type="text/plain" class="battle-log-data">|j|Parnstar
|j|Eelektrosas187E
|player|p1|Parnstar|21
|player|p2|Eelektrosas187E|265
|gametype|singles
|gen|6
|tier|UU
|rated
|seed|56019,23297,21862,12548
|rule|Sleep Clause Mod: Limit one foe put to sleep
|rule|Species Clause: Limit one of each Pokémon
|rule|OHKO Clause: OHKO moves are banned
|rule|Moody Clause: Moody is banned
|rule|Evasion Moves Clause: Evasion moves are banned
|rule|Endless Battle Clause: Forcing endless battles is banned
|rule|HP Percentage Mod: HP is shown in percentages
|clearpoke
|poke|p1|Mamoswine, F|item
|poke|p1|Toxicroak, M|item
|poke|p1|Whimsicott, M|item
|poke|p1|Heliolisk, F|item
|poke|p1|Donphan, F|item
|poke|p1|Crawdaunt, M|item
|poke|p2|Aggron, F|item
|poke|p2|Crawdaunt, F|item
|poke|p2|Blissey, F|item
|poke|p2|Chesnaught, M|item
|poke|p2|Gyarados, F|item
|poke|p2|Mienshao, M|item
|rule|Swagger Clause: Swagger is banned
|rule|Baton Pass Clause: Limit one Baton Passer, can't pass Spe and other stats simultaneously
|teampreview
|choice|team 5, team 2, team 3, team 4, team 1, team 6|team 3, team 2, team 1, team 4, team 5, team 6
|
|start
|switch|p1a: Mustard pass|Donphan, F|353\/353
|switch|p2a: Blissey|Blissey, F|714\/714
|turn|1
|choice|move stealthrock|move stealthrock
|
|move|p2a: Blissey|Stealth Rock|p1a: Mustard pass
|-sidestart|p1: Parnstar|move: Stealth Rock
|move|p1a: Mustard pass|Stealth Rock|p2a: Blissey
|-sidestart|p2: Eelektrosas187E|move: Stealth Rock
|
|upkeep
|turn|2
|choice|move rapidspin|move toxic
|
|move|p2a: Blissey|Toxic|p1a: Mustard pass|[miss]
|-miss|p2a: Blissey|p1a: Mustard pass
|move|p1a: Mustard pass|Rapid Spin|p2a: Blissey
|-damage|p2a: Blissey|678\/714
|-sideend|p1: Parnstar|Stealth Rock|[from] move: Rapid Spin|[of] p1a: Mustard pass
|
|-heal|p2a: Blissey|714\/714|[from] item: Leftovers
|upkeep
|turn|3
|choice|move earthquake|move toxic
|
|move|p2a: Blissey|Toxic|p1a: Mustard pass
|-status|p1a: Mustard pass|tox
|move|p1a: Mustard pass|Earthquake|p2a: Blissey
|-damage|p2a: Blissey|455\/714
|
|-heal|p2a: Blissey|499\/714|[from] item: Leftovers
|-damage|p1a: Mustard pass|331\/353 tox|[from] psn
|upkeep
|turn|4
|choice|move roar|move stealthrock
|
|move|p2a: Blissey|Stealth Rock|p1a: Mustard pass
|-sidestart|p1: Parnstar|move: Stealth Rock
|move|p1a: Mustard pass|Roar|p2a: Blissey
|drag|p2a: Gyarados|Gyarados, F|331\/331
|-damage|p2a: Gyarados|249\/331|[from] Stealth Rock
|
|-heal|p2a: Gyarados|269\/331|[from] item: Leftovers
|-damage|p1a: Mustard pass|287\/353 tox|[from] psn
|upkeep
|turn|5
|choice|move roar|move dragondance
|
|move|p2a: Gyarados|Dragon Dance|p2a: Gyarados
|-boost|p2a: Gyarados|atk|1
|-boost|p2a: Gyarados|spe|1
|move|p1a: Mustard pass|Roar|p2a: Gyarados
|drag|p2a: Blissey|Blissey, F|499\/714
|-damage|p2a: Blissey|410\/714|[from] Stealth Rock
|
|-heal|p2a: Blissey|454\/714|[from] item: Leftovers
|-damage|p1a: Mustard pass|221\/353 tox|[from] psn
|upkeep
|turn|6
|-message|Eelektrosas187E forfeited.
|
|win|Parnstar
|l|Eelektrosas187E
|raw|Parnstar's rating: 1355 &rarr; <strong>1360<\/strong><br \/>(+5 for winning)
|raw|Eelektrosas187E's rating: 1000 &rarr; <strong>1000<\/strong><br \/>(+0 for losing)</script>
</div>
<div class="battle-log battle-log-inline"><div class="inner"><div class="battle-options"></div><div class="inner"><div class="chat"><small>Parnstar joined.</small></div><div class="chat"><small>Eelektrosas187E joined.</small></div><div class=""><small>Format:</small> <br><strong>UU</strong></div><div class="rated"><strong>Rated battle</strong></div><div class=""><small><em>Sleep Clause Mod:</em> Limit one foe put to sleep</small></div><div class=""><small><em>Species Clause:</em> Limit one of each Pokémon</small></div><div class=""><small><em>OHKO Clause:</em> OHKO moves are banned</small></div><div class=""><small><em>Moody Clause:</em> Moody is banned</small></div><div class=""><small><em>Evasion Moves Clause:</em> Evasion moves are banned</small></div><div class=""><small><em>Endless Battle Clause:</em> Forcing endless battles is banned</small></div><div class=""><small><em>HP Percentage Mod:</em> HP is shown in percentages</small></div><div class=""><small><em>Swagger Clause:</em> Swagger is banned</small></div><div class=""><small><em>Baton Pass Clause:</em> Limit one Baton Passer, can't pass Spe and other stats simultaneously</small></div><div class="chat battle-history"><strong>Parnstar's team:</strong> <em style="color:#445566;display:block;">Mamoswine / Toxicroak / Whimsicott / Heliolisk / Donphan / Crawdaunt</em></div><div class="chat battle-history"><strong>Eelektrosas187E's team:</strong> <em style="color:#445566;display:block;">Aggron / Crawdaunt / Blissey / Chesnaught / Gyarados / Mienshao</em></div><div class="spacer battle-history"><br></div><div class="battle-history">Battle started between Parnstar and Eelektrosas187E!<br></div><div class="spacer battle-history"><br></div><div class="battle-history">Go! Mustard pass (<strong>Donphan</strong>)!<br></div><div class="spacer battle-history"><br></div><div class="battle-history">Eelektrosas187E sent out <strong>Blissey</strong>!<br></div><div class="spacer battle-history"><br></div><h2 class="battle-history">Turn 1</h2><div class="spacer battle-history"><br></div><div class="battle-history">The opposing Blissey used <strong>Stealth Rock</strong>!<br></div><div class="battle-history"><small>Pointed stones float in the air around your team!</small><br></div><div class="spacer battle-history"><br></div><div class="battle-history">Mustard pass used <strong>Stealth Rock</strong>!<br></div><div class="battle-history"><small>Pointed stones float in the air around the opposing team!</small><br></div><div class="spacer battle-history"><br></div><h2 class="battle-history">Turn 2</h2><div class="spacer battle-history"><br></div><div class="battle-history">The opposing Blissey used <strong>Toxic</strong>!<br></div><div class="battle-history"><small>Mustard pass avoided the attack!</small><br></div><div class="spacer battle-history"><br></div><div class="battle-history">Mustard pass used <strong>Rapid Spin</strong>!<br></div><div class="battle-history"><small>(The opposing Blissey lost <abbr title="−36/714">5.0%</abbr> of its health!)</small><br></div><div class="battle-history"><small>The pointed stones disappeared from around your team!</small><br></div><div class="spacer battle-history"><br></div><div class="battle-history"><small>The opposing Blissey restored a little HP using its Leftovers!</small><br></div><div class="spacer battle-history"><br></div><h2 class="battle-history">Turn 3</h2><div class="spacer battle-history"><br></div><div class="battle-history">The opposing Blissey used <strong>Toxic</strong>!<br></div><div class="battle-history"><small>Mustard pass was badly poisoned!</small><br></div><div class="spacer battle-history"><br></div><div class="battle-history">Mustard pass used <strong>Earthquake</strong>!<br></div><div class="battle-history"><small>(The opposing Blissey lost <abbr title="−259/714">36.3%</abbr> of its health!)</small><br></div><div class="spacer battle-history"><br></div><div class="battle-history"><small>The opposing Blissey restored a little HP using its Leftovers!</small><br></div><div class="battle-history"><small>Mustard pass was hurt by poison!</small><br></div><div class="spacer battle-history"><br></div><h2 class="battle-history">Turn 4</h2><div class="spacer battle-history"><br></div><div class="battle-history">The opposing Blissey used <strong>Stealth Rock</strong>!<br></div><div class="battle-history"><small>Pointed stones float in the air around your team!</small><br></div><div class="spacer battle-history"><br></div><div class="battle-history">Mustard pass used <strong>Roar</strong>!<br></div><div class="spacer battle-history"><br></div><div class="battle-history"><strong>Gyarados</strong> was dragged out!<br></div><div class="battle-history"><small>Pointed stones dug into the opposing Gyarados!</small><br></div><div class="spacer battle-history"><br></div><div class="battle-history"><small>The opposing Gyarados restored a little HP using its Leftovers!</small><br></div><div class="battle-history"><small>Mustard pass was hurt by poison!</small><br></div><div class="spacer battle-history"><br></div><h2 class="battle-history">Turn 5</h2><div class="spacer battle-history"><br></div><div class="battle-history">The opposing Gyarados used <strong>Dragon Dance</strong>!<br></div><div class="battle-history"><small>The opposing Gyarados's Attack rose!</small><br></div><div class="battle-history"><small>The opposing Gyarados's Speed rose!</small><br></div><div class="spacer battle-history"><br></div><div class="battle-history">Mustard pass used <strong>Roar</strong>!<br></div><div class="spacer battle-history"><br></div><div class="battle-history"><strong>Blissey</strong> was dragged out!<br></div><div class="battle-history"><small>Pointed stones dug into the opposing Blissey!</small><br></div><div class="spacer battle-history"><br></div><div class="battle-history"><small>The opposing Blissey restored a little HP using its Leftovers!</small><br></div><div class="battle-history"><small>Mustard pass was hurt by poison!</small><br></div><div class="spacer battle-history"><br></div><h2 class="battle-history">Turn 6</h2><div class="spacer battle-history"><br></div><div class="battle-history"><small>Eelektrosas187E forfeited.</small><br></div><div class="spacer battle-history"><br></div><div class="battle-history"><strong>Parnstar</strong> won the battle!<br></div><div class="chat"><small>Eelektrosas187E left.</small></div><div class="chat">Parnstar's rating: 1355 → <strong>1360</strong><br>(+5 for winning)</div><div class="chat">Eelektrosas187E's rating: 1000 → <strong>1000</strong><br>(+0 for losing)</div></div><div class="inner-preempt"></div></div></div>
</div>
<script>
let daily = Math.floor(Date.now()/1000/60/60/24);document.write('<script src="https://play.pokemonshowdown.com/js/replay-embed.js?version'+daily+'"></'+'script>');
</script>
