<!DOCTYPE html>
<meta charset="utf-8" />
<!-- version 1 -->
<title>UU replay: Luis_Zuniga_SPS vs. ss9x</title>
<style>
html,body {font-family:Verdana, sans-serif;font-size:10pt;margin:0;padding:0;}body{padding:12px 0;} .battle-log {font-family:Verdana, sans-serif;font-size:10pt;} .battle-log-inline {border:1px solid #AAAAAA;background:#EEF2F5;color:black;max-width:640px;margin:0 auto 80px;padding-bottom:5px;} .battle-log .inner {padding:4px 8px 0px 8px;} .battle-log .inner-preempt {padding:0 8px 4px 8px;} .battle-log .inner-after {margin-top:0.5em;} .battle-log h2 {margin:0.5em -8px;padding:4px 8px;border:1px solid #AAAAAA;background:#E0E7EA;border-left:0;border-right:0;font-family:Verdana, sans-serif;font-size:13pt;} .battle-log .chat {vertical-align:middle;padding:3px 0 3px 0;font-size:8pt;} .battle-log .chat strong {color:#40576A;} .battle-log .chat em {padding:1px 4px 1px 3px;color:#000000;font-style:normal;} .chat.mine {background:rgba(0,0,0,0.05);margin-left:-8px;margin-right:-8px;padding-left:8px;padding-right:8px;} .spoiler {color:#BBBBBB;background:#BBBBBB;padding:0px 3px;} .spoiler:hover, .spoiler:active, .spoiler-shown {color:#000000;background:#E2E2E2;padding:0px 3px;} .spoiler a {color:#BBBBBB;} .spoiler:hover a, .spoiler:active a, .spoiler-shown a {color:#2288CC;} .chat code, .chat .spoiler:hover code, .chat .spoiler:active code, .chat .spoiler-shown code {border:1px solid #C0C0C0;background:#EEEEEE;color:black;padding:0 2px;} .chat .spoiler code {border:1px solid #CCCCCC;background:#CCCCCC;color:#CCCCCC;} .battle-log .rated {padding:3px 4px;} .battle-log .rated strong {color:white;background:#89A;padding:1px 4px;border-radius:4px;} .spacer {margin-top:0.5em;} .message-announce {background:#6688AA;color:white;padding:1px 4px 2px;} .message-announce a, .broadcast-green a, .broadcast-blue a, .broadcast-red a {color:#DDEEFF;} .broadcast-green {background-color:#559955;color:white;padding:2px 4px;} .broadcast-blue {background-color:#6688AA;color:white;padding:2px 4px;} .infobox {border:1px solid #6688AA;padding:2px 4px;} .infobox-limited {max-height:200px;overflow:auto;overflow-x:hidden;} .broadcast-red {background-color:#AA5544;color:white;padding:2px 4px;} .message-learn-canlearn {font-weight:bold;color:#228822;text-decoration:underline;} .message-learn-cannotlearn {font-weight:bold;color:#CC2222;text-decoration:underline;} .message-effect-weak {font-weight:bold;color:#CC2222;} .message-effect-resist {font-weight:bold;color:#6688AA;} .message-effect-immune {font-weight:bold;color:#666666;} .message-learn-list {margin-top:0;margin-bottom:0;} .message-throttle-notice, .message-error {color:#992222;} .message-overflow, .chat small.message-overflow {font-size:0pt;} .message-overflow::before {font-size:9pt;content:'...';} .subtle {color:#3A4A66;}
</style>
<div class="wrapper replay-wrapper" style="max-width:1180px;margin:0 auto">
<input type="hidden" name="replayid" value="uu-555463380" />
<div class="battle"></div><div class="battle-log"></div><div class="replay-controls"></div><div class="replay-controls-2"></div>
<h1 style="font-weight:normal;text-align:center"><strong>UU</strong><br /><a href="http://pokemonshowdown.com/users/luiszunigasps" class="subtle" target="_blank">Luis_Zuniga_SPS</a> vs. <a href="http://pokemonshowdown.com/users/ss9x" class="subtle" target="_blank">ss9x</a></h1>
<script type="text/plain" class="battle-log-data">|j|Luis_Zuniga_SPS
|j|ss9x
|player|p1|Luis_Zuniga_SPS|123
|player|p2|ss9x|137
|gametype|singles
|gen|6
|tier|UU
|rated
|seed|33654,30975,22886,62706
|rule|Sleep Clause Mod: Limit one foe put to sleep
|rule|Species Clause: Limit one of each Pokémon
|rule|OHKO Clause: OHKO moves are banned
|rule|Moody Clause: Moody is banned
|rule|Evasion Moves Clause: Evasion moves are banned
|rule|Endless Battle Clause: Forcing endless battles is banned
|rule|HP Percentage Mod: HP is shown in percentages
|clearpoke
|poke|p1|Gyarados, F|item
|poke|p1|Krookodile, M|item
|poke|p1|Scrafty, M|item
|poke|p1|Heracross, M|item
|poke|p1|Honchkrow, F|item
|poke|p1|Arcanine, M|item
|poke|p2|Infernape, M|item
|poke|p2|Zoroark, M|item
|poke|p2|Porygon-Z|item
|poke|p2|Blissey, F|item
|poke|p2|Sceptile, M|item
|poke|p2|Suicune, shiny|item
|rule|Swagger Clause: Swagger is banned
|rule|Baton Pass Clause: Limit one Baton Passer, can't pass Spe and other stats simultaneously
|teampreview
|choice|team 6, team 2, team 3, team 4, team 5, team 1|team 3, team 5, team 1, team 6, team 4, team 2
|
|start
|switch|p1a: Arcanine|Arcanine, M|321\/321
|switch|p2a: Porygon-Z|Porygon-Z|374\/374
|-ability|p1a: Arcanine|Intimidate|boost
|-unboost|p2a: Porygon-Z|atk|1
|-ability|p2a: Porygon-Z|Download|boost
|-boost|p2a: Porygon-Z|spa|1
|turn|1
|choice|move willowisp|move hyperbeam
|
|move|p1a: Arcanine|Will-O-Wisp|p2a: Porygon-Z
|-status|p2a: Porygon-Z|brn
|move|p2a: Porygon-Z|Hyper Beam|p1a: Arcanine
|-damage|p1a: Arcanine|0 fnt
|faint|p1a: Arcanine
|
|-damage|p2a: Porygon-Z|328\/374 brn|[from] brn
|upkeep
|choice|switch 3|
|
|switch|p1a: Scrafty|Scrafty, M|272\/272
|turn|2
|-mustrecharge|p2a: Porygon-Z
|-mustrecharge|p2a: Porygon-Z
|-mustrecharge|p2a: Porygon-Z
|choice|move dragondance|move recharge
|
|move|p1a: Scrafty|Dragon Dance|p1a: Scrafty
|-boost|p1a: Scrafty|atk|1
|-boost|p1a: Scrafty|spe|1
|cant|p2a: Porygon-Z|recharge
|
|-heal|p2a: Porygon-Z|351\/374 brn|[from] item: Leftovers
|-damage|p2a: Porygon-Z|305\/374 brn|[from] brn
|upkeep
|turn|3
|choice|move highjumpkick|switch 4
|
|switch|p2a: Suicune|Suicune, shiny|404\/404
|-ability|p2a: Suicune|Pressure
|move|p1a: Scrafty|High Jump Kick|p2a: Suicune
|-damage|p2a: Suicune|185\/404
|
|-heal|p2a: Suicune|210\/404|[from] item: Leftovers
|upkeep
|turn|4
|choice|move dragondance|move airslash
|
|move|p1a: Scrafty|Dragon Dance|p1a: Scrafty
|-boost|p1a: Scrafty|atk|1
|-boost|p1a: Scrafty|spe|1
|move|p2a: Suicune|Air Slash|p1a: Scrafty
|-supereffective|p1a: Scrafty
|-crit|p1a: Scrafty
|-damage|p1a: Scrafty|80\/272
|
|-heal|p2a: Suicune|235\/404|[from] item: Leftovers
|upkeep
|turn|5
|choice|move knockoff|move airslash
|
|move|p1a: Scrafty|Knock Off|p2a: Suicune
|-damage|p2a: Suicune|6\/404
|-enditem|p2a: Suicune|Leftovers|[from] move: Knock Off|[of] p1a: Scrafty
|move|p2a: Suicune|Air Slash|p1a: Scrafty
|-supereffective|p1a: Scrafty
|-damage|p1a: Scrafty|0 fnt
|faint|p1a: Scrafty
|
|upkeep
|choice|switch 4|
|
|switch|p1a: Heracross|Heracross, M|302\/302
|turn|6
|choice|move earthquake|move airslash
|
|move|p1a: Heracross|Earthquake|p2a: Suicune
|-damage|p2a: Suicune|0 fnt
|faint|p2a: Suicune
|-ability|p1a: Heracross|Moxie|boost
|-boost|p1a: Heracross|atk|1
|
|upkeep
|choice||switch 3
|
|switch|p2a: Infernape|Infernape, M|293\/293
|turn|7
|choice|move endure|move firepunch
|
|move|p1a: Heracross|Endure|p1a: Heracross
|-singleturn|p1a: Heracross|move: Endure
|move|p2a: Infernape|Fire Punch|p1a: Heracross
|-supereffective|p1a: Heracross
|-crit|p1a: Heracross
|-activate|p1a: Heracross|move: Endure
|-damage|p1a: Heracross|1\/302
|-status|p1a: Heracross|brn
|-enditem|p1a: Heracross|Salac Berry|[eat]
|-boost|p1a: Heracross|spe|1
|
|-damage|p1a: Heracross|0 fnt|[from] brn
|upkeep
|faint|p1a: Heracross
|choice|switch 2|
|
|switch|p1a: Krookodile|Krookodile, M|332\/332
|turn|8
|choice|move earthquake|move closecombat
|
|move|p2a: Infernape|Close Combat|p1a: Krookodile
|-supereffective|p1a: Krookodile
|-damage|p1a: Krookodile|0 fnt
|-unboost|p2a: Infernape|def|1
|-unboost|p2a: Infernape|spd|1
|faint|p1a: Krookodile
|
|upkeep
|choice|switch 6|
|
|switch|p1a: Gyarados|Gyarados, F|332\/332
|turn|9
|choice|move dragondance|move thunderpunch
|
|move|p2a: Infernape|Thunder Punch|p1a: Gyarados
|-supereffective|p1a: Gyarados
|-crit|p1a: Gyarados
|-damage|p1a: Gyarados|0 fnt
|faint|p1a: Gyarados
|
|upkeep
|choice|switch 5|
|
|switch|p1a: Honchkrow|Honchkrow, F|342\/342
|turn|10
|choice|move suckerpunch|move thunderpunch
|
|move|p1a: Honchkrow|Sucker Punch|p2a: Infernape
|-resisted|p2a: Infernape
|-crit|p2a: Infernape
|-damage|p2a: Infernape|11\/293
|-damage|p1a: Honchkrow|308\/342|[from] item: Life Orb
|move|p2a: Infernape|Thunder Punch|p1a: Honchkrow
|-supereffective|p1a: Honchkrow
|-damage|p1a: Honchkrow|8\/342
|
|upkeep
|turn|11
|choice|move tailwind|move stealthrock
|
|move|p2a: Infernape|Stealth Rock|p1a: Honchkrow
|-sidestart|p1: Luis_Zuniga_SPS|move: Stealth Rock
|move|p1a: Honchkrow|Tailwind|p1a: Honchkrow
|-sidestart|p1: Luis_Zuniga_SPS|move: Tailwind
|
|upkeep
|turn|12
|choice|move drillpeck|move thunderpunch
|
|move|p1a: Honchkrow|Drill Peck|p2a: Infernape
|-supereffective|p2a: Infernape
|-damage|p2a: Infernape|0 fnt
|-damage|p1a: Honchkrow|0 fnt|[from] item: Life Orb
|faint|p2a: Infernape
|faint|p1a: Honchkrow
|
|win|ss9x
|raw|Luis_Zuniga_SPS's rating: 1233 &rarr; <strong>1199<\/strong><br \/>(-34 for losing)
|raw|ss9x's rating: 1099 &rarr; <strong>1134<\/strong><br \/>(+35 for winning)
|l|Luis_Zuniga_SPS</script>
</div>
<div class="battle-log battle-log-inline"><div class="inner"><div class="battle-options"></div><div class="inner"><div class="chat"><small>Luis_Zuniga_SPS joined.</small></div><div class="chat"><small>ss9x joined.</small></div><div class=""><small>Format:</small> <br><strong>UU</strong></div><div class="rated"><strong>Rated battle</strong></div><div class=""><small><em>Sleep Clause Mod:</em> Limit one foe put to sleep</small></div><div class=""><small><em>Species Clause:</em> Limit one of each Pokémon</small></div><div class=""><small><em>OHKO Clause:</em> OHKO moves are banned</small></div><div class=""><small><em>Moody Clause:</em> Moody is banned</small></div><div class=""><small><em>Evasion Moves Clause:</em> Evasion moves are banned</small></div><div class=""><small><em>Endless Battle Clause:</em> Forcing endless battles is banned</small></div><div class=""><small><em>HP Percentage Mod:</em> HP is shown in percentages</small></div><div class=""><small><em>Swagger Clause:</em> Swagger is banned</small></div><div class=""><small><em>Baton Pass Clause:</em> Limit one Baton Passer, can't pass Spe and other stats simultaneously</small></div><div class="chat battle-history"><strong>Luis_Zuniga_SPS's team:</strong> <em style="color:#445566;display:block;">Gyarados / Krookodile / Scrafty / Heracross / Honchkrow / Arcanine</em></div><div class="chat battle-history"><strong>ss9x's team:</strong> <em style="color:#445566;display:block;">Infernape / Zoroark / Porygon-Z / Blissey / Sceptile / Suicune</em></div><div class="spacer battle-history"><br></div><div class="battle-history">Battle started between Luis_Zuniga_SPS and ss9x!<br></div><div class="spacer battle-history"><br></div><div class="battle-history">Go! <strong>Arcanine</strong>!<br></div><div class="spacer battle-history"><br></div><div class="battle-history">ss9x sent out <strong>Porygon-Z</strong>!<br></div><div class="battle-history"><small>[Arcanine's Intimidate]</small><br></div><div class="battle-history"><small>The opposing Porygon-Z's Attack fell!</small><br></div><div class="battle-history"><small>[The opposing Porygon-Z's Download]</small><br></div><div class="battle-history"><small>The opposing Porygon-Z's Special Attack rose!</small><br></div><div class="spacer battle-history"><br></div><h2 class="battle-history">Turn 1</h2><div class="spacer battle-history"><br></div><div class="battle-history">Arcanine used <strong>Will-O-Wisp</strong>!<br></div><div class="battle-history"><small>The opposing Porygon-Z was burned!</small><br></div><div class="spacer battle-history"><br></div><div class="battle-history">The opposing Porygon-Z used <strong>Hyper Beam</strong>!<br></div><div class="battle-history"><small>(Arcanine lost <abbr title="−321/321">100%</abbr> of its health!)</small><br></div><div class="spacer battle-history"><br></div><div class="battle-history">Arcanine fainted!<br></div><div class="spacer battle-history"><br></div><div class="battle-history"><small>The opposing Porygon-Z was hurt by its burn!</small><br></div><div class="spacer battle-history"><br></div><div class="battle-history">Go! <strong>Scrafty</strong>!<br></div><div class="spacer battle-history"><br></div><h2 class="battle-history">Turn 2</h2><div class="spacer battle-history"><br></div><div class="battle-history">Scrafty used <strong>Dragon Dance</strong>!<br></div><div class="battle-history"><small>Scrafty's Attack rose!</small><br></div><div class="battle-history"><small>Scrafty's Speed rose!</small><br></div><div class="spacer battle-history"><br></div><div class="battle-history">The opposing Porygon-Z must recharge!<br></div><div class="spacer battle-history"><br></div><div class="battle-history"><small>The opposing Porygon-Z restored a little HP using its Leftovers!</small><br></div><div class="battle-history"><small>The opposing Porygon-Z was hurt by its burn!</small><br></div><div class="spacer battle-history"><br></div><h2 class="battle-history">Turn 3</h2><div class="spacer battle-history"><br></div><div class="battle-history">ss9x withdrew Porygon-Z!<br></div><div class="battle-history">ss9x sent out <strong>Suicune</strong>!<br></div><div class="battle-history"><small>[The opposing Suicune's Pressure]</small><br><small>The opposing Suicune is exerting its pressure!</small><br></div><div class="spacer battle-history"><br></div><div class="battle-history">Scrafty used <strong>High Jump Kick</strong>!<br></div><div class="battle-history"><small>(The opposing Suicune lost <abbr title="−219/404">54.2%</abbr> of its health!)</small><br></div><div class="spacer battle-history"><br></div><div class="battle-history"><small>The opposing Suicune restored a little HP using its Leftovers!</small><br></div><div class="spacer battle-history"><br></div><h2 class="battle-history">Turn 4</h2><div class="spacer battle-history"><br></div><div class="battle-history">Scrafty used <strong>Dragon Dance</strong>!<br></div><div class="battle-history"><small>Scrafty's Attack rose!</small><br></div><div class="battle-history"><small>Scrafty's Speed rose!</small><br></div><div class="spacer battle-history"><br></div><div class="battle-history">The opposing Suicune used <strong>Air Slash</strong>!<br></div><div class="battle-history"><small>It's super effective!</small><br></div><div class="battle-history"><small>A critical hit!</small><br></div><div class="battle-history"><small>(Scrafty lost <abbr title="−192/272">70.6%</abbr> of its health!)</small><br></div><div class="spacer battle-history"><br></div><div class="battle-history"><small>The opposing Suicune restored a little HP using its Leftovers!</small><br></div><div class="spacer battle-history"><br></div><h2 class="battle-history">Turn 5</h2><div class="spacer battle-history"><br></div><div class="battle-history">Scrafty used <strong>Knock Off</strong>!<br></div><div class="battle-history"><small>(The opposing Suicune lost <abbr title="−229/404">56.7%</abbr> of its health!)</small><br></div><div class="battle-history"><small>Scrafty knocked off the opposing Suicune's Leftovers!</small><br></div><div class="spacer battle-history"><br></div><div class="battle-history">The opposing Suicune used <strong>Air Slash</strong>!<br></div><div class="battle-history"><small>It's super effective!</small><br></div><div class="battle-history"><small>(Scrafty lost <abbr title="−80/272">29.4%</abbr> of its health!)</small><br></div><div class="spacer battle-history"><br></div><div class="battle-history">Scrafty fainted!<br></div><div class="spacer battle-history"><br></div><div class="battle-history">Go! <strong>Heracross</strong>!<br></div><div class="spacer battle-history"><br></div><h2 class="battle-history">Turn 6</h2><div class="spacer battle-history"><br></div><div class="battle-history">Heracross used <strong>Earthquake</strong>!<br></div><div class="battle-history"><small>(The opposing Suicune lost <abbr title="−6/404">1.5%</abbr> of its health!)</small><br></div><div class="spacer battle-history"><br></div><div class="battle-history">The opposing Suicune fainted!<br></div><div class="battle-history"><small>[Heracross's Moxie]</small><br></div><div class="battle-history"><small>Heracross's Attack rose!</small><br></div><div class="spacer battle-history"><br></div><div class="battle-history">ss9x sent out <strong>Infernape</strong>!<br></div><div class="spacer battle-history"><br></div><h2 class="battle-history">Turn 7</h2><div class="spacer battle-history"><br></div><div class="battle-history">Heracross used <strong>Endure</strong>!<br></div><div class="battle-history"><small>Heracross braced itself!</small><br></div><div class="spacer battle-history"><br></div><div class="battle-history">The opposing Infernape used <strong>Fire Punch</strong>!<br></div><div class="battle-history"><small>It's super effective!</small><br></div><div class="battle-history"><small>A critical hit!</small><br></div><div class="battle-history"><small>Heracross endured the hit!</small><br></div><div class="battle-history"><small>(Heracross lost <abbr title="−301/302">99.7%</abbr> of its health!)</small><br></div><div class="battle-history"><small>Heracross was burned!</small><br></div><div class="battle-history"><small>Heracross ate its Salac Berry!</small><br></div><div class="battle-history"><small>Heracross's Speed rose!</small><br></div><div class="spacer battle-history"><br></div><div class="battle-history"><small>Heracross was hurt by its burn!</small><br></div><div class="spacer battle-history"><br></div><div class="battle-history">Heracross fainted!<br></div><div class="spacer battle-history"><br></div><div class="battle-history">Go! <strong>Krookodile</strong>!<br></div><div class="spacer battle-history"><br></div><h2 class="battle-history">Turn 8</h2><div class="spacer battle-history"><br></div><div class="battle-history">The opposing Infernape used <strong>Close Combat</strong>!<br></div><div class="battle-history"><small>It's super effective!</small><br></div><div class="battle-history"><small>(Krookodile lost <abbr title="−332/332">100%</abbr> of its health!)</small><br></div><div class="battle-history"><small>The opposing Infernape's Defense fell!</small><br></div><div class="battle-history"><small>The opposing Infernape's Special Defense fell!</small><br></div><div class="spacer battle-history"><br></div><div class="battle-history">Krookodile fainted!<br></div><div class="spacer battle-history"><br></div><div class="battle-history">Go! <strong>Gyarados</strong>!<br></div><div class="spacer battle-history"><br></div><h2 class="battle-history">Turn 9</h2><div class="spacer battle-history"><br></div><div class="battle-history">The opposing Infernape used <strong>Thunder Punch</strong>!<br></div><div class="battle-history"><small>It's super effective!</small><br></div><div class="battle-history"><small>A critical hit!</small><br></div><div class="battle-history"><small>(Gyarados lost <abbr title="−332/332">100%</abbr> of its health!)</small><br></div><div class="spacer battle-history"><br></div><div class="battle-history">Gyarados fainted!<br></div><div class="spacer battle-history"><br></div><div class="battle-history">Go! <strong>Honchkrow</strong>!<br></div><div class="spacer battle-history"><br></div><h2 class="battle-history">Turn 10</h2><div class="spacer battle-history"><br></div><div class="battle-history">Honchkrow used <strong>Sucker Punch</strong>!<br></div><div class="battle-history"><small>It's not very effective...</small><br></div><div class="battle-history"><small>A critical hit!</small><br></div><div class="battle-history"><small>(The opposing Infernape lost <abbr title="−282/293">96.2%</abbr> of its health!)</small><br></div><div class="battle-history"><small>Honchkrow lost some of its HP!</small><br></div><div class="spacer battle-history"><br></div><div class="battle-history">The opposing Infernape used <strong>Thunder Punch</strong>!<br></div><div class="battle-history"><small>It's super effective!</small><br></div><div class="battle-history"><small>(Honchkrow lost <abbr title="−300/342">87.7%</abbr> of its health!)</small><br></div><div class="spacer battle-history"><br></div><h2 class="battle-history">Turn 11</h2><div class="spacer battle-history"><br></div><div class="battle-history">The opposing Infernape used <strong>Stealth Rock</strong>!<br></div><div class="battle-history"><small>Pointed stones float in the air around your team!</small><br></div><div class="spacer battle-history"><br></div><div class="battle-history">Honchkrow used <strong>Tailwind</strong>!<br></div><div class="battle-history"><small>The Tailwind blew from behind your team!</small><br></div><div class="spacer battle-history"><br></div><h2 class="battle-history">Turn 12</h2><div class="spacer battle-history"><br></div><div class="battle-history">Honchkrow used <strong>Drill Peck</strong>!<br></div><div class="battle-history"><small>It's super effective!</small><br></div><div class="battle-history"><small>(The opposing Infernape lost <abbr title="−11/293">3.8%</abbr> of its health!)</small><br></div><div class="battle-history"><small>Honchkrow lost some of its HP!</small><br></div><div class="spacer battle-history"><br></div><div class="battle-history">The opposing Infernape fainted!<br></div><div class="battle-history">Honchkrow fainted!<br></div><div class="spacer battle-history"><br></div><div class="battle-history"><strong>ss9x</strong> won the battle!<br></div><div class="chat">Luis_Zuniga_SPS's rating: 1233 → <strong>1199</strong><br>(-34 for losing)</div><div class="chat">ss9x's rating: 1099 → <strong>1134</strong><br>(+35 for winning)</div><div class="chat"><small>Luis_Zuniga_SPS left.</small></div></div><div class="inner-preempt"></div></div></div>
</div>
<script>
let daily = Math.floor(Date.now()/1000/60/60/24);document.write('<script src="https://play.pokemonshowdown.com/js/replay-embed.js?version'+daily+'"></'+'script>');
</script>
