<!DOCTYPE html>
<meta charset="utf-8" />
<!-- version 1 -->
<title>UU replay: wiimanlymen vs. donphil</title>
<style>
html,body {font-family:Verdana, sans-serif;font-size:10pt;margin:0;padding:0;}body{padding:12px 0;} .battle-log {font-family:Verdana, sans-serif;font-size:10pt;} .battle-log-inline {border:1px solid #AAAAAA;background:#EEF2F5;color:black;max-width:640px;margin:0 auto 80px;padding-bottom:5px;} .battle-log .inner {padding:4px 8px 0px 8px;} .battle-log .inner-preempt {padding:0 8px 4px 8px;} .battle-log .inner-after {margin-top:0.5em;} .battle-log h2 {margin:0.5em -8px;padding:4px 8px;border:1px solid #AAAAAA;background:#E0E7EA;border-left:0;border-right:0;font-family:Verdana, sans-serif;font-size:13pt;} .battle-log .chat {vertical-align:middle;padding:3px 0 3px 0;font-size:8pt;} .battle-log .chat strong {color:#40576A;} .battle-log .chat em {padding:1px 4px 1px 3px;color:#000000;font-style:normal;} .chat.mine {background:rgba(0,0,0,0.05);margin-left:-8px;margin-right:-8px;padding-left:8px;padding-right:8px;} .spoiler {color:#BBBBBB;background:#BBBBBB;padding:0px 3px;} .spoiler:hover, .spoiler:active, .spoiler-shown {color:#000000;background:#E2E2E2;padding:0px 3px;} .spoiler a {color:#BBBBBB;} .spoiler:hover a, .spoiler:active a, .spoiler-shown a {color:#2288CC;} .chat code, .chat .spoiler:hover code, .chat .spoiler:active code, .chat .spoiler-shown code {border:1px solid #C0C0C0;background:#EEEEEE;color:black;padding:0 2px;} .chat .spoiler code {border:1px solid #CCCCCC;background:#CCCCCC;color:#CCCCCC;} .battle-log .rated {padding:3px 4px;} .battle-log .rated strong {color:white;background:#89A;padding:1px 4px;border-radius:4px;} .spacer {margin-top:0.5em;} .message-announce {background:#6688AA;color:white;padding:1px 4px 2px;} .message-announce a, .broadcast-green a, .broadcast-blue a, .broadcast-red a {color:#DDEEFF;} .broadcast-green {background-color:#559955;color:white;padding:2px 4px;} .broadcast-blue {background-color:#6688AA;color:white;padding:2px 4px;} .infobox {border:1px solid #6688AA;padding:2px 4px;} .infobox-limited {max-height:200px;overflow:auto;overflow-x:hidden;} .broadcast-red {background-color:#AA5544;color:white;padding:2px 4px;} .message-learn-canlearn {font-weight:bold;color:#228822;text-decoration:underline;} .message-learn-cannotlearn {font-weight:bold;color:#CC2222;text-decoration:underline;} .message-effect-weak {font-weight:bold;color:#CC2222;} .message-effect-resist {font-weight:bold;color:#6688AA;} .message-effect-immune {font-weight:bold;color:#666666;} .message-learn-list {margin-top:0;margin-bottom:0;} .message-throttle-notice, .message-error {color:#992222;} .message-overflow, .chat small.message-overflow {font-size:0pt;} .message-overflow::before {font-size:9pt;content:'...';} .subtle {color:#3A4A66;}
</style>
<div class="wrapper replay-wrapper" style="max-width:1180px;margin:0 auto">
<input type="hidden" name="replayid" value="uu-534594689" />
<div class="battle"></div><div class="battle-log"></div><div class="replay-controls"></div><div class="replay-controls-2"></div>
<h1 style="font-weight:normal;text-align:center"><strong>UU</strong><br /><a href="http://pokemonshowdown.com/users/wiimanlymen" class="subtle" target="_blank">wiimanlymen</a> vs. <a href="http://pokemonshowdown.com/users/donphil" class="subtle" target="_blank">donphil</a></h1>
<script type="text/plain" class="battle-log-data">|j|wiimanlymen
|j|donphil
|player|p1|wiimanlymen|165
|player|p2|donphil|165
|gametype|singles
|gen|6
|tier|UU
|rated
|seed|44405,6659,61690,27290
|rule|Sleep Clause Mod: Limit one foe put to sleep
|rule|Species Clause: Limit one of each Pokémon
|rule|OHKO Clause: OHKO moves are banned
|rule|Moody Clause: Moody is banned
|rule|Evasion Moves Clause: Evasion moves are banned
|rule|Endless Battle Clause: Forcing endless battles is banned
|rule|HP Percentage Mod: HP is shown in percentages
|clearpoke
|poke|p1|Jolteon, M|item
|poke|p1|Gallade, M|item
|poke|p1|Regirock|item
|poke|p1|Metagross|item
|poke|p1|Lilligant, F|item
|poke|p1|Delphox, F|item
|poke|p2|Infernape, M|item
|poke|p2|Escavalier, M|item
|poke|p2|Krookodile, M|item
|poke|p2|Suicune, shiny|item
|poke|p2|Sceptile, M|item
|poke|p2|Sylveon, F, shiny|item
|rule|Swagger Clause: Swagger is banned
|rule|Baton Pass Clause: Limit one Baton Passer, can't pass Spe and other stats simultaneously
|teampreview
|choice|team 1, team 2, team 3, team 4, team 5, team 6|team 2, team 1, team 3, team 4, team 5, team 6
|
|start
|switch|p1a: Shocker|Jolteon, M|271\/271
|switch|p2a: Escavalier|Escavalier, M|343\/343
|turn|1
|choice|move voltswitch|move swordsdance
|
|move|p1a: Shocker|Volt Switch|p2a: Escavalier
|-damage|p2a: Escavalier|240\/343
|choice|switch 6|
|
|switch|p1a: Tharja|Delphox, F|291\/291
|move|p2a: Escavalier|Swords Dance|p2a: Escavalier
|-boost|p2a: Escavalier|atk|2
|
|-heal|p2a: Escavalier|261\/343|[from] item: Leftovers
|upkeep
|turn|2
|j|Stroak_of_Luck
|choice|move sunnyday|switch 4
|
|switch|p2a: Suicune|Suicune, shiny|404\/404
|-ability|p2a: Suicune|Pressure
|move|p1a: Tharja|Sunny Day|p1a: Tharja
|-weather|SunnyDay
|
|-weather|SunnyDay|[upkeep]
|upkeep
|turn|3
|choice|switch 5|switch 6
|
|switch|p1a: Rose|Lilligant, F|281\/281
|switch|p2a: Sylveon|Sylveon, F, shiny|394\/394
|
|-weather|SunnyDay|[upkeep]
|upkeep
|turn|4
|choice|move sleeppowder|move hypervoice
|
|move|p1a: Rose|Sleep Powder|p2a: Sylveon
|-status|p2a: Sylveon|slp
|cant|p2a: Sylveon|slp
|
|-weather|SunnyDay|[upkeep]
|upkeep
|turn|5
|choice|switch 4|switch 2
|
|switch|p1a: Mettaton|Metagross|301\/301
|switch|p2a: Infernape|Infernape, M|293\/293
|
|-weather|SunnyDay|[upkeep]
|upkeep
|turn|6
|choice|switch 5|move flareblitz
|
|switch|p1a: Tharja|Delphox, F|291\/291
|move|p2a: Infernape|Flare Blitz|p1a: Tharja
|-resisted|p1a: Tharja
|-damage|p1a: Tharja|123\/291
|-damage|p2a: Infernape|238\/293|[from] recoil|[of] p1a: Tharja
|
|-weather|none
|upkeep
|turn|7
|choice|move psychic|move flareblitz
|
|move|p2a: Infernape|Flare Blitz|p1a: Tharja
|-resisted|p1a: Tharja
|-damage|p1a: Tharja|0 fnt
|-damage|p2a: Infernape|197\/293|[from] recoil|[of] p1a: Tharja
|faint|p1a: Tharja
|
|upkeep
|choice|switch 3|
|
|switch|p1a: Creed|Regirock|364\/364
|turn|8
|choice|move counter|switch 6
|
|switch|p2a: Suicune|Suicune, shiny|404\/404
|-ability|p2a: Suicune|Pressure
|move|p1a: Creed|Counter|p2a: Suicune
|-fail|p2a: Suicune
|
|upkeep
|turn|9
|choice|switch 4|move scald
|
|switch|p1a: Rose|Lilligant, F|281\/281
|move|p2a: Suicune|Scald|p1a: Rose
|-resisted|p1a: Rose
|-damage|p1a: Rose|227\/281
|
|-heal|p1a: Rose|244\/281|[from] item: Leftovers
|upkeep
|turn|10
|choice|move gigadrain|move scald
|
|move|p1a: Rose|Giga Drain|p2a: Suicune
|-supereffective|p2a: Suicune
|-damage|p2a: Suicune|188\/404
|-heal|p1a: Rose|281\/281|[from] drain|[of] p2a: Suicune
|move|p2a: Suicune|Scald|p1a: Rose
|-resisted|p1a: Rose
|-damage|p1a: Rose|230\/281
|
|-heal|p1a: Rose|247\/281|[from] item: Leftovers
|-heal|p2a: Suicune|213\/404|[from] item: Leftovers
|upkeep
|turn|11
|choice|move gigadrain|switch 6
|
|switch|p2a: Infernape|Infernape, M|197\/293
|move|p1a: Rose|Giga Drain|p2a: Infernape
|-resisted|p2a: Infernape
|-damage|p2a: Infernape|110\/293
|-heal|p1a: Rose|281\/281|[from] drain|[of] p2a: Infernape
|
|upkeep
|turn|12
|choice|switch 4|move uturn
|
|switch|p1a: Creed|Regirock|364\/364
|move|p2a: Infernape|U-turn|p1a: Creed
|-damage|p1a: Creed|322\/364
|choice||switch 5
|
|switch|p2a: Sceptile|Sceptile, M|281\/281
|
|upkeep
|turn|13
|choice|switch 2|move gigadrain mega
|
|switch|p1a: Josuke|Gallade, M|277\/277
|detailschange|p2a: Sceptile|Sceptile-Mega, M
|-mega|p2a: Sceptile|Sceptile|Sceptilite
|move|p2a: Sceptile|Giga Drain|p1a: Josuke
|-damage|p1a: Josuke|144\/277
|
|upkeep
|turn|14
|choice|move destinybond|move leafstorm
|
|move|p1a: Josuke|Destiny Bond|p1a: Josuke
|-singlemove|p1a: Josuke|Destiny Bond
|move|p2a: Sceptile|Leaf Storm|p1a: Josuke
|-damage|p1a: Josuke|0 fnt
|-unboost|p2a: Sceptile|spa|2
|faint|p1a: Josuke
|-activate|p1a: Josuke|move: Destiny Bond
|faint|p2a: Sceptile
|
|upkeep
|choice|switch 5|switch 2
|
|switch|p1a: Mettaton|Metagross|301\/301
|switch|p2a: Sylveon|Sylveon, F, shiny|394\/394 slp
|turn|15
|choice|move meteormash|switch 4
|
|switch|p2a: Escavalier|Escavalier, M|261\/343
|move|p1a: Mettaton|Meteor Mash|p2a: Escavalier
|-resisted|p2a: Escavalier
|-damage|p2a: Escavalier|156\/343
|-boost|p1a: Mettaton|atk|1
|-damage|p1a: Mettaton|271\/301|[from] item: Life Orb
|
|-heal|p2a: Escavalier|177\/343|[from] item: Leftovers
|upkeep
|turn|16
|choice|move hammerarm|move megahorn
|
|move|p1a: Mettaton|Hammer Arm|p2a: Escavalier
|-damage|p2a: Escavalier|0 fnt
|-unboost|p1a: Mettaton|spe|1
|-damage|p1a: Mettaton|241\/301|[from] item: Life Orb
|faint|p2a: Escavalier
|
|upkeep
|choice||switch 3
|
|switch|p2a: Krookodile|Krookodile, M|331\/331
|-ability|p2a: Krookodile|Intimidate|boost
|-fail|p1a: Mettaton|unboost|[from] ability: Clear Body|[of] p1a: Mettaton
|turn|17
|choice|switch 4|move earthquake
|
|switch|p1a: Rose|Lilligant, F|281\/281
|move|p2a: Krookodile|Earthquake|p1a: Rose
|-resisted|p1a: Rose
|-damage|p1a: Rose|177\/281
|
|-heal|p1a: Rose|194\/281|[from] item: Leftovers
|upkeep
|turn|18
|choice|move gigadrain|switch 5
|
|switch|p2a: Infernape|Infernape, M|110\/293
|move|p1a: Rose|Giga Drain|p2a: Infernape
|-resisted|p2a: Infernape
|-damage|p2a: Infernape|30\/293
|-heal|p1a: Rose|234\/281|[from] drain|[of] p2a: Infernape
|
|-heal|p1a: Rose|251\/281|[from] item: Leftovers
|upkeep
|turn|19
|choice|switch 2|move closecombat
|
|switch|p1a: Creed|Regirock|322\/364
|move|p2a: Infernape|Close Combat|p1a: Creed
|-supereffective|p1a: Creed
|-damage|p1a: Creed|116\/364
|-unboost|p2a: Infernape|def|1
|-unboost|p2a: Infernape|spd|1
|
|upkeep
|turn|20
|choice|move counter|move closecombat
|
|move|p2a: Infernape|Close Combat|p1a: Creed
|-supereffective|p1a: Creed
|-damage|p1a: Creed|0 fnt
|-unboost|p2a: Infernape|def|1
|-unboost|p2a: Infernape|spd|1
|faint|p1a: Creed
|
|upkeep
|choice|switch 6|
|
|switch|p1a: Shocker|Jolteon, M|271\/271
|turn|21
|choice|move thunderbolt|move closecombat
|
|move|p2a: Infernape|Close Combat|p1a: Shocker
|-damage|p1a: Shocker|10\/271
|-unboost|p2a: Infernape|def|1
|-unboost|p2a: Infernape|spd|1
|move|p1a: Shocker|Thunderbolt|p2a: Infernape
|-damage|p2a: Infernape|0 fnt
|faint|p2a: Infernape
|
|-heal|p1a: Shocker|26\/271|[from] item: Leftovers
|upkeep
|choice||switch 5
|
|switch|p2a: Krookodile|Krookodile, M|331\/331
|-ability|p2a: Krookodile|Intimidate|boost
|-unboost|p1a: Shocker|atk|1
|turn|22
|choice|switch 2|move pursuit
|
|-activate|p1a: Shocker|move: Pursuit
|move|p2a: Krookodile|Pursuit|p1a: Shocker|[from]Pursuit
|-damage|p1a: Shocker|0 fnt
|faint|p1a: Shocker
|
|upkeep
|choice|switch 2|
|
|switch|p1a: Rose|Lilligant, F|251\/281
|turn|23
|choice|move gigadrain|move knockoff
|
|move|p2a: Krookodile|Knock Off|p1a: Rose
|-damage|p1a: Rose|22\/281
|-enditem|p1a: Rose|Leftovers|[from] move: Knock Off|[of] p2a: Krookodile
|move|p1a: Rose|Giga Drain|p2a: Krookodile
|-supereffective|p2a: Krookodile
|-damage|p2a: Krookodile|5\/331
|-heal|p1a: Rose|185\/281|[from] drain|[of] p2a: Krookodile
|
|upkeep
|turn|24
|choice|move energyball|move knockoff
|
|move|p2a: Krookodile|Knock Off|p1a: Rose
|-damage|p1a: Rose|14\/281
|move|p1a: Rose|Energy Ball|p2a: Krookodile
|-supereffective|p2a: Krookodile
|-damage|p2a: Krookodile|0 fnt
|faint|p2a: Krookodile
|
|upkeep
|choice||switch 6
|
|switch|p2a: Suicune|Suicune, shiny|213\/404
|-ability|p2a: Suicune|Pressure
|turn|25
|choice|move gigadrain|move scald
|
|move|p1a: Rose|Giga Drain|p2a: Suicune
|-supereffective|p2a: Suicune
|-damage|p2a: Suicune|19\/404
|-heal|p1a: Rose|111\/281|[from] drain|[of] p2a: Suicune
|move|p2a: Suicune|Scald|p1a: Rose
|-resisted|p1a: Rose
|-damage|p1a: Rose|57\/281
|
|-heal|p2a: Suicune|44\/404|[from] item: Leftovers
|upkeep
|turn|26
|choice|move gigadrain|move rest
|
|move|p1a: Rose|Giga Drain|p2a: Suicune
|-supereffective|p2a: Suicune
|-damage|p2a: Suicune|0 fnt
|-heal|p1a: Rose|79\/281|[from] drain|[of] p2a: Suicune
|faint|p2a: Suicune
|
|upkeep
|-message|donphil forfeited.
|
|win|wiimanlymen
|player|p1
|player|p2
|l|donphil
|raw|wiimanlymen's rating: 1000 &rarr; <strong>1044<\/strong><br \/>(+44 for winning)
|raw|donphil's rating: 1036 &rarr; <strong>1019<\/strong><br \/>(-17 for losing)
|l|Stroak_of_Luck</script>
</div>
<div class="battle-log battle-log-inline"><div class="inner"><div class="battle-options"></div><div class="inner"><div class="chat"><small>wiimanlymen joined.</small></div><div class="chat"><small>donphil joined.</small></div><div class=""><small>Format:</small> <br><strong>UU</strong></div><div class="rated"><strong>Rated battle</strong></div><div class=""><small><em>Sleep Clause Mod:</em> Limit one foe put to sleep</small></div><div class=""><small><em>Species Clause:</em> Limit one of each Pokémon</small></div><div class=""><small><em>OHKO Clause:</em> OHKO moves are banned</small></div><div class=""><small><em>Moody Clause:</em> Moody is banned</small></div><div class=""><small><em>Evasion Moves Clause:</em> Evasion moves are banned</small></div><div class=""><small><em>Endless Battle Clause:</em> Forcing endless battles is banned</small></div><div class=""><small><em>HP Percentage Mod:</em> HP is shown in percentages</small></div><div class=""><small><em>Swagger Clause:</em> Swagger is banned</small></div><div class=""><small><em>Baton Pass Clause:</em> Limit one Baton Passer, can't pass Spe and other stats simultaneously</small></div><div class="chat battle-history"><strong>wiimanlymen's team:</strong> <em style="color:#445566;display:block;">Jolteon / Gallade / Regirock / Metagross / Lilligant / Delphox</em></div><div class="chat battle-history"><strong>donphil's team:</strong> <em style="color:#445566;display:block;">Infernape / Escavalier / Krookodile / Suicune / Sceptile / Sylveon</em></div><div class="spacer battle-history"><br></div><div class="battle-history">Battle started between wiimanlymen and donphil!<br></div><div class="spacer battle-history"><br></div><div class="battle-history">Go! Shocker (<strong>Jolteon</strong>)!<br></div><div class="spacer battle-history"><br></div><div class="battle-history">donphil sent out <strong>Escavalier</strong>!<br></div><div class="spacer battle-history"><br></div><h2 class="battle-history">Turn 1</h2><div class="spacer battle-history"><br></div><div class="battle-history">Shocker used <strong>Volt Switch</strong>!<br></div><div class="battle-history"><small>(The opposing Escavalier lost <abbr title="−103/343">30.0%</abbr> of its health!)</small><br></div><div class="spacer battle-history"><br></div><div class="battle-history">Shocker went back to wiimanlymen!<br></div><div class="battle-history">Go! Tharja (<strong>Delphox</strong>)!<br></div><div class="spacer battle-history"><br></div><div class="battle-history">The opposing Escavalier used <strong>Swords Dance</strong>!<br></div><div class="battle-history"><small>The opposing Escavalier's Attack rose sharply!</small><br></div><div class="spacer battle-history"><br></div><div class="battle-history"><small>The opposing Escavalier restored a little HP using its Leftovers!</small><br></div><div class="spacer battle-history"><br></div><h2 class="battle-history">Turn 2</h2><div class="chat"><small>Stroak_of_Luck joined.</small></div><div class="spacer battle-history"><br></div><div class="battle-history">donphil withdrew Escavalier!<br></div><div class="battle-history">donphil sent out <strong>Suicune</strong>!<br></div><div class="battle-history"><small>[The opposing Suicune's Pressure]</small><br><small>The opposing Suicune is exerting its pressure!</small><br></div><div class="spacer battle-history"><br></div><div class="battle-history">Tharja used <strong>Sunny Day</strong>!<br></div><div class="battle-history"><small>The sunlight turned harsh!</small><br></div><div class="spacer battle-history"><br></div><div class="battle-history"><small>(The sunlight is strong!)</small><br></div><div class="spacer battle-history"><br></div><h2 class="battle-history">Turn 3</h2><div class="spacer battle-history"><br></div><div class="battle-history">Tharja, come back!<br></div><div class="battle-history">Go! Rose (<strong>Lilligant</strong>)!<br></div><div class="spacer battle-history"><br></div><div class="battle-history">donphil withdrew Suicune!<br></div><div class="battle-history">donphil sent out <strong>Sylveon</strong>!<br></div><div class="spacer battle-history"><br></div><div class="battle-history"><small>(The sunlight is strong!)</small><br></div><div class="spacer battle-history"><br></div><h2 class="battle-history">Turn 4</h2><div class="spacer battle-history"><br></div><div class="battle-history">Rose used <strong>Sleep Powder</strong>!<br></div><div class="battle-history"><small>The opposing Sylveon fell asleep!</small><br></div><div class="spacer battle-history"><br></div><div class="battle-history">The opposing Sylveon is fast asleep.<br></div><div class="spacer battle-history"><br></div><div class="battle-history"><small>(The sunlight is strong!)</small><br></div><div class="spacer battle-history"><br></div><h2 class="battle-history">Turn 5</h2><div class="spacer battle-history"><br></div><div class="battle-history">Rose, come back!<br></div><div class="battle-history">Go! Mettaton (<strong>Metagross</strong>)!<br></div><div class="spacer battle-history"><br></div><div class="battle-history">donphil withdrew Sylveon!<br></div><div class="battle-history">donphil sent out <strong>Infernape</strong>!<br></div><div class="spacer battle-history"><br></div><div class="battle-history"><small>(The sunlight is strong!)</small><br></div><div class="spacer battle-history"><br></div><h2 class="battle-history">Turn 6</h2><div class="spacer battle-history"><br></div><div class="battle-history">Mettaton, come back!<br></div><div class="battle-history">Go! Tharja (<strong>Delphox</strong>)!<br></div><div class="spacer battle-history"><br></div><div class="battle-history">The opposing Infernape used <strong>Flare Blitz</strong>!<br></div><div class="battle-history"><small>It's not very effective...</small><br></div><div class="battle-history"><small>(Tharja lost <abbr title="−168/291">57.7%</abbr> of its health!)</small><br></div><div class="battle-history"><small>The opposing Infernape is damaged by the recoil!</small><br></div><div class="spacer battle-history"><br></div><div class="battle-history"><small>The sunlight faded.</small><br></div><div class="spacer battle-history"><br></div><h2 class="battle-history">Turn 7</h2><div class="spacer battle-history"><br></div><div class="battle-history">The opposing Infernape used <strong>Flare Blitz</strong>!<br></div><div class="battle-history"><small>It's not very effective...</small><br></div><div class="battle-history"><small>(Tharja lost <abbr title="−123/291">42.3%</abbr> of its health!)</small><br></div><div class="battle-history"><small>The opposing Infernape is damaged by the recoil!</small><br></div><div class="spacer battle-history"><br></div><div class="battle-history">Tharja fainted!<br></div><div class="spacer battle-history"><br></div><div class="battle-history">Go! Creed (<strong>Regirock</strong>)!<br></div><div class="spacer battle-history"><br></div><h2 class="battle-history">Turn 8</h2><div class="spacer battle-history"><br></div><div class="battle-history">donphil withdrew Infernape!<br></div><div class="battle-history">donphil sent out <strong>Suicune</strong>!<br></div><div class="battle-history"><small>[The opposing Suicune's Pressure]</small><br><small>The opposing Suicune is exerting its pressure!</small><br></div><div class="spacer battle-history"><br></div><div class="battle-history">Creed used <strong>Counter</strong>!<br></div><div class="battle-history"><small>But it failed!</small><br></div><div class="spacer battle-history"><br></div><h2 class="battle-history">Turn 9</h2><div class="spacer battle-history"><br></div><div class="battle-history">Creed, come back!<br></div><div class="battle-history">Go! Rose (<strong>Lilligant</strong>)!<br></div><div class="spacer battle-history"><br></div><div class="battle-history">The opposing Suicune used <strong>Scald</strong>!<br></div><div class="battle-history"><small>It's not very effective...</small><br></div><div class="battle-history"><small>(Rose lost <abbr title="−54/281">19.2%</abbr> of its health!)</small><br></div><div class="spacer battle-history"><br></div><div class="battle-history"><small>Rose restored a little HP using its Leftovers!</small><br></div><div class="spacer battle-history"><br></div><h2 class="battle-history">Turn 10</h2><div class="spacer battle-history"><br></div><div class="battle-history">Rose used <strong>Giga Drain</strong>!<br></div><div class="battle-history"><small>It's super effective!</small><br></div><div class="battle-history"><small>(The opposing Suicune lost <abbr title="−216/404">53.5%</abbr> of its health!)</small><br></div><div class="battle-history"><small>The opposing Suicune had its energy drained!</small><br></div><div class="spacer battle-history"><br></div><div class="battle-history">The opposing Suicune used <strong>Scald</strong>!<br></div><div class="battle-history"><small>It's not very effective...</small><br></div><div class="battle-history"><small>(Rose lost <abbr title="−51/281">18.1%</abbr> of its health!)</small><br></div><div class="spacer battle-history"><br></div><div class="battle-history"><small>Rose restored a little HP using its Leftovers!</small><br></div><div class="battle-history"><small>The opposing Suicune restored a little HP using its Leftovers!</small><br></div><div class="spacer battle-history"><br></div><h2 class="battle-history">Turn 11</h2><div class="spacer battle-history"><br></div><div class="battle-history">donphil withdrew Suicune!<br></div><div class="battle-history">donphil sent out <strong>Infernape</strong>!<br></div><div class="spacer battle-history"><br></div><div class="battle-history">Rose used <strong>Giga Drain</strong>!<br></div><div class="battle-history"><small>It's not very effective...</small><br></div><div class="battle-history"><small>(The opposing Infernape lost <abbr title="−87/293">29.7%</abbr> of its health!)</small><br></div><div class="battle-history"><small>The opposing Infernape had its energy drained!</small><br></div><div class="spacer battle-history"><br></div><h2 class="battle-history">Turn 12</h2><div class="spacer battle-history"><br></div><div class="battle-history">Rose, come back!<br></div><div class="battle-history">Go! Creed (<strong>Regirock</strong>)!<br></div><div class="spacer battle-history"><br></div><div class="battle-history">The opposing Infernape used <strong>U-turn</strong>!<br></div><div class="battle-history"><small>(Creed lost <abbr title="−42/364">11.5%</abbr> of its health!)</small><br></div><div class="spacer battle-history"><br></div><div class="battle-history">The opposing Infernape went back to donphil!<br></div><div class="battle-history">donphil sent out <strong>Sceptile</strong>!<br></div><div class="spacer battle-history"><br></div><h2 class="battle-history">Turn 13</h2><div class="spacer battle-history"><br></div><div class="battle-history">Creed, come back!<br></div><div class="battle-history">Go! Josuke (<strong>Gallade</strong>)!<br></div><div class="spacer battle-history"><br></div><div class="battle-history"><small>The opposing Sceptile's Sceptilite is reacting to donphil's Mega Bracelet!</small><br>The opposing Sceptile has Mega Evolved into Mega Sceptile!<br></div><div class="spacer battle-history"><br></div><div class="battle-history">The opposing Sceptile used <strong>Giga Drain</strong>!<br></div><div class="battle-history"><small>(Josuke lost <abbr title="−133/277">48.0%</abbr> of its health!)</small><br></div><div class="spacer battle-history"><br></div><h2 class="battle-history">Turn 14</h2><div class="spacer battle-history"><br></div><div class="battle-history">Josuke used <strong>Destiny Bond</strong>!<br></div><div class="battle-history">Josuke is hoping to take its attacker down with it!<br></div><div class="spacer battle-history"><br></div><div class="battle-history">The opposing Sceptile used <strong>Leaf Storm</strong>!<br></div><div class="battle-history"><small>(Josuke lost <abbr title="−144/277">52.0%</abbr> of its health!)</small><br></div><div class="battle-history"><small>The opposing Sceptile's Special Attack fell harshly!</small><br></div><div class="spacer battle-history"><br></div><div class="battle-history">Josuke fainted!<br></div><div class="battle-history"><small>Josuke took its attacker down with it!</small><br></div><div class="spacer battle-history"><br></div><div class="battle-history">The opposing Sceptile fainted!<br></div><div class="spacer battle-history"><br></div><div class="battle-history">Go! Mettaton (<strong>Metagross</strong>)!<br></div><div class="spacer battle-history"><br></div><div class="battle-history">donphil sent out <strong>Sylveon</strong>!<br></div><div class="spacer battle-history"><br></div><h2 class="battle-history">Turn 15</h2><div class="spacer battle-history"><br></div><div class="battle-history">donphil withdrew Sylveon!<br></div><div class="battle-history">donphil sent out <strong>Escavalier</strong>!<br></div><div class="spacer battle-history"><br></div><div class="battle-history">Mettaton used <strong>Meteor Mash</strong>!<br></div><div class="battle-history"><small>It's not very effective...</small><br></div><div class="battle-history"><small>(The opposing Escavalier lost <abbr title="−105/343">30.6%</abbr> of its health!)</small><br></div><div class="battle-history"><small>Mettaton's Attack rose!</small><br></div><div class="battle-history"><small>Mettaton lost some of its HP!</small><br></div><div class="spacer battle-history"><br></div><div class="battle-history"><small>The opposing Escavalier restored a little HP using its Leftovers!</small><br></div><div class="spacer battle-history"><br></div><h2 class="battle-history">Turn 16</h2><div class="spacer battle-history"><br></div><div class="battle-history">Mettaton used <strong>Hammer Arm</strong>!<br></div><div class="battle-history"><small>(The opposing Escavalier lost <abbr title="−177/343">51.6%</abbr> of its health!)</small><br></div><div class="battle-history"><small>Mettaton's Speed fell!</small><br></div><div class="battle-history"><small>Mettaton lost some of its HP!</small><br></div><div class="spacer battle-history"><br></div><div class="battle-history">The opposing Escavalier fainted!<br></div><div class="spacer battle-history"><br></div><div class="battle-history">donphil sent out <strong>Krookodile</strong>!<br></div><div class="battle-history"><small>[The opposing Krookodile's Intimidate]</small><br></div><div class="battle-history"><small>[Mettaton's Clear Body]</small><br><small>Mettaton's stats were not lowered!</small><br></div><div class="spacer battle-history"><br></div><h2 class="battle-history">Turn 17</h2><div class="spacer battle-history"><br></div><div class="battle-history">Mettaton, come back!<br></div><div class="battle-history">Go! Rose (<strong>Lilligant</strong>)!<br></div><div class="spacer battle-history"><br></div><div class="battle-history">The opposing Krookodile used <strong>Earthquake</strong>!<br></div><div class="battle-history"><small>It's not very effective...</small><br></div><div class="battle-history"><small>(Rose lost <abbr title="−104/281">37.0%</abbr> of its health!)</small><br></div><div class="spacer battle-history"><br></div><div class="battle-history"><small>Rose restored a little HP using its Leftovers!</small><br></div><div class="spacer battle-history"><br></div><h2 class="battle-history">Turn 18</h2><div class="spacer battle-history"><br></div><div class="battle-history">donphil withdrew Krookodile!<br></div><div class="battle-history">donphil sent out <strong>Infernape</strong>!<br></div><div class="spacer battle-history"><br></div><div class="battle-history">Rose used <strong>Giga Drain</strong>!<br></div><div class="battle-history"><small>It's not very effective...</small><br></div><div class="battle-history"><small>(The opposing Infernape lost <abbr title="−80/293">27.3%</abbr> of its health!)</small><br></div><div class="battle-history"><small>The opposing Infernape had its energy drained!</small><br></div><div class="spacer battle-history"><br></div><div class="battle-history"><small>Rose restored a little HP using its Leftovers!</small><br></div><div class="spacer battle-history"><br></div><h2 class="battle-history">Turn 19</h2><div class="spacer battle-history"><br></div><div class="battle-history">Rose, come back!<br></div><div class="battle-history">Go! Creed (<strong>Regirock</strong>)!<br></div><div class="spacer battle-history"><br></div><div class="battle-history">The opposing Infernape used <strong>Close Combat</strong>!<br></div><div class="battle-history"><small>It's super effective!</small><br></div><div class="battle-history"><small>(Creed lost <abbr title="−206/364">56.6%</abbr> of its health!)</small><br></div><div class="battle-history"><small>The opposing Infernape's Defense fell!</small><br></div><div class="battle-history"><small>The opposing Infernape's Special Defense fell!</small><br></div><div class="spacer battle-history"><br></div><h2 class="battle-history">Turn 20</h2><div class="spacer battle-history"><br></div><div class="battle-history">The opposing Infernape used <strong>Close Combat</strong>!<br></div><div class="battle-history"><small>It's super effective!</small><br></div><div class="battle-history"><small>(Creed lost <abbr title="−116/364">31.9%</abbr> of its health!)</small><br></div><div class="battle-history"><small>The opposing Infernape's Defense fell!</small><br></div><div class="battle-history"><small>The opposing Infernape's Special Defense fell!</small><br></div><div class="spacer battle-history"><br></div><div class="battle-history">Creed fainted!<br></div><div class="spacer battle-history"><br></div><div class="battle-history">Go! Shocker (<strong>Jolteon</strong>)!<br></div><div class="spacer battle-history"><br></div><h2 class="battle-history">Turn 21</h2><div class="spacer battle-history"><br></div><div class="battle-history">The opposing Infernape used <strong>Close Combat</strong>!<br></div><div class="battle-history"><small>(Shocker lost <abbr title="−261/271">96.3%</abbr> of its health!)</small><br></div><div class="battle-history"><small>The opposing Infernape's Defense fell!</small><br></div><div class="battle-history"><small>The opposing Infernape's Special Defense fell!</small><br></div><div class="spacer battle-history"><br></div><div class="battle-history">Shocker used <strong>Thunderbolt</strong>!<br></div><div class="battle-history"><small>(The opposing Infernape lost <abbr title="−30/293">10.2%</abbr> of its health!)</small><br></div><div class="spacer battle-history"><br></div><div class="battle-history">The opposing Infernape fainted!<br></div><div class="spacer battle-history"><br></div><div class="battle-history"><small>Shocker restored a little HP using its Leftovers!</small><br></div><div class="spacer battle-history"><br></div><div class="battle-history">donphil sent out <strong>Krookodile</strong>!<br></div><div class="battle-history"><small>[The opposing Krookodile's Intimidate]</small><br></div><div class="battle-history"><small>Shocker's Attack fell!</small><br></div><div class="spacer battle-history"><br></div><h2 class="battle-history">Turn 22</h2><div class="spacer battle-history"><br></div><div class="battle-history"><small>(Shocker is being withdrawn...)</small><br></div><div class="spacer battle-history"><br></div><div class="battle-history">The opposing Krookodile used <strong>Pursuit</strong>!<br></div><div class="battle-history"><small>(Shocker lost <abbr title="−26/271">9.6%</abbr> of its health!)</small><br></div><div class="spacer battle-history"><br></div><div class="battle-history">Shocker fainted!<br></div><div class="spacer battle-history"><br></div><div class="battle-history">Go! Rose (<strong>Lilligant</strong>)!<br></div><div class="spacer battle-history"><br></div><h2 class="battle-history">Turn 23</h2><div class="spacer battle-history"><br></div><div class="battle-history">The opposing Krookodile used <strong>Knock Off</strong>!<br></div><div class="battle-history"><small>(Rose lost <abbr title="−229/281">81.5%</abbr> of its health!)</small><br></div><div class="battle-history"><small>The opposing Krookodile knocked off Rose's Leftovers!</small><br></div><div class="spacer battle-history"><br></div><div class="battle-history">Rose used <strong>Giga Drain</strong>!<br></div><div class="battle-history"><small>It's super effective!</small><br></div><div class="battle-history"><small>(The opposing Krookodile lost <abbr title="−326/331">98.5%</abbr> of its health!)</small><br></div><div class="battle-history"><small>The opposing Krookodile had its energy drained!</small><br></div><div class="spacer battle-history"><br></div><h2 class="battle-history">Turn 24</h2><div class="spacer battle-history"><br></div><div class="battle-history">The opposing Krookodile used <strong>Knock Off</strong>!<br></div><div class="battle-history"><small>(Rose lost <abbr title="−171/281">60.9%</abbr> of its health!)</small><br></div><div class="spacer battle-history"><br></div><div class="battle-history">Rose used <strong>Energy Ball</strong>!<br></div><div class="battle-history"><small>It's super effective!</small><br></div><div class="battle-history"><small>(The opposing Krookodile lost <abbr title="−5/331">1.5%</abbr> of its health!)</small><br></div><div class="spacer battle-history"><br></div><div class="battle-history">The opposing Krookodile fainted!<br></div><div class="spacer battle-history"><br></div><div class="battle-history">donphil sent out <strong>Suicune</strong>!<br></div><div class="battle-history"><small>[The opposing Suicune's Pressure]</small><br><small>The opposing Suicune is exerting its pressure!</small><br></div><div class="spacer battle-history"><br></div><h2 class="battle-history">Turn 25</h2><div class="spacer battle-history"><br></div><div class="battle-history">Rose used <strong>Giga Drain</strong>!<br></div><div class="battle-history"><small>It's super effective!</small><br></div><div class="battle-history"><small>(The opposing Suicune lost <abbr title="−194/404">48.0%</abbr> of its health!)</small><br></div><div class="battle-history"><small>The opposing Suicune had its energy drained!</small><br></div><div class="spacer battle-history"><br></div><div class="battle-history">The opposing Suicune used <strong>Scald</strong>!<br></div><div class="battle-history"><small>It's not very effective...</small><br></div><div class="battle-history"><small>(Rose lost <abbr title="−54/281">19.2%</abbr> of its health!)</small><br></div><div class="spacer battle-history"><br></div><div class="battle-history"><small>The opposing Suicune restored a little HP using its Leftovers!</small><br></div><div class="spacer battle-history"><br></div><h2 class="battle-history">Turn 26</h2><div class="spacer battle-history"><br></div><div class="battle-history">Rose used <strong>Giga Drain</strong>!<br></div><div class="battle-history"><small>It's super effective!</small><br></div><div class="battle-history"><small>(The opposing Suicune lost <abbr title="−44/404">10.9%</abbr> of its health!)</small><br></div><div class="battle-history"><small>The opposing Suicune had its energy drained!</small><br></div><div class="spacer battle-history"><br></div><div class="battle-history">The opposing Suicune fainted!<br></div><div class="spacer battle-history"><br></div><div class="battle-history"><small>donphil forfeited.</small><br></div><div class="spacer battle-history"><br></div><div class="battle-history"><strong>wiimanlymen</strong> won the battle!<br></div><div class="chat"><small>donphil left.</small></div><div class="chat">wiimanlymen's rating: 1000 → <strong>1044</strong><br>(+44 for winning)</div><div class="chat">donphil's rating: 1036 → <strong>1019</strong><br>(-17 for losing)</div><div class="chat"><small>Stroak_of_Luck left.</small></div></div><div class="inner-preempt"></div></div></div>
</div>
<script>
let daily = Math.floor(Date.now()/1000/60/60/24);document.write('<script src="https://play.pokemonshowdown.com/js/replay-embed.js?version'+daily+'"></'+'script>');
</script>
