<!DOCTYPE html>
<meta charset="utf-8" />
<!-- version 1 -->
<title>UU replay: 5fingerdiscount vs. Hydra Dominatus</title>
<style>
html,body {font-family:Verdana, sans-serif;font-size:10pt;margin:0;padding:0;}body{padding:12px 0;} .battle-log {font-family:Verdana, sans-serif;font-size:10pt;} .battle-log-inline {border:1px solid #AAAAAA;background:#EEF2F5;color:black;max-width:640px;margin:0 auto 80px;padding-bottom:5px;} .battle-log .inner {padding:4px 8px 0px 8px;} .battle-log .inner-preempt {padding:0 8px 4px 8px;} .battle-log .inner-after {margin-top:0.5em;} .battle-log h2 {margin:0.5em -8px;padding:4px 8px;border:1px solid #AAAAAA;background:#E0E7EA;border-left:0;border-right:0;font-family:Verdana, sans-serif;font-size:13pt;} .battle-log .chat {vertical-align:middle;padding:3px 0 3px 0;font-size:8pt;} .battle-log .chat strong {color:#40576A;} .battle-log .chat em {padding:1px 4px 1px 3px;color:#000000;font-style:normal;} .chat.mine {background:rgba(0,0,0,0.05);margin-left:-8px;margin-right:-8px;padding-left:8px;padding-right:8px;} .spoiler {color:#BBBBBB;background:#BBBBBB;padding:0px 3px;} .spoiler:hover, .spoiler:active, .spoiler-shown {color:#000000;background:#E2E2E2;padding:0px 3px;} .spoiler a {color:#BBBBBB;} .spoiler:hover a, .spoiler:active a, .spoiler-shown a {color:#2288CC;} .chat code, .chat .spoiler:hover code, .chat .spoiler:active code, .chat .spoiler-shown code {border:1px solid #C0C0C0;background:#EEEEEE;color:black;padding:0 2px;} .chat .spoiler code {border:1px solid #CCCCCC;background:#CCCCCC;color:#CCCCCC;} .battle-log .rated {padding:3px 4px;} .battle-log .rated strong {color:white;background:#89A;padding:1px 4px;border-radius:4px;} .spacer {margin-top:0.5em;} .message-announce {background:#6688AA;color:white;padding:1px 4px 2px;} .message-announce a, .broadcast-green a, .broadcast-blue a, .broadcast-red a {color:#DDEEFF;} .broadcast-green {background-color:#559955;color:white;padding:2px 4px;} .broadcast-blue {background-color:#6688AA;color:white;padding:2px 4px;} .infobox {border:1px solid #6688AA;padding:2px 4px;} .infobox-limited {max-height:200px;overflow:auto;overflow-x:hidden;} .broadcast-red {background-color:#AA5544;color:white;padding:2px 4px;} .message-learn-canlearn {font-weight:bold;color:#228822;text-decoration:underline;} .message-learn-cannotlearn {font-weight:bold;color:#CC2222;text-decoration:underline;} .message-effect-weak {font-weight:bold;color:#CC2222;} .message-effect-resist {font-weight:bold;color:#6688AA;} .message-effect-immune {font-weight:bold;color:#666666;} .message-learn-list {margin-top:0;margin-bottom:0;} .message-throttle-notice, .message-error {color:#992222;} .message-overflow, .chat small.message-overflow {font-size:0pt;} .message-overflow::before {font-size:9pt;content:'...';} .subtle {color:#3A4A66;}
</style>
<div class="wrapper replay-wrapper" style="max-width:1180px;margin:0 auto">
<input type="hidden" name="replayid" value="uu-563328089" />
<div class="battle"></div><div class="battle-log"></div><div class="replay-controls"></div><div class="replay-controls-2"></div>
<h1 style="font-weight:normal;text-align:center"><strong>UU</strong><br /><a href="http://pokemonshowdown.com/users/5fingerdiscount" class="subtle" target="_blank">5fingerdiscount</a> vs. <a href="http://pokemonshowdown.com/users/hydradominatus" class="subtle" target="_blank">Hydra Dominatus</a></h1>
<script type="text/plain" class="battle-log-data">|j|5fingerdiscount
|j|Hydra Dominatus
|player|p1|5fingerdiscount|126
|player|p2|Hydra Dominatus|240
|gametype|singles
|gen|6
|tier|UU
|rated
|seed|39820,63017,58371,60785
|rule|Sleep Clause Mod: Limit one foe put to sleep
|rule|Species Clause: Limit one of each Pokémon
|rule|OHKO Clause: OHKO moves are banned
|rule|Moody Clause: Moody is banned
|rule|Evasion Moves Clause: Evasion moves are banned
|rule|Endless Battle Clause: Forcing endless battles is banned
|rule|HP Percentage Mod: HP is shown in percentages
|clearpoke
|poke|p1|Snorlax, M|item
|poke|p1|Espeon, F|item
|poke|p1|Cloyster, F|item
|poke|p1|Shaymin|item
|poke|p1|Chandelure, M|item
|poke|p1|Toxicroak, M|item
|poke|p2|Banette, M, shiny|item
|poke|p2|Infernape, M, shiny|item
|poke|p2|Haxorus, M, shiny|item
|poke|p2|Chatot, M, shiny|item
|poke|p2|Yanmega, M, shiny|item
|poke|p2|Lucario, M|item
|rule|Swagger Clause: Swagger is banned
|rule|Baton Pass Clause: Limit one Baton Passer, can't pass Spe and other stats simultaneously
|teampreview
|choice|team 6, team 2, team 3, team 4, team 5, team 1|team 2, team 1, team 3, team 4, team 5, team 6
|
|start
|switch|p1a: Toxicroak|Toxicroak, M|370\/370
|switch|p2a: Infernape|Infernape, M, shiny|294\/294
|turn|1
|choice|move fakeout|move stealthrock
|
|move|p1a: Toxicroak|Fake Out|p2a: Infernape
|-damage|p2a: Infernape|234\/294
|cant|p2a: Infernape|flinch
|
|upkeep
|turn|2
|choice|move drainpunch|move stealthrock
|
|move|p2a: Infernape|Stealth Rock|p1a: Toxicroak
|-sidestart|p1: 5fingerdiscount|move: Stealth Rock
|move|p1a: Toxicroak|Drain Punch|p2a: Infernape
|-crit|p2a: Infernape
|-damage|p2a: Infernape|0 fnt
|faint|p2a: Infernape
|
|upkeep
|choice||switch 5
|
|switch|p2a: Yanmega|Yanmega, M, shiny|314\/314
|turn|3
|choice|switch 5|move airslash
|
|switch|p1a: Chandelure|Chandelure, M|261\/261
|-damage|p1a: Chandelure|196\/261|[from] Stealth Rock
|move|p2a: Yanmega|Air Slash|p1a: Chandelure
|-damage|p1a: Chandelure|21\/261
|-damage|p2a: Yanmega|283\/314|[from] item: Life Orb
|
|-ability|p2a: Yanmega|Speed Boost|boost
|-boost|p2a: Yanmega|spe|1
|upkeep
|turn|4
|choice|move flamethrower|move bugbuzz
|
|move|p2a: Yanmega|Bug Buzz|p1a: Chandelure
|-resisted|p1a: Chandelure
|-damage|p1a: Chandelure|0 fnt
|-damage|p2a: Yanmega|252\/314|[from] item: Life Orb
|faint|p1a: Chandelure
|
|-ability|p2a: Yanmega|Speed Boost|boost
|-boost|p2a: Yanmega|spe|1
|upkeep
|l|5fingerdiscount
|player|p1|
|-message|5fingerdiscount lost due to inactivity.
|
|win|Hydra Dominatus
|raw|5fingerdiscount's rating: 1203 &rarr; <strong>1189<\/strong><br \/>(-14 for losing)
|raw|Hydra Dominatus's rating: 1368 &rarr; <strong>1379<\/strong><br \/>(+11 for winning)</script>
</div>
<div class="battle-log battle-log-inline"><div class="inner"><div class="battle-options"></div><div class="inner"><div class="chat"><small>5fingerdiscount joined.</small></div><div class="chat"><small>Hydra Dominatus joined.</small></div><div class=""><small>Format:</small> <br><strong>UU</strong></div><div class="rated"><strong>Rated battle</strong></div><div class=""><small><em>Sleep Clause Mod:</em> Limit one foe put to sleep</small></div><div class=""><small><em>Species Clause:</em> Limit one of each Pokémon</small></div><div class=""><small><em>OHKO Clause:</em> OHKO moves are banned</small></div><div class=""><small><em>Moody Clause:</em> Moody is banned</small></div><div class=""><small><em>Evasion Moves Clause:</em> Evasion moves are banned</small></div><div class=""><small><em>Endless Battle Clause:</em> Forcing endless battles is banned</small></div><div class=""><small><em>HP Percentage Mod:</em> HP is shown in percentages</small></div><div class=""><small><em>Swagger Clause:</em> Swagger is banned</small></div><div class=""><small><em>Baton Pass Clause:</em> Limit one Baton Passer, can't pass Spe and other stats simultaneously</small></div><div class="chat battle-history"><strong>5fingerdiscount's team:</strong> <em style="color:#445566;display:block;">Snorlax / Espeon / Cloyster / Shaymin / Chandelure / Toxicroak</em></div><div class="chat battle-history"><strong>Hydra Dominatus's team:</strong> <em style="color:#445566;display:block;">Banette / Infernape / Haxorus / Chatot / Yanmega / Lucario</em></div><div class="spacer battle-history"><br></div><div class="battle-history">Battle started between 5fingerdiscount and Hydra Dominatus!<br></div><div class="spacer battle-history"><br></div><div class="battle-history">Go! <strong>Toxicroak</strong>!<br></div><div class="spacer battle-history"><br></div><div class="battle-history">Hydra Dominatus sent out <strong>Infernape</strong>!<br></div><div class="spacer battle-history"><br></div><h2 class="battle-history">Turn 1</h2><div class="spacer battle-history"><br></div><div class="battle-history">Toxicroak used <strong>Fake Out</strong>!<br></div><div class="battle-history"><small>(The opposing Infernape lost <abbr title="−60/294">20.4%</abbr> of its health!)</small><br></div><div class="spacer battle-history"><br></div><div class="battle-history">The opposing Infernape flinched and couldn't move!<br></div><div class="spacer battle-history"><br></div><h2 class="battle-history">Turn 2</h2><div class="spacer battle-history"><br></div><div class="battle-history">The opposing Infernape used <strong>Stealth Rock</strong>!<br></div><div class="battle-history"><small>Pointed stones float in the air around your team!</small><br></div><div class="spacer battle-history"><br></div><div class="battle-history">Toxicroak used <strong>Drain Punch</strong>!<br></div><div class="battle-history"><small>A critical hit!</small><br></div><div class="battle-history"><small>(The opposing Infernape lost <abbr title="−234/294">79.6%</abbr> of its health!)</small><br></div><div class="spacer battle-history"><br></div><div class="battle-history">The opposing Infernape fainted!<br></div><div class="spacer battle-history"><br></div><div class="battle-history">Hydra Dominatus sent out <strong>Yanmega</strong>!<br></div><div class="spacer battle-history"><br></div><h2 class="battle-history">Turn 3</h2><div class="spacer battle-history"><br></div><div class="battle-history">Toxicroak, come back!<br></div><div class="battle-history">Go! <strong>Chandelure</strong>!<br></div><div class="battle-history"><small>Pointed stones dug into Chandelure!</small><br></div><div class="spacer battle-history"><br></div><div class="battle-history">The opposing Yanmega used <strong>Air Slash</strong>!<br></div><div class="battle-history"><small>(Chandelure lost <abbr title="−175/261">67.0%</abbr> of its health!)</small><br></div><div class="battle-history"><small>The opposing Yanmega lost some of its HP!</small><br></div><div class="spacer battle-history"><br></div><div class="battle-history"><small>[The opposing Yanmega's Speed Boost]</small><br></div><div class="battle-history"><small>The opposing Yanmega's Speed rose!</small><br></div><div class="spacer battle-history"><br></div><h2 class="battle-history">Turn 4</h2><div class="spacer battle-history"><br></div><div class="battle-history">The opposing Yanmega used <strong>Bug Buzz</strong>!<br></div><div class="battle-history"><small>It's not very effective...</small><br></div><div class="battle-history"><small>(Chandelure lost <abbr title="−21/261">8.0%</abbr> of its health!)</small><br></div><div class="battle-history"><small>The opposing Yanmega lost some of its HP!</small><br></div><div class="spacer battle-history"><br></div><div class="battle-history">Chandelure fainted!<br></div><div class="spacer battle-history"><br></div><div class="battle-history"><small>[The opposing Yanmega's Speed Boost]</small><br></div><div class="battle-history"><small>The opposing Yanmega's Speed rose!</small><br></div><div class="chat"><small>5fingerdiscount left.</small></div><div class="spacer battle-history"><br></div><div class="battle-history"><small>5fingerdiscount lost due to inactivity.</small><br></div><div class="spacer battle-history"><br></div><div class="battle-history"><strong>Hydra Dominatus</strong> won the battle!<br></div><div class="chat">5fingerdiscount's rating: 1203 → <strong>1189</strong><br>(-14 for losing)</div><div class="chat">Hydra Dominatus's rating: 1368 → <strong>1379</strong><br>(+11 for winning)</div></div><div class="inner-preempt"></div></div></div>
</div>
<script>
let daily = Math.floor(Date.now()/1000/60/60/24);document.write('<script src="https://play.pokemonshowdown.com/js/replay-embed.js?version'+daily+'"></'+'script>');
</script>
