<!DOCTYPE html>
<meta charset="utf-8" />
<!-- version 1 -->
<title>UU replay: GotenRed vs. PanquecaComDolly</title>
<style>
html,body {font-family:Verdana, sans-serif;font-size:10pt;margin:0;padding:0;}body{padding:12px 0;} .battle-log {font-family:Verdana, sans-serif;font-size:10pt;} .battle-log-inline {border:1px solid #AAAAAA;background:#EEF2F5;color:black;max-width:640px;margin:0 auto 80px;padding-bottom:5px;} .battle-log .inner {padding:4px 8px 0px 8px;} .battle-log .inner-preempt {padding:0 8px 4px 8px;} .battle-log .inner-after {margin-top:0.5em;} .battle-log h2 {margin:0.5em -8px;padding:4px 8px;border:1px solid #AAAAAA;background:#E0E7EA;border-left:0;border-right:0;font-family:Verdana, sans-serif;font-size:13pt;} .battle-log .chat {vertical-align:middle;padding:3px 0 3px 0;font-size:8pt;} .battle-log .chat strong {color:#40576A;} .battle-log .chat em {padding:1px 4px 1px 3px;color:#000000;font-style:normal;} .chat.mine {background:rgba(0,0,0,0.05);margin-left:-8px;margin-right:-8px;padding-left:8px;padding-right:8px;} .spoiler {color:#BBBBBB;background:#BBBBBB;padding:0px 3px;} .spoiler:hover, .spoiler:active, .spoiler-shown {color:#000000;background:#E2E2E2;padding:0px 3px;} .spoiler a {color:#BBBBBB;} .spoiler:hover a, .spoiler:active a, .spoiler-shown a {color:#2288CC;} .chat code, .chat .spoiler:hover code, .chat .spoiler:active code, .chat .spoiler-shown code {border:1px solid #C0C0C0;background:#EEEEEE;color:black;padding:0 2px;} .chat .spoiler code {border:1px solid #CCCCCC;background:#CCCCCC;color:#CCCCCC;} .battle-log .rated {padding:3px 4px;} .battle-log .rated strong {color:white;background:#89A;padding:1px 4px;border-radius:4px;} .spacer {margin-top:0.5em;} .message-announce {background:#6688AA;color:white;padding:1px 4px 2px;} .message-announce a, .broadcast-green a, .broadcast-blue a, .broadcast-red a {color:#DDEEFF;} .broadcast-green {background-color:#559955;color:white;padding:2px 4px;} .broadcast-blue {background-color:#6688AA;color:white;padding:2px 4px;} .infobox {border:1px solid #6688AA;padding:2px 4px;} .infobox-limited {max-height:200px;overflow:auto;overflow-x:hidden;} .broadcast-red {background-color:#AA5544;color:white;padding:2px 4px;} .message-learn-canlearn {font-weight:bold;color:#228822;text-decoration:underline;} .message-learn-cannotlearn {font-weight:bold;color:#CC2222;text-decoration:underline;} .message-effect-weak {font-weight:bold;color:#CC2222;} .message-effect-resist {font-weight:bold;color:#6688AA;} .message-effect-immune {font-weight:bold;color:#666666;} .message-learn-list {margin-top:0;margin-bottom:0;} .message-throttle-notice, .message-error {color:#992222;} .message-overflow, .chat small.message-overflow {font-size:0pt;} .message-overflow::before {font-size:9pt;content:'...';} .subtle {color:#3A4A66;}
</style>
<div class="wrapper replay-wrapper" style="max-width:1180px;margin:0 auto">
<input type="hidden" name="replayid" value="uu-568303998" />
<div class="battle"></div><div class="battle-log"></div><div class="replay-controls"></div><div class="replay-controls-2"></div>
<h1 style="font-weight:normal;text-align:center"><strong>UU</strong><br /><a href="http://pokemonshowdown.com/users/gotenred" class="subtle" target="_blank">GotenRed</a> vs. <a href="http://pokemonshowdown.com/users/panquecacomdolly" class="subtle" target="_blank">PanquecaComDolly</a></h1>
<script type="text/plain" class="battle-log-data">|j|GotenRed
|j|PanquecaComDolly
|player|p1|GotenRed|101
|player|p2|PanquecaComDolly|164
|gametype|singles
|gen|6
|tier|UU
|seed|63352,62496,14668,14155
|rule|Sleep Clause Mod: Limit one foe put to sleep
|rule|Species Clause: Limit one of each Pokémon
|rule|OHKO Clause: OHKO moves are banned
|rule|Moody Clause: Moody is banned
|rule|Evasion Moves Clause: Evasion moves are banned
|rule|Endless Battle Clause: Forcing endless battles is banned
|rule|HP Percentage Mod: HP is shown in percentages
|clearpoke
|poke|p1|Conkeldurr, F|item
|poke|p1|Empoleon, F|item
|poke|p1|Gligar, M|item
|poke|p1|Arcanine, F|item
|poke|p1|Vileplume, F|item
|poke|p1|Galvantula, F|item
|poke|p2|Aggron, M, shiny|item
|poke|p2|Arcanine, M, shiny|item
|poke|p2|Conkeldurr, M|item
|poke|p2|Entei, shiny|item
|poke|p2|Cloyster, F|item
|poke|p2|Chesnaught, M|item
|rule|Swagger Clause: Swagger is banned
|rule|Baton Pass Clause: Limit one Baton Passer, can't pass Spe and other stats simultaneously
|teampreview
|j|kelvin11
|c|☆GotenRed|tô com um outro muito ruim, qro nem ver
|choice|team 1, team 2, team 3, team 4, team 5, team 6|team 5, team 2, team 3, team 4, team 1, team 6
|
|start
|switch|p1a: Conkeldurr|Conkeldurr, F|414\/414
|switch|p2a: yo mama|Cloyster, F|241\/241
|turn|1
|c|☆PanquecaComDolly|kkkkkkk
|c|☆GotenRed|esses times são tudo gen 6?
|choice|move machpunch|switch 5
|
|switch|p2a: Heavy Iron|Aggron, M, shiny|344\/344
|move|p1a: Conkeldurr|Mach Punch|p2a: Heavy Iron
|-supereffective|p2a: Heavy Iron
|-damage|p2a: Heavy Iron|110\/344
|-damage|p1a: Conkeldurr|373\/414|[from] item: Life Orb
|
|upkeep
|turn|2
|c|☆GotenRed|isso q nós chamamos de counter?
|c|☆PanquecaComDolly|ss
|c|☆PanquecaComDolly|OLOKO
|c|☆PanquecaComDolly|KI ISSU
|choice|move machpunch|switch 3
|
|switch|p2a: Hi...|Conkeldurr, M|352\/352
|move|p1a: Conkeldurr|Mach Punch|p2a: Hi...
|-damage|p2a: Hi...|261\/352
|-damage|p1a: Conkeldurr|332\/414|[from] item: Life Orb
|
|upkeep
|turn|3
|choice|move knockoff|move icepunch
|
|move|p2a: Hi...|Ice Punch|p1a: Conkeldurr
|-damage|p1a: Conkeldurr|144\/414
|move|p1a: Conkeldurr|Knock Off|p2a: Hi...
|-resisted|p2a: Hi...
|-damage|p2a: Hi...|193\/352
|-enditem|p2a: Hi...|Life Orb|[from] move: Knock Off|[of] p1a: Conkeldurr
|-damage|p1a: Conkeldurr|103\/414|[from] item: Life Orb
|
|upkeep
|turn|4
|c|☆GotenRed|lasquece
|c|☆PanquecaComDolly|fdp
|choice|switch 2|move drainpunch
|
|switch|p1a: Empoleon|Empoleon, F|372\/372
|move|p2a: Hi...|Drain Punch|p1a: Empoleon
|-supereffective|p1a: Empoleon
|-damage|p1a: Empoleon|24\/372
|-heal|p2a: Hi...|352\/352|[from] drain|[of] p1a: Empoleon
|
|-heal|p1a: Empoleon|47\/372|[from] item: Leftovers
|upkeep
|turn|5
|choice|move scald|move machpunch
|
|move|p2a: Hi...|Mach Punch|p1a: Empoleon
|-supereffective|p1a: Empoleon
|-damage|p1a: Empoleon|0 fnt
|faint|p1a: Empoleon
|
|upkeep
|c|☆GotenRed|fdp
|c|☆PanquecaComDolly|bye bye
|c|☆GotenRed|predict
|choice|switch 6|
|
|switch|p1a: Galvantula|Galvantula, F|281\/281
|turn|6
|c|☆GotenRed|acerta
|c|☆GotenRed|agora
|choice|move thunder|move icepunch
|
|move|p1a: Galvantula|Thunder|p2a: Hi...
|-damage|p2a: Hi...|70\/352
|-damage|p1a: Galvantula|253\/281|[from] item: Life Orb
|move|p2a: Hi...|Ice Punch|p1a: Galvantula
|-damage|p1a: Galvantula|32\/281
|
|upkeep
|turn|7
|choice|move voltswitch|move machpunch
|
|move|p2a: Hi...|Mach Punch|p1a: Galvantula
|-resisted|p1a: Galvantula
|-crit|p1a: Galvantula
|-damage|p1a: Galvantula|0 fnt
|faint|p1a: Galvantula
|
|upkeep
|choice|switch 4|
|
|switch|p1a: Arcanine|Arcanine, F|350\/350
|-ability|p1a: Arcanine|Intimidate|boost
|-unboost|p2a: Hi...|atk|1
|turn|8
|c|☆GotenRed|tá bom né?
|c|☆GotenRed|já deu
|c|☆GotenRed|se n murre
|c|☆GotenRed|vai pro inferno
|c|☆PanquecaComDolly|bck
|choice|move extremespeed|move machpunch
|
|move|p1a: Arcanine|Extreme Speed|p2a: Hi...
|-damage|p2a: Hi...|0 fnt
|faint|p2a: Hi...
|
|upkeep
|choice||switch 5
|
|switch|p2a: yo mama|Cloyster, F|241\/241
|turn|9
|choice|move wildcharge|move shellsmash
|
|move|p2a: yo mama|Shell Smash|p2a: yo mama
|-unboost|p2a: yo mama|def|1
|-unboost|p2a: yo mama|spd|1
|-boost|p2a: yo mama|atk|2
|-boost|p2a: yo mama|spa|2
|-boost|p2a: yo mama|spe|2
|-enditem|p2a: yo mama|White Herb
|-clearnegativeboost|p2a: yo mama|[silent]
|move|p1a: Arcanine|Wild Charge|p2a: yo mama
|-supereffective|p2a: yo mama
|-damage|p2a: yo mama|121\/241
|-damage|p1a: Arcanine|320\/350|[from] recoil|[of] p2a: yo mama
|
|-heal|p1a: Arcanine|341\/350|[from] item: Leftovers
|upkeep
|turn|10
|c|☆GotenRed|gg
|choice|switch 5|move rockblast
|
|switch|p1a: Vileplume|Vileplume, F|354\/354
|move|p2a: yo mama|Rock Blast|p1a: Vileplume
|-crit|p1a: Vileplume
|-damage|p1a: Vileplume|267\/354
|-damage|p1a: Vileplume|210\/354
|-damage|p1a: Vileplume|152\/354
|-crit|p1a: Vileplume
|-damage|p1a: Vileplume|59\/354
|-damage|p1a: Vileplume|0 fnt
|-hitcount|p1a: Vileplume|5
|faint|p1a: Vileplume
|
|upkeep
|c|☆PanquecaComDolly|certin
|choice|switch 2|
|
|switch|p1a: Conkeldurr|Conkeldurr, F|103\/414
|turn|11
|c|☆GotenRed|ou não?
|choice|move machpunch|move iciclespear
|
|move|p1a: Conkeldurr|Mach Punch|p2a: yo mama
|-supereffective|p2a: yo mama
|-damage|p2a: yo mama|0 fnt
|-damage|p1a: Conkeldurr|62\/414|[from] item: Life Orb
|faint|p2a: yo mama
|
|upkeep
|c|☆PanquecaComDolly|afz
|choice||switch 2
|
|switch|p2a: <3|Arcanine, M, shiny|321\/321
|turn|12
|j|graschamp
|choice|move machpunch|move extremespeed
|
|move|p2a: <3|Extreme Speed|p1a: Conkeldurr
|-damage|p1a: Conkeldurr|0 fnt
|-damage|p2a: <3|289\/321|[from] item: Life Orb
|faint|p1a: Conkeldurr
|
|upkeep
|l|graschamp
|choice|switch 5|
|
|switch|p1a: Arcanine|Arcanine, F|341\/350
|-ability|p1a: Arcanine|Intimidate|boost
|-unboost|p2a: <3|atk|1
|turn|13
|c|☆GotenRed|life orb?
|c|☆GotenRed|lol
|choice|move extremespeed|switch 4
|
|switch|p2a: God|Entei, shiny|434\/434
|-ability|p2a: God|Pressure
|move|p1a: Arcanine|Extreme Speed|p2a: God
|-damage|p2a: God|329\/434
|
|-heal|p2a: God|356\/434|[from] item: Leftovers
|-heal|p1a: Arcanine|350\/350|[from] item: Leftovers
|upkeep
|turn|14
|choice|switch 3|move sacredfire
|
|switch|p1a: Gligar|Gligar, M|334\/334
|move|p2a: God|Sacred Fire|p1a: Gligar
|-damage|p1a: Gligar|231\/334
|-status|p1a: Gligar|brn
|
|-heal|p2a: God|383\/434|[from] item: Leftovers
|-damage|p1a: Gligar|190\/334 brn|[from] brn
|upkeep
|turn|15
|c|☆PanquecaComDolly|back
|choice|move roost|move ironhead
|
|move|p2a: God|Iron Head|p1a: Gligar
|-damage|p1a: Gligar|134\/334 brn
|move|p1a: Gligar|Roost|p1a: Gligar
|-heal|p1a: Gligar|301\/334 brn
|
|-heal|p2a: God|410\/434|[from] item: Leftovers
|-damage|p1a: Gligar|260\/334 brn|[from] brn
|upkeep
|turn|16
|c|☆PanquecaComDolly|miss click
|choice|move swordsdance|move sacredfire
|
|move|p2a: God|Sacred Fire|p1a: Gligar
|-damage|p1a: Gligar|146\/334 brn
|move|p1a: Gligar|Swords Dance|p1a: Gligar
|-boost|p1a: Gligar|atk|2
|
|-heal|p2a: God|434\/434|[from] item: Leftovers
|-damage|p1a: Gligar|105\/334 brn|[from] brn
|upkeep
|turn|17
|c|☆GotenRed|nuss
|choice|move roost|move sacredfire
|
|move|p2a: God|Sacred Fire|p1a: Gligar
|-damage|p1a: Gligar|0 fnt
|faint|p1a: Gligar
|
|upkeep
|choice|switch 3|
|
|switch|p1a: Arcanine|Arcanine, F|350\/350
|-ability|p1a: Arcanine|Intimidate|boost
|-unboost|p2a: God|atk|1
|turn|18
|choice|move extremespeed|switch 4
|
|switch|p2a: <3|Arcanine, M, shiny|289\/321
|move|p1a: Arcanine|Extreme Speed|p2a: <3
|-damage|p2a: <3|173\/321
|
|upkeep
|turn|19
|choice|move extremespeed|move flareblitz
|
|move|p1a: Arcanine|Extreme Speed|p2a: <3
|-crit|p2a: <3
|-damage|p2a: <3|0 fnt
|faint|p2a: <3
|
|upkeep
|c|☆PanquecaComDolly|CRITOU
|choice||switch 6
|
|switch|p2a: :3|Chesnaught, M|380\/380
|turn|20
|c|☆GotenRed|nooosa
|choice|move morningsun|move spikyshield
|
|move|p2a: :3|Spiky Shield|p2a: :3
|-singleturn|p2a: :3|move: Protect
|move|p1a: Arcanine|Morning Sun|p1a: Arcanine
|
|upkeep
|turn|21
|c|☆PanquecaComDolly|merda
|choice|move flareblitz|move leechseed
|
|move|p1a: Arcanine|Flare Blitz|p2a: :3
|-supereffective|p2a: :3
|-damage|p2a: :3|134\/380
|-damage|p1a: Arcanine|269\/350|[from] recoil|[of] p2a: :3
|move|p2a: :3|Leech Seed|p1a: Arcanine
|-start|p1a: Arcanine|move: Leech Seed
|
|-heal|p1a: Arcanine|290\/350|[from] item: Leftovers
|-heal|p2a: :3|157\/380|[from] item: Leftovers
|-damage|p1a: Arcanine|247\/350|[from] Leech Seed|[of] p2a: :3
|-heal|p2a: :3|200\/380|[silent]
|upkeep
|turn|22
|c|☆PanquecaComDolly|sou mt burro
|choice|move morningsun|move woodhammer
|
|move|p1a: Arcanine|Morning Sun|p1a: Arcanine
|-heal|p1a: Arcanine|350\/350
|move|p2a: :3|Wood Hammer|p1a: Arcanine
|-resisted|p1a: Arcanine
|-damage|p1a: Arcanine|273\/350
|-damage|p2a: :3|175\/380|[from] recoil|[of] p1a: Arcanine
|
|-heal|p1a: Arcanine|294\/350|[from] item: Leftovers
|-heal|p2a: :3|198\/380|[from] item: Leftovers
|-damage|p1a: Arcanine|251\/350|[from] Leech Seed|[of] p2a: :3
|-heal|p2a: :3|241\/380|[silent]
|upkeep
|turn|23
|c|☆GotenRed|que saco
|choice|move flareblitz|move spikyshield
|
|move|p2a: :3|Spiky Shield|p2a: :3
|-singleturn|p2a: :3|move: Protect
|move|p1a: Arcanine|Flare Blitz|p2a: :3
|-activate|p2a: :3|move: Protect
|-damage|p1a: Arcanine|208\/350|[from] Spiky Shield|[of] p2a: :3
|
|-heal|p1a: Arcanine|229\/350|[from] item: Leftovers
|-heal|p2a: :3|264\/380|[from] item: Leftovers
|-damage|p1a: Arcanine|186\/350|[from] Leech Seed|[of] p2a: :3
|-heal|p2a: :3|307\/380|[silent]
|upkeep
|turn|24
|choice|move morningsun|move woodhammer
|
|move|p1a: Arcanine|Morning Sun|p1a: Arcanine
|-heal|p1a: Arcanine|350\/350
|move|p2a: :3|Wood Hammer|p1a: Arcanine
|-resisted|p1a: Arcanine
|-damage|p1a: Arcanine|271\/350
|-damage|p2a: :3|281\/380|[from] recoil|[of] p1a: Arcanine
|
|-heal|p1a: Arcanine|292\/350|[from] item: Leftovers
|-heal|p2a: :3|304\/380|[from] item: Leftovers
|-damage|p1a: Arcanine|249\/350|[from] Leech Seed|[of] p2a: :3
|-heal|p2a: :3|347\/380|[silent]
|upkeep
|turn|25
|c|☆GotenRed|pode ser um pouco mais rápido? tô com fome
|choice|move morningsun|move woodhammer
|
|move|p1a: Arcanine|Morning Sun|p1a: Arcanine
|-heal|p1a: Arcanine|350\/350
|move|p2a: :3|Wood Hammer|p1a: Arcanine
|-resisted|p1a: Arcanine
|-damage|p1a: Arcanine|262\/350
|-damage|p2a: :3|318\/380|[from] recoil|[of] p1a: Arcanine
|
|-heal|p1a: Arcanine|283\/350|[from] item: Leftovers
|-heal|p2a: :3|341\/380|[from] item: Leftovers
|-damage|p1a: Arcanine|240\/350|[from] Leech Seed|[of] p2a: :3
|-heal|p2a: :3|380\/380|[silent]
|upkeep
|turn|26
|choice|move flareblitz|move woodhammer
|
|move|p1a: Arcanine|Flare Blitz|p2a: :3
|-supereffective|p2a: :3
|-damage|p2a: :3|120\/380
|-status|p2a: :3|brn
|-damage|p1a: Arcanine|154\/350|[from] recoil|[of] p2a: :3
|move|p2a: :3|Wood Hammer|p1a: Arcanine
|-resisted|p1a: Arcanine
|-crit|p1a: Arcanine
|-damage|p1a: Arcanine|88\/350
|-damage|p2a: :3|98\/380 brn|[from] recoil|[of] p1a: Arcanine
|
|-heal|p1a: Arcanine|109\/350|[from] item: Leftovers
|-heal|p2a: :3|121\/380 brn|[from] item: Leftovers
|-damage|p1a: Arcanine|66\/350|[from] Leech Seed|[of] p2a: :3
|-heal|p2a: :3|164\/380 brn|[silent]
|-damage|p2a: :3|117\/380 brn|[from] brn
|upkeep
|turn|27
|c| kelvin11|kkkkk
|c|☆PanquecaComDolly|aNOOOOOOSSAAAAAA
|choice|move morningsun|move woodhammer
|
|move|p1a: Arcanine|Morning Sun|p1a: Arcanine
|-heal|p1a: Arcanine|241\/350
|move|p2a: :3|Wood Hammer|p1a: Arcanine
|-resisted|p1a: Arcanine
|-damage|p1a: Arcanine|202\/350
|-damage|p2a: :3|104\/380 brn|[from] recoil|[of] p1a: Arcanine
|
|-heal|p1a: Arcanine|223\/350|[from] item: Leftovers
|-heal|p2a: :3|127\/380 brn|[from] item: Leftovers
|-damage|p1a: Arcanine|180\/350|[from] Leech Seed|[of] p2a: :3
|-heal|p2a: :3|170\/380 brn|[silent]
|-damage|p2a: :3|123\/380 brn|[from] brn
|upkeep
|turn|28
|choice|move morningsun|switch 4
|
|switch|p2a: God|Entei, shiny|434\/434
|-ability|p2a: God|Pressure
|move|p1a: Arcanine|Morning Sun|p1a: Arcanine
|-heal|p1a: Arcanine|350\/350
|
|-damage|p1a: Arcanine|307\/350|[from] Leech Seed|[of] p2a: God
|upkeep
|turn|29
|choice|move extremespeed|move sacredfire
|
|move|p1a: Arcanine|Extreme Speed|p2a: God
|-damage|p2a: God|335\/434
|move|p2a: God|Sacred Fire|p1a: Arcanine
|-resisted|p1a: Arcanine
|-damage|p1a: Arcanine|208\/350
|
|-heal|p2a: God|362\/434|[from] item: Leftovers
|-heal|p1a: Arcanine|229\/350|[from] item: Leftovers
|-damage|p1a: Arcanine|186\/350|[from] Leech Seed|[of] p2a: God
|-heal|p2a: God|405\/434|[silent]
|upkeep
|turn|30
|choice|move morningsun|move sacredfire
|
|move|p2a: God|Sacred Fire|p1a: Arcanine
|-resisted|p1a: Arcanine
|-damage|p1a: Arcanine|80\/350
|move|p1a: Arcanine|Morning Sun|p1a: Arcanine
|-heal|p1a: Arcanine|255\/350
|
|-heal|p2a: God|432\/434|[from] item: Leftovers
|-heal|p1a: Arcanine|276\/350|[from] item: Leftovers
|-damage|p1a: Arcanine|233\/350|[from] Leech Seed|[of] p2a: God
|-heal|p2a: God|434\/434|[silent]
|upkeep
|turn|31
|choice|move wildcharge|move sacredfire
|
|move|p2a: God|Sacred Fire|p1a: Arcanine
|-resisted|p1a: Arcanine
|-damage|p1a: Arcanine|143\/350
|move|p1a: Arcanine|Wild Charge|p2a: God
|-damage|p2a: God|320\/434
|-damage|p1a: Arcanine|114\/350|[from] recoil|[of] p2a: God
|
|-heal|p2a: God|347\/434|[from] item: Leftovers
|-heal|p1a: Arcanine|135\/350|[from] item: Leftovers
|-damage|p1a: Arcanine|92\/350|[from] Leech Seed|[of] p2a: God
|-heal|p2a: God|390\/434|[silent]
|upkeep
|turn|32
|c|☆GotenRed|tô muito tempo no pc
|choice|move morningsun|move extremespeed
|
|move|p2a: God|Extreme Speed|p1a: Arcanine
|-damage|p1a: Arcanine|0 fnt
|faint|p1a: Arcanine
|
|win|PanquecaComDolly
|c|☆GotenRed|caralho
|l|GotenRed
|c|☆PanquecaComDolly|asuhaus
|c| kelvin11|acabou
|c| kelvin11|kkkkkkkkkkkkkkkk
|l|PanquecaComDolly
|c| kelvin11|fui o único que não sai
|c| kelvin11|ebaaaaaaaaaaaaaaaaaaaaaaaaaaaaaaaaa
|c| kelvin11|ebaaaaaaaaaaaaaaaaaaaaaaaaaaaaaaaaa
|c| kelvin11|ebaaaaaaaaaaaaaaaaaaaaaaaaaaaaaaaaa
|c| kelvin11|ebaaaaaaaaaaaaaaaaaaaaaaaaaaaaaaaaa
|c| kelvin11|ebaaaaaaaaaaaaaaaaaaaaaaaaaaaaaaaaa
|c| kelvin11|fui o único que não sai
|c| kelvin11|fui o único que não sai
|c| kelvin11|fui o único que não sai
|c| kelvin11|ebaaaaaaaaaaaaaaaaaaaaaaaaaaaaaaaaa
|c| kelvin11|ebaaaaaaaaaaaaaaaaaaaaaaaaaaaaaaaaa
|c| kelvin11|ebaaaaaaaaaaaaaaaaaaaaaaaaaaaaaaaaa
|c| kelvin11|ebaaaaaaaaaaaaaaaaaaaaaaaaaaaaaaaaa
|c| kelvin11|ebaaaaaaaaaaaaaaaaaaaaaaaaaaaaaaaaa
|c| kelvin11|ebaaaaaaaaaaaaaaaaaaaaaaaaaaaaaaaaa
|c| kelvin11|ebaaaaaaaaaaaaaaaaaaaaaaaaaaaaaaaaa
|c| kelvin11|ebaaaaaaaaaaaaaaaaaaaaaaaaaaaaaaaaa
|c| kelvin11|ebaaaaaaaaaaaaaaaaaaaaaaaaaaaaaaaaa
|c| kelvin11|ebaaaaaaaaaaaaaaaaaaaaaaaaaaaaaaaaa
|c| kelvin11|ebaaaaaaaaaaaaaaaaaaaaaaaaaaaaaaaaa
|c| kelvin11|ebaaaaaaaaaaaaaaaaaaaaaaaaaaaaaaaaa
|c| kelvin11|ebaaaaaaaaaaaaaaaaaaaaaaaaaaaaaaaaa
|c| kelvin11|ebaaaaaaaaaaaaaaaaaaaaaaaaaaaaaaaaa
|c| kelvin11|ebaaaaaaaaaaaaaaaaaaaaaaaaaaaaaaaaa
|c| kelvin11|ebaaaaaaaaaaaaaaaaaaaaaaaaaaaaaaaaa
|c| kelvin11|ebaaaaaaaaaaaaaaaaaaaaaaaaaaaaaaaaa
|c| kelvin11|ebaaaaaaaaaaaaaaaaaaaaaaaaaaaaaaaaa
|c| kelvin11|ebaaaaaaaaaaaaaaaaaaaaaaaaaaaaaaaaa
|c| kelvin11|ebaaaaaaaaaaaaaaaaaaaaaaaaaaaaaaaaa
|c| kelvin11|ebaaaaaaaaaaaaaaaaaaaaaaaaaaaaaaaaa
|c| kelvin11|ebaaaaaaaaaaaaaaaaaaaaaaaaaaaaaaaaa
|c| kelvin11|ebaaaaaaaaaaaaaaaaaaaaaaaaaaaaaaaaa
|c| kelvin11|ebaaaaaaaaaaaaaaaaaaaaaaaaaaaaaaaaa
|c| kelvin11|ebaaaaaaaaaaaaaaaaaaaaaaaaaaaaaaaaa
|c| kelvin11|ebaaaaaaaaaaaaaaaaaaaaaaaaaaaaaaaaa
|c| kelvin11|fui o único que não sai
|c| kelvin11|fui o único que não sai
|c| kelvin11|fui o único que não sai
|c| kelvin11|ebaaaaaaaaaaaaaaaaaaaaaaaaaaaaaaaaa
|c| kelvin11|ebaaaaaaaaaaaaaaaaaaaaaaaaaaaaaaaaa
|c| kelvin11|ebaaaaaaaaaaaaaaaaaaaaaaaaaaaaaaaaa
|c| kelvin11|ebaaaaaaaaaaaaaaaaaaaaaaaaaaaaaaaaa
|c| kelvin11|ebaaaaaaaaaaaaaaaaaaaaaaaaaaaaaaaaa
|c| kelvin11|ebaaaaaaaaaaaaaaaaaaaaaaaaaaaaaaaaa
|c| kelvin11|olouco</script>
</div>
<div class="battle-log battle-log-inline"><div class="inner"><div class="battle-options"></div><div class="inner"><div class="chat"><small>GotenRed joined.</small></div><div class="chat"><small>PanquecaComDolly joined.</small></div><div class=""><small>Format:</small> <br><strong>UU</strong></div><div class=""><small><em>Sleep Clause Mod:</em> Limit one foe put to sleep</small></div><div class=""><small><em>Species Clause:</em> Limit one of each Pokémon</small></div><div class=""><small><em>OHKO Clause:</em> OHKO moves are banned</small></div><div class=""><small><em>Moody Clause:</em> Moody is banned</small></div><div class=""><small><em>Evasion Moves Clause:</em> Evasion moves are banned</small></div><div class=""><small><em>Endless Battle Clause:</em> Forcing endless battles is banned</small></div><div class=""><small><em>HP Percentage Mod:</em> HP is shown in percentages</small></div><div class=""><small><em>Swagger Clause:</em> Swagger is banned</small></div><div class=""><small><em>Baton Pass Clause:</em> Limit one Baton Passer, can't pass Spe and other stats simultaneously</small></div><div class="chat battle-history"><strong>GotenRed's team:</strong> <em style="color:#445566;display:block;">Conkeldurr / Empoleon / Gligar / Arcanine / Vileplume / Galvantula</em></div><div class="chat battle-history"><strong>PanquecaComDolly's team:</strong> <em style="color:#445566;display:block;">Aggron / Arcanine / Conkeldurr / Entei / Cloyster / Chesnaught</em></div><div class="chat"><small>kelvin11 joined.</small></div><div class="chat chatmessage-gotenred"><strong style="color:hsl(69,62%,32%)"><small>☆</small><span class="username" data-name="GotenRed">GotenRed</span>:</strong> <em>tô com um outro muito ruim, qro nem ver</em></div><div class="spacer battle-history"><br></div><div class="battle-history">Battle started between GotenRed and PanquecaComDolly!<br></div><div class="spacer battle-history"><br></div><div class="battle-history">Go! <strong>Conkeldurr</strong>!<br></div><div class="spacer battle-history"><br></div><div class="battle-history">PanquecaComDolly sent out yo mama (<strong>Cloyster</strong>)!<br></div><div class="spacer battle-history"><br></div><h2 class="battle-history">Turn 1</h2><div class="chat chatmessage-panquecacomdolly"><strong style="color:hsl(55,53%,41.89814306271232%)"><small>☆</small><span class="username" data-name="PanquecaComDolly">PanquecaComDolly</span>:</strong> <em>kkkkkkk</em></div><div class="chat chatmessage-gotenred"><strong style="color:hsl(69,62%,32%)"><small>☆</small><span class="username" data-name="GotenRed">GotenRed</span>:</strong> <em>esses times são tudo gen 6?</em></div><div class="spacer battle-history"><br></div><div class="battle-history">PanquecaComDolly withdrew yo mama!<br></div><div class="battle-history">PanquecaComDolly sent out Heavy Iron (<strong>Aggron</strong>)!<br></div><div class="spacer battle-history"><br></div><div class="battle-history">Conkeldurr used <strong>Mach Punch</strong>!<br></div><div class="battle-history"><small>It's super effective!</small><br></div><div class="battle-history"><small>(The opposing Heavy Iron lost <abbr title="−234/344">68.0%</abbr> of its health!)</small><br></div><div class="battle-history"><small>Conkeldurr lost some of its HP!</small><br></div><div class="spacer battle-history"><br></div><h2 class="battle-history">Turn 2</h2><div class="chat chatmessage-gotenred"><strong style="color:hsl(69,62%,32%)"><small>☆</small><span class="username" data-name="GotenRed">GotenRed</span>:</strong> <em>isso q nós chamamos de counter?</em></div><div class="chat chatmessage-panquecacomdolly"><strong style="color:hsl(55,53%,41.89814306271232%)"><small>☆</small><span class="username" data-name="PanquecaComDolly">PanquecaComDolly</span>:</strong> <em>ss</em></div><div class="chat chatmessage-panquecacomdolly"><strong style="color:hsl(55,53%,41.89814306271232%)"><small>☆</small><span class="username" data-name="PanquecaComDolly">PanquecaComDolly</span>:</strong> <em>OLOKO</em></div><div class="chat chatmessage-panquecacomdolly"><strong style="color:hsl(55,53%,41.89814306271232%)"><small>☆</small><span class="username" data-name="PanquecaComDolly">PanquecaComDolly</span>:</strong> <em>KI ISSU</em></div><div class="spacer battle-history"><br></div><div class="battle-history">PanquecaComDolly withdrew Heavy Iron!<br></div><div class="battle-history">PanquecaComDolly sent out Hi... (<strong>Conkeldurr</strong>)!<br></div><div class="spacer battle-history"><br></div><div class="battle-history">Conkeldurr used <strong>Mach Punch</strong>!<br></div><div class="battle-history"><small>(The opposing Hi... lost <abbr title="−91/352">25.9%</abbr> of its health!)</small><br></div><div class="battle-history"><small>Conkeldurr lost some of its HP!</small><br></div><div class="spacer battle-history"><br></div><h2 class="battle-history">Turn 3</h2><div class="spacer battle-history"><br></div><div class="battle-history">The opposing Hi... used <strong>Ice Punch</strong>!<br></div><div class="battle-history"><small>(Conkeldurr lost <abbr title="−188/414">45.4%</abbr> of its health!)</small><br></div><div class="spacer battle-history"><br></div><div class="battle-history">Conkeldurr used <strong>Knock Off</strong>!<br></div><div class="battle-history"><small>It's not very effective...</small><br></div><div class="battle-history"><small>(The opposing Hi... lost <abbr title="−68/352">19.3%</abbr> of its health!)</small><br></div><div class="battle-history"><small>Conkeldurr knocked off the opposing Hi...'s Life Orb!</small><br></div><div class="battle-history"><small>Conkeldurr lost some of its HP!</small><br></div><div class="spacer battle-history"><br></div><h2 class="battle-history">Turn 4</h2><div class="chat chatmessage-gotenred"><strong style="color:hsl(69,62%,32%)"><small>☆</small><span class="username" data-name="GotenRed">GotenRed</span>:</strong> <em>lasquece</em></div><div class="chat chatmessage-panquecacomdolly"><strong style="color:hsl(55,53%,41.89814306271232%)"><small>☆</small><span class="username" data-name="PanquecaComDolly">PanquecaComDolly</span>:</strong> <em>fdp</em></div><div class="spacer battle-history"><br></div><div class="battle-history">Conkeldurr, come back!<br></div><div class="battle-history">Go! <strong>Empoleon</strong>!<br></div><div class="spacer battle-history"><br></div><div class="battle-history">The opposing Hi... used <strong>Drain Punch</strong>!<br></div><div class="battle-history"><small>It's super effective!</small><br></div><div class="battle-history"><small>(Empoleon lost <abbr title="−348/372">93.5%</abbr> of its health!)</small><br></div><div class="battle-history"><small>Empoleon had its energy drained!</small><br></div><div class="spacer battle-history"><br></div><div class="battle-history"><small>Empoleon restored a little HP using its Leftovers!</small><br></div><div class="spacer battle-history"><br></div><h2 class="battle-history">Turn 5</h2><div class="spacer battle-history"><br></div><div class="battle-history">The opposing Hi... used <strong>Mach Punch</strong>!<br></div><div class="battle-history"><small>It's super effective!</small><br></div><div class="battle-history"><small>(Empoleon lost <abbr title="−47/372">12.6%</abbr> of its health!)</small><br></div><div class="spacer battle-history"><br></div><div class="battle-history">Empoleon fainted!<br></div><div class="chat chatmessage-gotenred"><strong style="color:hsl(69,62%,32%)"><small>☆</small><span class="username" data-name="GotenRed">GotenRed</span>:</strong> <em>fdp</em></div><div class="chat chatmessage-panquecacomdolly"><strong style="color:hsl(55,53%,41.89814306271232%)"><small>☆</small><span class="username" data-name="PanquecaComDolly">PanquecaComDolly</span>:</strong> <em>bye bye</em></div><div class="chat chatmessage-gotenred"><strong style="color:hsl(69,62%,32%)"><small>☆</small><span class="username" data-name="GotenRed">GotenRed</span>:</strong> <em>predict</em></div><div class="spacer battle-history"><br></div><div class="battle-history">Go! <strong>Galvantula</strong>!<br></div><div class="spacer battle-history"><br></div><h2 class="battle-history">Turn 6</h2><div class="chat chatmessage-gotenred"><strong style="color:hsl(69,62%,32%)"><small>☆</small><span class="username" data-name="GotenRed">GotenRed</span>:</strong> <em>acerta</em></div><div class="chat chatmessage-gotenred"><strong style="color:hsl(69,62%,32%)"><small>☆</small><span class="username" data-name="GotenRed">GotenRed</span>:</strong> <em>agora</em></div><div class="spacer battle-history"><br></div><div class="battle-history">Galvantula used <strong>Thunder</strong>!<br></div><div class="battle-history"><small>(The opposing Hi... lost <abbr title="−282/352">80.1%</abbr> of its health!)</small><br></div><div class="battle-history"><small>Galvantula lost some of its HP!</small><br></div><div class="spacer battle-history"><br></div><div class="battle-history">The opposing Hi... used <strong>Ice Punch</strong>!<br></div><div class="battle-history"><small>(Galvantula lost <abbr title="−221/281">78.6%</abbr> of its health!)</small><br></div><div class="spacer battle-history"><br></div><h2 class="battle-history">Turn 7</h2><div class="spacer battle-history"><br></div><div class="battle-history">The opposing Hi... used <strong>Mach Punch</strong>!<br></div><div class="battle-history"><small>It's not very effective...</small><br></div><div class="battle-history"><small>A critical hit!</small><br></div><div class="battle-history"><small>(Galvantula lost <abbr title="−32/281">11.4%</abbr> of its health!)</small><br></div><div class="spacer battle-history"><br></div><div class="battle-history">Galvantula fainted!<br></div><div class="spacer battle-history"><br></div><div class="battle-history">Go! <strong>Arcanine</strong>!<br></div><div class="battle-history"><small>[Arcanine's Intimidate]</small><br></div><div class="battle-history"><small>The opposing Hi...'s Attack fell!</small><br></div><div class="spacer battle-history"><br></div><h2 class="battle-history">Turn 8</h2><div class="chat chatmessage-gotenred"><strong style="color:hsl(69,62%,32%)"><small>☆</small><span class="username" data-name="GotenRed">GotenRed</span>:</strong> <em>tá bom né?</em></div><div class="chat chatmessage-gotenred"><strong style="color:hsl(69,62%,32%)"><small>☆</small><span class="username" data-name="GotenRed">GotenRed</span>:</strong> <em>já deu</em></div><div class="chat chatmessage-gotenred"><strong style="color:hsl(69,62%,32%)"><small>☆</small><span class="username" data-name="GotenRed">GotenRed</span>:</strong> <em>se n murre</em></div><div class="chat chatmessage-gotenred"><strong style="color:hsl(69,62%,32%)"><small>☆</small><span class="username" data-name="GotenRed">GotenRed</span>:</strong> <em>vai pro inferno</em></div><div class="chat chatmessage-panquecacomdolly"><strong style="color:hsl(55,53%,41.89814306271232%)"><small>☆</small><span class="username" data-name="PanquecaComDolly">PanquecaComDolly</span>:</strong> <em>bck</em></div><div class="spacer battle-history"><br></div><div class="battle-history">Arcanine used <strong>Extreme Speed</strong>!<br></div><div class="battle-history"><small>(The opposing Hi... lost <abbr title="−70/352">19.9%</abbr> of its health!)</small><br></div><div class="spacer battle-history"><br></div><div class="battle-history">The opposing Hi... fainted!<br></div><div class="spacer battle-history"><br></div><div class="battle-history">PanquecaComDolly sent out yo mama (<strong>Cloyster</strong>)!<br></div><div class="spacer battle-history"><br></div><h2 class="battle-history">Turn 9</h2><div class="spacer battle-history"><br></div><div class="battle-history">The opposing yo mama used <strong>Shell Smash</strong>!<br></div><div class="battle-history"><small>The opposing yo mama's Defense fell!</small><br></div><div class="battle-history"><small>The opposing yo mama's Special Defense fell!</small><br></div><div class="battle-history"><small>The opposing yo mama's Attack rose sharply!</small><br></div><div class="battle-history"><small>The opposing yo mama's Special Attack rose sharply!</small><br></div><div class="battle-history"><small>The opposing yo mama's Speed rose sharply!</small><br></div><div class="battle-history"><small>The opposing yo mama returned its status to normal using its White Herb!</small><br></div><div class="spacer battle-history"><br></div><div class="battle-history">Arcanine used <strong>Wild Charge</strong>!<br></div><div class="battle-history"><small>It's super effective!</small><br></div><div class="battle-history"><small>(The opposing yo mama lost <abbr title="−120/241">49.8%</abbr> of its health!)</small><br></div><div class="battle-history"><small>Arcanine is damaged by the recoil!</small><br></div><div class="spacer battle-history"><br></div><div class="battle-history"><small>Arcanine restored a little HP using its Leftovers!</small><br></div><div class="spacer battle-history"><br></div><h2 class="battle-history">Turn 10</h2><div class="chat chatmessage-gotenred"><strong style="color:hsl(69,62%,32%)"><small>☆</small><span class="username" data-name="GotenRed">GotenRed</span>:</strong> <em>gg</em></div><div class="spacer battle-history"><br></div><div class="battle-history">Arcanine, come back!<br></div><div class="battle-history">Go! <strong>Vileplume</strong>!<br></div><div class="spacer battle-history"><br></div><div class="battle-history">The opposing yo mama used <strong>Rock Blast</strong>!<br></div><div class="battle-history"><small>A critical hit!</small><br></div><div class="battle-history"><small>(Vileplume lost <abbr title="−87/354">24.6%</abbr> of its health!)</small><br></div><div class="battle-history"><small>(Vileplume lost <abbr title="−57/354">16.1%</abbr> of its health!)</small><br></div><div class="battle-history"><small>(Vileplume lost <abbr title="−58/354">16.4%</abbr> of its health!)</small><br></div><div class="battle-history"><small>A critical hit!</small><br></div><div class="battle-history"><small>(Vileplume lost <abbr title="−93/354">26.3%</abbr> of its health!)</small><br></div><div class="battle-history"><small>(Vileplume lost <abbr title="−59/354">16.7%</abbr> of its health!)</small><br></div><div class="battle-history"><small>Hit 5 times!</small><br></div><div class="spacer battle-history"><br></div><div class="battle-history">Vileplume fainted!<br></div><div class="chat chatmessage-panquecacomdolly"><strong style="color:hsl(55,53%,41.89814306271232%)"><small>☆</small><span class="username" data-name="PanquecaComDolly">PanquecaComDolly</span>:</strong> <em>certin</em></div><div class="spacer battle-history"><br></div><div class="battle-history">Go! <strong>Conkeldurr</strong>!<br></div><div class="spacer battle-history"><br></div><h2 class="battle-history">Turn 11</h2><div class="chat chatmessage-gotenred"><strong style="color:hsl(69,62%,32%)"><small>☆</small><span class="username" data-name="GotenRed">GotenRed</span>:</strong> <em>ou não?</em></div><div class="spacer battle-history"><br></div><div class="battle-history">Conkeldurr used <strong>Mach Punch</strong>!<br></div><div class="battle-history"><small>It's super effective!</small><br></div><div class="battle-history"><small>(The opposing yo mama lost <abbr title="−121/241">50.2%</abbr> of its health!)</small><br></div><div class="battle-history"><small>Conkeldurr lost some of its HP!</small><br></div><div class="spacer battle-history"><br></div><div class="battle-history">The opposing yo mama fainted!<br></div><div class="chat chatmessage-panquecacomdolly"><strong style="color:hsl(55,53%,41.89814306271232%)"><small>☆</small><span class="username" data-name="PanquecaComDolly">PanquecaComDolly</span>:</strong> <em>afz</em></div><div class="spacer battle-history"><br></div><div class="battle-history">PanquecaComDolly sent out &lt;3 (<strong>Arcanine</strong>)!<br></div><div class="spacer battle-history"><br></div><h2 class="battle-history">Turn 12</h2><div class="chat"><small>graschamp joined.</small></div><div class="spacer battle-history"><br></div><div class="battle-history">The opposing &lt;3 used <strong>Extreme Speed</strong>!<br></div><div class="battle-history"><small>(Conkeldurr lost <abbr title="−62/414">15.0%</abbr> of its health!)</small><br></div><div class="battle-history"><small>The opposing &lt;3 lost some of its HP!</small><br></div><div class="spacer battle-history"><br></div><div class="battle-history">Conkeldurr fainted!<br></div><div class="chat"><small>graschamp left.</small></div><div class="spacer battle-history"><br></div><div class="battle-history">Go! <strong>Arcanine</strong>!<br></div><div class="battle-history"><small>[Arcanine's Intimidate]</small><br></div><div class="battle-history"><small>The opposing &lt;3's Attack fell!</small><br></div><div class="spacer battle-history"><br></div><h2 class="battle-history">Turn 13</h2><div class="chat chatmessage-gotenred"><strong style="color:hsl(69,62%,32%)"><small>☆</small><span class="username" data-name="GotenRed">GotenRed</span>:</strong> <em>life orb?</em></div><div class="chat chatmessage-gotenred"><strong style="color:hsl(69,62%,32%)"><small>☆</small><span class="username" data-name="GotenRed">GotenRed</span>:</strong> <em>lol</em></div><div class="spacer battle-history"><br></div><div class="battle-history">PanquecaComDolly withdrew &lt;3!<br></div><div class="battle-history">PanquecaComDolly sent out God (<strong>Entei</strong>)!<br></div><div class="battle-history"><small>[The opposing God's Pressure]</small><br><small>The opposing God is exerting its pressure!</small><br></div><div class="spacer battle-history"><br></div><div class="battle-history">Arcanine used <strong>Extreme Speed</strong>!<br></div><div class="battle-history"><small>(The opposing God lost <abbr title="−105/434">24.2%</abbr> of its health!)</small><br></div><div class="spacer battle-history"><br></div><div class="battle-history"><small>The opposing God restored a little HP using its Leftovers!</small><br></div><div class="battle-history"><small>Arcanine restored a little HP using its Leftovers!</small><br></div><div class="spacer battle-history"><br></div><h2 class="battle-history">Turn 14</h2><div class="spacer battle-history"><br></div><div class="battle-history">Arcanine, come back!<br></div><div class="battle-history">Go! <strong>Gligar</strong>!<br></div><div class="spacer battle-history"><br></div><div class="battle-history">The opposing God used <strong>Sacred Fire</strong>!<br></div><div class="battle-history"><small>(Gligar lost <abbr title="−103/334">30.8%</abbr> of its health!)</small><br></div><div class="battle-history"><small>Gligar was burned!</small><br></div><div class="spacer battle-history"><br></div><div class="battle-history"><small>The opposing God restored a little HP using its Leftovers!</small><br></div><div class="battle-history"><small>Gligar was hurt by its burn!</small><br></div><div class="spacer battle-history"><br></div><h2 class="battle-history">Turn 15</h2><div class="chat chatmessage-panquecacomdolly"><strong style="color:hsl(55,53%,41.89814306271232%)"><small>☆</small><span class="username" data-name="PanquecaComDolly">PanquecaComDolly</span>:</strong> <em>back</em></div><div class="spacer battle-history"><br></div><div class="battle-history">The opposing God used <strong>Iron Head</strong>!<br></div><div class="battle-history"><small>(Gligar lost <abbr title="−56/334">16.8%</abbr> of its health!)</small><br></div><div class="spacer battle-history"><br></div><div class="battle-history">Gligar used <strong>Roost</strong>!<br></div><div class="battle-history"><small>Gligar restored its HP.</small><br></div><div class="spacer battle-history"><br></div><div class="battle-history"><small>The opposing God restored a little HP using its Leftovers!</small><br></div><div class="battle-history"><small>Gligar was hurt by its burn!</small><br></div><div class="spacer battle-history"><br></div><h2 class="battle-history">Turn 16</h2><div class="chat chatmessage-panquecacomdolly"><strong style="color:hsl(55,53%,41.89814306271232%)"><small>☆</small><span class="username" data-name="PanquecaComDolly">PanquecaComDolly</span>:</strong> <em>miss click</em></div><div class="spacer battle-history"><br></div><div class="battle-history">The opposing God used <strong>Sacred Fire</strong>!<br></div><div class="battle-history"><small>(Gligar lost <abbr title="−114/334">34.1%</abbr> of its health!)</small><br></div><div class="spacer battle-history"><br></div><div class="battle-history">Gligar used <strong>Swords Dance</strong>!<br></div><div class="battle-history"><small>Gligar's Attack rose sharply!</small><br></div><div class="spacer battle-history"><br></div><div class="battle-history"><small>The opposing God restored a little HP using its Leftovers!</small><br></div><div class="battle-history"><small>Gligar was hurt by its burn!</small><br></div><div class="spacer battle-history"><br></div><h2 class="battle-history">Turn 17</h2><div class="chat chatmessage-gotenred"><strong style="color:hsl(69,62%,32%)"><small>☆</small><span class="username" data-name="GotenRed">GotenRed</span>:</strong> <em>nuss</em></div><div class="spacer battle-history"><br></div><div class="battle-history">The opposing God used <strong>Sacred Fire</strong>!<br></div><div class="battle-history"><small>(Gligar lost <abbr title="−105/334">31.4%</abbr> of its health!)</small><br></div><div class="spacer battle-history"><br></div><div class="battle-history">Gligar fainted!<br></div><div class="spacer battle-history"><br></div><div class="battle-history">Go! <strong>Arcanine</strong>!<br></div><div class="battle-history"><small>[Arcanine's Intimidate]</small><br></div><div class="battle-history"><small>The opposing God's Attack fell!</small><br></div><div class="spacer battle-history"><br></div><h2 class="battle-history">Turn 18</h2><div class="spacer battle-history"><br></div><div class="battle-history">PanquecaComDolly withdrew God!<br></div><div class="battle-history">PanquecaComDolly sent out &lt;3 (<strong>Arcanine</strong>)!<br></div><div class="spacer battle-history"><br></div><div class="battle-history">Arcanine used <strong>Extreme Speed</strong>!<br></div><div class="battle-history"><small>(The opposing &lt;3 lost <abbr title="−116/321">36.1%</abbr> of its health!)</small><br></div><div class="spacer battle-history"><br></div><h2 class="battle-history">Turn 19</h2><div class="spacer battle-history"><br></div><div class="battle-history">Arcanine used <strong>Extreme Speed</strong>!<br></div><div class="battle-history"><small>A critical hit!</small><br></div><div class="battle-history"><small>(The opposing &lt;3 lost <abbr title="−173/321">53.9%</abbr> of its health!)</small><br></div><div class="spacer battle-history"><br></div><div class="battle-history">The opposing &lt;3 fainted!<br></div><div class="chat chatmessage-panquecacomdolly"><strong style="color:hsl(55,53%,41.89814306271232%)"><small>☆</small><span class="username" data-name="PanquecaComDolly">PanquecaComDolly</span>:</strong> <em>CRITOU</em></div><div class="spacer battle-history"><br></div><div class="battle-history">PanquecaComDolly sent out :3 (<strong>Chesnaught</strong>)!<br></div><div class="spacer battle-history"><br></div><h2 class="battle-history">Turn 20</h2><div class="chat chatmessage-gotenred"><strong style="color:hsl(69,62%,32%)"><small>☆</small><span class="username" data-name="GotenRed">GotenRed</span>:</strong> <em>nooosa</em></div><div class="spacer battle-history"><br></div><div class="battle-history">The opposing :3 used <strong>Spiky Shield</strong>!<br></div><div class="battle-history"><small>The opposing :3 protected itself!</small><br></div><div class="spacer battle-history"><br></div><div class="battle-history">Arcanine used <strong>Morning Sun</strong>!<br></div><div class="spacer battle-history"><br></div><h2 class="battle-history">Turn 21</h2><div class="chat chatmessage-panquecacomdolly"><strong style="color:hsl(55,53%,41.89814306271232%)"><small>☆</small><span class="username" data-name="PanquecaComDolly">PanquecaComDolly</span>:</strong> <em>merda</em></div><div class="spacer battle-history"><br></div><div class="battle-history">Arcanine used <strong>Flare Blitz</strong>!<br></div><div class="battle-history"><small>It's super effective!</small><br></div><div class="battle-history"><small>(The opposing :3 lost <abbr title="−246/380">64.7%</abbr> of its health!)</small><br></div><div class="battle-history"><small>Arcanine is damaged by the recoil!</small><br></div><div class="spacer battle-history"><br></div><div class="battle-history">The opposing :3 used <strong>Leech Seed</strong>!<br></div><div class="battle-history"><small>Arcanine was seeded!</small><br></div><div class="spacer battle-history"><br></div><div class="battle-history"><small>Arcanine restored a little HP using its Leftovers!</small><br></div><div class="battle-history"><small>The opposing :3 restored a little HP using its Leftovers!</small><br></div><div class="battle-history"><small>Arcanine's health is sapped by Leech Seed!</small><br></div><div class="spacer battle-history"><br></div><h2 class="battle-history">Turn 22</h2><div class="chat chatmessage-panquecacomdolly"><strong style="color:hsl(55,53%,41.89814306271232%)"><small>☆</small><span class="username" data-name="PanquecaComDolly">PanquecaComDolly</span>:</strong> <em>sou mt burro</em></div><div class="spacer battle-history"><br></div><div class="battle-history">Arcanine used <strong>Morning Sun</strong>!<br></div><div class="battle-history"><small>Arcanine restored its HP.</small><br></div><div class="spacer battle-history"><br></div><div class="battle-history">The opposing :3 used <strong>Wood Hammer</strong>!<br></div><div class="battle-history"><small>It's not very effective...</small><br></div><div class="battle-history"><small>(Arcanine lost <abbr title="−77/350">22%</abbr> of its health!)</small><br></div><div class="battle-history"><small>The opposing :3 is damaged by the recoil!</small><br></div><div class="spacer battle-history"><br></div><div class="battle-history"><small>Arcanine restored a little HP using its Leftovers!</small><br></div><div class="battle-history"><small>The opposing :3 restored a little HP using its Leftovers!</small><br></div><div class="battle-history"><small>Arcanine's health is sapped by Leech Seed!</small><br></div><div class="spacer battle-history"><br></div><h2 class="battle-history">Turn 23</h2><div class="chat chatmessage-gotenred"><strong style="color:hsl(69,62%,32%)"><small>☆</small><span class="username" data-name="GotenRed">GotenRed</span>:</strong> <em>que saco</em></div><div class="spacer battle-history"><br></div><div class="battle-history">The opposing :3 used <strong>Spiky Shield</strong>!<br></div><div class="battle-history"><small>The opposing :3 protected itself!</small><br></div><div class="spacer battle-history"><br></div><div class="battle-history">Arcanine used <strong>Flare Blitz</strong>!<br></div><div class="battle-history"><small>The opposing :3 protected itself!</small><br></div><div class="battle-history"><small>Arcanine was hurt!</small><br></div><div class="spacer battle-history"><br></div><div class="battle-history"><small>Arcanine restored a little HP using its Leftovers!</small><br></div><div class="battle-history"><small>The opposing :3 restored a little HP using its Leftovers!</small><br></div><div class="battle-history"><small>Arcanine's health is sapped by Leech Seed!</small><br></div><div class="spacer battle-history"><br></div><h2 class="battle-history">Turn 24</h2><div class="spacer battle-history"><br></div><div class="battle-history">Arcanine used <strong>Morning Sun</strong>!<br></div><div class="battle-history"><small>Arcanine restored its HP.</small><br></div><div class="spacer battle-history"><br></div><div class="battle-history">The opposing :3 used <strong>Wood Hammer</strong>!<br></div><div class="battle-history"><small>It's not very effective...</small><br></div><div class="battle-history"><small>(Arcanine lost <abbr title="−79/350">22.6%</abbr> of its health!)</small><br></div><div class="battle-history"><small>The opposing :3 is damaged by the recoil!</small><br></div><div class="spacer battle-history"><br></div><div class="battle-history"><small>Arcanine restored a little HP using its Leftovers!</small><br></div><div class="battle-history"><small>The opposing :3 restored a little HP using its Leftovers!</small><br></div><div class="battle-history"><small>Arcanine's health is sapped by Leech Seed!</small><br></div><div class="spacer battle-history"><br></div><h2 class="battle-history">Turn 25</h2><div class="chat chatmessage-gotenred"><strong style="color:hsl(69,62%,32%)"><small>☆</small><span class="username" data-name="GotenRed">GotenRed</span>:</strong> <em>pode ser um pouco mais rápido? tô com fome</em></div><div class="spacer battle-history"><br></div><div class="battle-history">Arcanine used <strong>Morning Sun</strong>!<br></div><div class="battle-history"><small>Arcanine restored its HP.</small><br></div><div class="spacer battle-history"><br></div><div class="battle-history">The opposing :3 used <strong>Wood Hammer</strong>!<br></div><div class="battle-history"><small>It's not very effective...</small><br></div><div class="battle-history"><small>(Arcanine lost <abbr title="−88/350">25.1%</abbr> of its health!)</small><br></div><div class="battle-history"><small>The opposing :3 is damaged by the recoil!</small><br></div><div class="spacer battle-history"><br></div><div class="battle-history"><small>Arcanine restored a little HP using its Leftovers!</small><br></div><div class="battle-history"><small>The opposing :3 restored a little HP using its Leftovers!</small><br></div><div class="battle-history"><small>Arcanine's health is sapped by Leech Seed!</small><br></div><div class="spacer battle-history"><br></div><h2 class="battle-history">Turn 26</h2><div class="spacer battle-history"><br></div><div class="battle-history">Arcanine used <strong>Flare Blitz</strong>!<br></div><div class="battle-history"><small>It's super effective!</small><br></div><div class="battle-history"><small>(The opposing :3 lost <abbr title="−260/380">68.4%</abbr> of its health!)</small><br></div><div class="battle-history"><small>The opposing :3 was burned!</small><br></div><div class="battle-history"><small>Arcanine is damaged by the recoil!</small><br></div><div class="spacer battle-history"><br></div><div class="battle-history">The opposing :3 used <strong>Wood Hammer</strong>!<br></div><div class="battle-history"><small>It's not very effective...</small><br></div><div class="battle-history"><small>A critical hit!</small><br></div><div class="battle-history"><small>(Arcanine lost <abbr title="−66/350">18.9%</abbr> of its health!)</small><br></div><div class="battle-history"><small>The opposing :3 is damaged by the recoil!</small><br></div><div class="spacer battle-history"><br></div><div class="battle-history"><small>Arcanine restored a little HP using its Leftovers!</small><br></div><div class="battle-history"><small>The opposing :3 restored a little HP using its Leftovers!</small><br></div><div class="battle-history"><small>Arcanine's health is sapped by Leech Seed!</small><br></div><div class="battle-history"><small>The opposing :3 was hurt by its burn!</small><br></div><div class="spacer battle-history"><br></div><h2 class="battle-history">Turn 27</h2><div class="chat chatmessage-kelvin11"><strong style="color:hsl(32,56%,40.246650725760894%)"><small> </small><span class="username" data-name="kelvin11">kelvin11</span>:</strong> <em>kkkkk</em></div><div class="chat chatmessage-panquecacomdolly"><strong style="color:hsl(55,53%,41.89814306271232%)"><small>☆</small><span class="username" data-name="PanquecaComDolly">PanquecaComDolly</span>:</strong> <em>aNOOOOOOSSAAAAAA</em></div><div class="spacer battle-history"><br></div><div class="battle-history">Arcanine used <strong>Morning Sun</strong>!<br></div><div class="battle-history"><small>Arcanine restored its HP.</small><br></div><div class="spacer battle-history"><br></div><div class="battle-history">The opposing :3 used <strong>Wood Hammer</strong>!<br></div><div class="battle-history"><small>It's not very effective...</small><br></div><div class="battle-history"><small>(Arcanine lost <abbr title="−39/350">11.1%</abbr> of its health!)</small><br></div><div class="battle-history"><small>The opposing :3 is damaged by the recoil!</small><br></div><div class="spacer battle-history"><br></div><div class="battle-history"><small>Arcanine restored a little HP using its Leftovers!</small><br></div><div class="battle-history"><small>The opposing :3 restored a little HP using its Leftovers!</small><br></div><div class="battle-history"><small>Arcanine's health is sapped by Leech Seed!</small><br></div><div class="battle-history"><small>The opposing :3 was hurt by its burn!</small><br></div><div class="spacer battle-history"><br></div><h2 class="battle-history">Turn 28</h2><div class="spacer battle-history"><br></div><div class="battle-history">PanquecaComDolly withdrew :3!<br></div><div class="battle-history">PanquecaComDolly sent out God (<strong>Entei</strong>)!<br></div><div class="battle-history"><small>[The opposing God's Pressure]</small><br><small>The opposing God is exerting its pressure!</small><br></div><div class="spacer battle-history"><br></div><div class="battle-history">Arcanine used <strong>Morning Sun</strong>!<br></div><div class="battle-history"><small>Arcanine restored its HP.</small><br></div><div class="spacer battle-history"><br></div><div class="battle-history"><small>Arcanine's health is sapped by Leech Seed!</small><br></div><div class="spacer battle-history"><br></div><h2 class="battle-history">Turn 29</h2><div class="spacer battle-history"><br></div><div class="battle-history">Arcanine used <strong>Extreme Speed</strong>!<br></div><div class="battle-history"><small>(The opposing God lost <abbr title="−99/434">22.8%</abbr> of its health!)</small><br></div><div class="spacer battle-history"><br></div><div class="battle-history">The opposing God used <strong>Sacred Fire</strong>!<br></div><div class="battle-history"><small>It's not very effective...</small><br></div><div class="battle-history"><small>(Arcanine lost <abbr title="−99/350">28.3%</abbr> of its health!)</small><br></div><div class="spacer battle-history"><br></div><div class="battle-history"><small>The opposing God restored a little HP using its Leftovers!</small><br></div><div class="battle-history"><small>Arcanine restored a little HP using its Leftovers!</small><br></div><div class="battle-history"><small>Arcanine's health is sapped by Leech Seed!</small><br></div><div class="spacer battle-history"><br></div><h2 class="battle-history">Turn 30</h2><div class="spacer battle-history"><br></div><div class="battle-history">The opposing God used <strong>Sacred Fire</strong>!<br></div><div class="battle-history"><small>It's not very effective...</small><br></div><div class="battle-history"><small>(Arcanine lost <abbr title="−106/350">30.3%</abbr> of its health!)</small><br></div><div class="spacer battle-history"><br></div><div class="battle-history">Arcanine used <strong>Morning Sun</strong>!<br></div><div class="battle-history"><small>Arcanine restored its HP.</small><br></div><div class="spacer battle-history"><br></div><div class="battle-history"><small>The opposing God restored a little HP using its Leftovers!</small><br></div><div class="battle-history"><small>Arcanine restored a little HP using its Leftovers!</small><br></div><div class="battle-history"><small>Arcanine's health is sapped by Leech Seed!</small><br></div><div class="spacer battle-history"><br></div><h2 class="battle-history">Turn 31</h2><div class="spacer battle-history"><br></div><div class="battle-history">The opposing God used <strong>Sacred Fire</strong>!<br></div><div class="battle-history"><small>It's not very effective...</small><br></div><div class="battle-history"><small>(Arcanine lost <abbr title="−90/350">25.7%</abbr> of its health!)</small><br></div><div class="spacer battle-history"><br></div><div class="battle-history">Arcanine used <strong>Wild Charge</strong>!<br></div><div class="battle-history"><small>(The opposing God lost <abbr title="−114/434">26.3%</abbr> of its health!)</small><br></div><div class="battle-history"><small>Arcanine is damaged by the recoil!</small><br></div><div class="spacer battle-history"><br></div><div class="battle-history"><small>The opposing God restored a little HP using its Leftovers!</small><br></div><div class="battle-history"><small>Arcanine restored a little HP using its Leftovers!</small><br></div><div class="battle-history"><small>Arcanine's health is sapped by Leech Seed!</small><br></div><div class="spacer battle-history"><br></div><h2 class="battle-history">Turn 32</h2><div class="chat chatmessage-gotenred"><strong style="color:hsl(69,62%,32%)"><small>☆</small><span class="username" data-name="GotenRed">GotenRed</span>:</strong> <em>tô muito tempo no pc</em></div><div class="spacer battle-history"><br></div><div class="battle-history">The opposing God used <strong>Extreme Speed</strong>!<br></div><div class="battle-history"><small>(Arcanine lost <abbr title="−92/350">26.3%</abbr> of its health!)</small><br></div><div class="spacer battle-history"><br></div><div class="battle-history">Arcanine fainted!<br></div><div class="spacer battle-history"><br></div><div class="battle-history"><strong>PanquecaComDolly</strong> won the battle!<br></div><div class="chat chatmessage-gotenred"><strong style="color:hsl(69,62%,32%)"><small>☆</small><span class="username" data-name="GotenRed">GotenRed</span>:</strong> <em>caralho</em></div><div class="chat"><small>GotenRed left.</small></div><div class="chat chatmessage-panquecacomdolly"><strong style="color:hsl(55,53%,41.89814306271232%)"><small>☆</small><span class="username" data-name="PanquecaComDolly">PanquecaComDolly</span>:</strong> <em>asuhaus</em></div><div class="chat chatmessage-kelvin11"><strong style="color:hsl(32,56%,40.246650725760894%)"><small> </small><span class="username" data-name="kelvin11">kelvin11</span>:</strong> <em>acabou</em></div><div class="chat chatmessage-kelvin11"><strong style="color:hsl(32,56%,40.246650725760894%)"><small> </small><span class="username" data-name="kelvin11">kelvin11</span>:</strong> <em>kkkkkkkkkkkkkkkk</em></div><div class="chat"><small>PanquecaComDolly left.</small></div><div class="chat chatmessage-kelvin11"><strong style="color:hsl(32,56%,40.246650725760894%)"><small> </small><span class="username" data-name="kelvin11">kelvin11</span>:</strong> <em>fui o único que não sai</em></div><div class="chat chatmessage-kelvin11"><strong style="color:hsl(32,56%,40.246650725760894%)"><small> </small><span class="username" data-name="kelvin11">kelvin11</span>:</strong> <em>ebaaaaaaaaaaaaaaaaaaaaaaaaaaaaaaaaa</em></div><div class="chat chatmessage-kelvin11"><strong style="color:hsl(32,56%,40.246650725760894%)"><small> </small><span class="username" data-name="kelvin11">kelvin11</span>:</strong> <em>ebaaaaaaaaaaaaaaaaaaaaaaaaaaaaaaaaa</em></div><div class="chat chatmessage-kelvin11"><strong style="color:hsl(32,56%,40.246650725760894%)"><small> </small><span class="username" data-name="kelvin11">kelvin11</span>:</strong> <em>ebaaaaaaaaaaaaaaaaaaaaaaaaaaaaaaaaa</em></div><div class="chat chatmessage-kelvin11"><strong style="color:hsl(32,56%,40.246650725760894%)"><small> </small><span class="username" data-name="kelvin11">kelvin11</span>:</strong> <em>ebaaaaaaaaaaaaaaaaaaaaaaaaaaaaaaaaa</em></div><div class="chat chatmessage-kelvin11"><strong style="color:hsl(32,56%,40.246650725760894%)"><small> </small><span class="username" data-name="kelvin11">kelvin11</span>:</strong> <em>ebaaaaaaaaaaaaaaaaaaaaaaaaaaaaaaaaa</em></div><div class="chat chatmessage-kelvin11"><strong style="color:hsl(32,56%,40.246650725760894%)"><small> </small><span class="username" data-name="kelvin11">kelvin11</span>:</strong> <em>fui o único que não sai</em></div><div class="chat chatmessage-kelvin11"><strong style="color:hsl(32,56%,40.246650725760894%)"><small> </small><span class="username" data-name="kelvin11">kelvin11</span>:</strong> <em>fui o único que não sai</em></div><div class="chat chatmessage-kelvin11"><strong style="color:hsl(32,56%,40.246650725760894%)"><small> </small><span class="username" data-name="kelvin11">kelvin11</span>:</strong> <em>fui o único que não sai</em></div><div class="chat chatmessage-kelvin11"><strong style="color:hsl(32,56%,40.246650725760894%)"><small> </small><span class="username" data-name="kelvin11">kelvin11</span>:</strong> <em>ebaaaaaaaaaaaaaaaaaaaaaaaaaaaaaaaaa</em></div><div class="chat chatmessage-kelvin11"><strong style="color:hsl(32,56%,40.246650725760894%)"><small> </small><span class="username" data-name="kelvin11">kelvin11</span>:</strong> <em>ebaaaaaaaaaaaaaaaaaaaaaaaaaaaaaaaaa</em></div><div class="chat chatmessage-kelvin11"><strong style="color:hsl(32,56%,40.246650725760894%)"><small> </small><span class="username" data-name="kelvin11">kelvin11</span>:</strong> <em>ebaaaaaaaaaaaaaaaaaaaaaaaaaaaaaaaaa</em></div><div class="chat chatmessage-kelvin11"><strong style="color:hsl(32,56%,40.246650725760894%)"><small> </small><span class="username" data-name="kelvin11">kelvin11</span>:</strong> <em>ebaaaaaaaaaaaaaaaaaaaaaaaaaaaaaaaaa</em></div><div class="chat chatmessage-kelvin11"><strong style="color:hsl(32,56%,40.246650725760894%)"><small> </small><span class="username" data-name="kelvin11">kelvin11</span>:</strong> <em>ebaaaaaaaaaaaaaaaaaaaaaaaaaaaaaaaaa</em></div><div class="chat chatmessage-kelvin11"><strong style="color:hsl(32,56%,40.246650725760894%)"><small> </small><span class="username" data-name="kelvin11">kelvin11</span>:</strong> <em>ebaaaaaaaaaaaaaaaaaaaaaaaaaaaaaaaaa</em></div><div class="chat chatmessage-kelvin11"><strong style="color:hsl(32,56%,40.246650725760894%)"><small> </small><span class="username" data-name="kelvin11">kelvin11</span>:</strong> <em>ebaaaaaaaaaaaaaaaaaaaaaaaaaaaaaaaaa</em></div><div class="chat chatmessage-kelvin11"><strong style="color:hsl(32,56%,40.246650725760894%)"><small> </small><span class="username" data-name="kelvin11">kelvin11</span>:</strong> <em>ebaaaaaaaaaaaaaaaaaaaaaaaaaaaaaaaaa</em></div><div class="chat chatmessage-kelvin11"><strong style="color:hsl(32,56%,40.246650725760894%)"><small> </small><span class="username" data-name="kelvin11">kelvin11</span>:</strong> <em>ebaaaaaaaaaaaaaaaaaaaaaaaaaaaaaaaaa</em></div><div class="chat chatmessage-kelvin11"><strong style="color:hsl(32,56%,40.246650725760894%)"><small> </small><span class="username" data-name="kelvin11">kelvin11</span>:</strong> <em>ebaaaaaaaaaaaaaaaaaaaaaaaaaaaaaaaaa</em></div><div class="chat chatmessage-kelvin11"><strong style="color:hsl(32,56%,40.246650725760894%)"><small> </small><span class="username" data-name="kelvin11">kelvin11</span>:</strong> <em>ebaaaaaaaaaaaaaaaaaaaaaaaaaaaaaaaaa</em></div><div class="chat chatmessage-kelvin11"><strong style="color:hsl(32,56%,40.246650725760894%)"><small> </small><span class="username" data-name="kelvin11">kelvin11</span>:</strong> <em>ebaaaaaaaaaaaaaaaaaaaaaaaaaaaaaaaaa</em></div><div class="chat chatmessage-kelvin11"><strong style="color:hsl(32,56%,40.246650725760894%)"><small> </small><span class="username" data-name="kelvin11">kelvin11</span>:</strong> <em>ebaaaaaaaaaaaaaaaaaaaaaaaaaaaaaaaaa</em></div><div class="chat chatmessage-kelvin11"><strong style="color:hsl(32,56%,40.246650725760894%)"><small> </small><span class="username" data-name="kelvin11">kelvin11</span>:</strong> <em>ebaaaaaaaaaaaaaaaaaaaaaaaaaaaaaaaaa</em></div><div class="chat chatmessage-kelvin11"><strong style="color:hsl(32,56%,40.246650725760894%)"><small> </small><span class="username" data-name="kelvin11">kelvin11</span>:</strong> <em>ebaaaaaaaaaaaaaaaaaaaaaaaaaaaaaaaaa</em></div><div class="chat chatmessage-kelvin11"><strong style="color:hsl(32,56%,40.246650725760894%)"><small> </small><span class="username" data-name="kelvin11">kelvin11</span>:</strong> <em>ebaaaaaaaaaaaaaaaaaaaaaaaaaaaaaaaaa</em></div><div class="chat chatmessage-kelvin11"><strong style="color:hsl(32,56%,40.246650725760894%)"><small> </small><span class="username" data-name="kelvin11">kelvin11</span>:</strong> <em>ebaaaaaaaaaaaaaaaaaaaaaaaaaaaaaaaaa</em></div><div class="chat chatmessage-kelvin11"><strong style="color:hsl(32,56%,40.246650725760894%)"><small> </small><span class="username" data-name="kelvin11">kelvin11</span>:</strong> <em>ebaaaaaaaaaaaaaaaaaaaaaaaaaaaaaaaaa</em></div><div class="chat chatmessage-kelvin11"><strong style="color:hsl(32,56%,40.246650725760894%)"><small> </small><span class="username" data-name="kelvin11">kelvin11</span>:</strong> <em>ebaaaaaaaaaaaaaaaaaaaaaaaaaaaaaaaaa</em></div><div class="chat chatmessage-kelvin11"><strong style="color:hsl(32,56%,40.246650725760894%)"><small> </small><span class="username" data-name="kelvin11">kelvin11</span>:</strong> <em>ebaaaaaaaaaaaaaaaaaaaaaaaaaaaaaaaaa</em></div><div class="chat chatmessage-kelvin11"><strong style="color:hsl(32,56%,40.246650725760894%)"><small> </small><span class="username" data-name="kelvin11">kelvin11</span>:</strong> <em>ebaaaaaaaaaaaaaaaaaaaaaaaaaaaaaaaaa</em></div><div class="chat chatmessage-kelvin11"><strong style="color:hsl(32,56%,40.246650725760894%)"><small> </small><span class="username" data-name="kelvin11">kelvin11</span>:</strong> <em>ebaaaaaaaaaaaaaaaaaaaaaaaaaaaaaaaaa</em></div><div class="chat chatmessage-kelvin11"><strong style="color:hsl(32,56%,40.246650725760894%)"><small> </small><span class="username" data-name="kelvin11">kelvin11</span>:</strong> <em>ebaaaaaaaaaaaaaaaaaaaaaaaaaaaaaaaaa</em></div><div class="chat chatmessage-kelvin11"><strong style="color:hsl(32,56%,40.246650725760894%)"><small> </small><span class="username" data-name="kelvin11">kelvin11</span>:</strong> <em>ebaaaaaaaaaaaaaaaaaaaaaaaaaaaaaaaaa</em></div><div class="chat chatmessage-kelvin11"><strong style="color:hsl(32,56%,40.246650725760894%)"><small> </small><span class="username" data-name="kelvin11">kelvin11</span>:</strong> <em>ebaaaaaaaaaaaaaaaaaaaaaaaaaaaaaaaaa</em></div><div class="chat chatmessage-kelvin11"><strong style="color:hsl(32,56%,40.246650725760894%)"><small> </small><span class="username" data-name="kelvin11">kelvin11</span>:</strong> <em>ebaaaaaaaaaaaaaaaaaaaaaaaaaaaaaaaaa</em></div><div class="chat chatmessage-kelvin11"><strong style="color:hsl(32,56%,40.246650725760894%)"><small> </small><span class="username" data-name="kelvin11">kelvin11</span>:</strong> <em>fui o único que não sai</em></div><div class="chat chatmessage-kelvin11"><strong style="color:hsl(32,56%,40.246650725760894%)"><small> </small><span class="username" data-name="kelvin11">kelvin11</span>:</strong> <em>fui o único que não sai</em></div><div class="chat chatmessage-kelvin11"><strong style="color:hsl(32,56%,40.246650725760894%)"><small> </small><span class="username" data-name="kelvin11">kelvin11</span>:</strong> <em>fui o único que não sai</em></div><div class="chat chatmessage-kelvin11"><strong style="color:hsl(32,56%,40.246650725760894%)"><small> </small><span class="username" data-name="kelvin11">kelvin11</span>:</strong> <em>ebaaaaaaaaaaaaaaaaaaaaaaaaaaaaaaaaa</em></div><div class="chat chatmessage-kelvin11"><strong style="color:hsl(32,56%,40.246650725760894%)"><small> </small><span class="username" data-name="kelvin11">kelvin11</span>:</strong> <em>ebaaaaaaaaaaaaaaaaaaaaaaaaaaaaaaaaa</em></div><div class="chat chatmessage-kelvin11"><strong style="color:hsl(32,56%,40.246650725760894%)"><small> </small><span class="username" data-name="kelvin11">kelvin11</span>:</strong> <em>ebaaaaaaaaaaaaaaaaaaaaaaaaaaaaaaaaa</em></div><div class="chat chatmessage-kelvin11"><strong style="color:hsl(32,56%,40.246650725760894%)"><small> </small><span class="username" data-name="kelvin11">kelvin11</span>:</strong> <em>ebaaaaaaaaaaaaaaaaaaaaaaaaaaaaaaaaa</em></div><div class="chat chatmessage-kelvin11"><strong style="color:hsl(32,56%,40.246650725760894%)"><small> </small><span class="username" data-name="kelvin11">kelvin11</span>:</strong> <em>ebaaaaaaaaaaaaaaaaaaaaaaaaaaaaaaaaa</em></div><div class="chat chatmessage-kelvin11"><strong style="color:hsl(32,56%,40.246650725760894%)"><small> </small><span class="username" data-name="kelvin11">kelvin11</span>:</strong> <em>ebaaaaaaaaaaaaaaaaaaaaaaaaaaaaaaaaa</em></div><div class="chat chatmessage-kelvin11"><strong style="color:hsl(32,56%,40.246650725760894%)"><small> </small><span class="username" data-name="kelvin11">kelvin11</span>:</strong> <em>olouco</em></div></div><div class="inner-preempt"></div></div></div>
</div>
<script>
let daily = Math.floor(Date.now()/1000/60/60/24);document.write('<script src="https://play.pokemonshowdown.com/js/replay-embed.js?version'+daily+'"></'+'script>');
</script>
