<!DOCTYPE html>
<meta charset="utf-8" />
<!-- version 1 -->
<title>UU replay: retards gon win vs. Nico11</title>
<style>
html,body {font-family:Verdana, sans-serif;font-size:10pt;margin:0;padding:0;}body{padding:12px 0;} .battle-log {font-family:Verdana, sans-serif;font-size:10pt;} .battle-log-inline {border:1px solid #AAAAAA;background:#EEF2F5;color:black;max-width:640px;margin:0 auto 80px;padding-bottom:5px;} .battle-log .inner {padding:4px 8px 0px 8px;} .battle-log .inner-preempt {padding:0 8px 4px 8px;} .battle-log .inner-after {margin-top:0.5em;} .battle-log h2 {margin:0.5em -8px;padding:4px 8px;border:1px solid #AAAAAA;background:#E0E7EA;border-left:0;border-right:0;font-family:Verdana, sans-serif;font-size:13pt;} .battle-log .chat {vertical-align:middle;padding:3px 0 3px 0;font-size:8pt;} .battle-log .chat strong {color:#40576A;} .battle-log .chat em {padding:1px 4px 1px 3px;color:#000000;font-style:normal;} .chat.mine {background:rgba(0,0,0,0.05);margin-left:-8px;margin-right:-8px;padding-left:8px;padding-right:8px;} .spoiler {color:#BBBBBB;background:#BBBBBB;padding:0px 3px;} .spoiler:hover, .spoiler:active, .spoiler-shown {color:#000000;background:#E2E2E2;padding:0px 3px;} .spoiler a {color:#BBBBBB;} .spoiler:hover a, .spoiler:active a, .spoiler-shown a {color:#2288CC;} .chat code, .chat .spoiler:hover code, .chat .spoiler:active code, .chat .spoiler-shown code {border:1px solid #C0C0C0;background:#EEEEEE;color:black;padding:0 2px;} .chat .spoiler code {border:1px solid #CCCCCC;background:#CCCCCC;color:#CCCCCC;} .battle-log .rated {padding:3px 4px;} .battle-log .rated strong {color:white;background:#89A;padding:1px 4px;border-radius:4px;} .spacer {margin-top:0.5em;} .message-announce {background:#6688AA;color:white;padding:1px 4px 2px;} .message-announce a, .broadcast-green a, .broadcast-blue a, .broadcast-red a {color:#DDEEFF;} .broadcast-green {background-color:#559955;color:white;padding:2px 4px;} .broadcast-blue {background-color:#6688AA;color:white;padding:2px 4px;} .infobox {border:1px solid #6688AA;padding:2px 4px;} .infobox-limited {max-height:200px;overflow:auto;overflow-x:hidden;} .broadcast-red {background-color:#AA5544;color:white;padding:2px 4px;} .message-learn-canlearn {font-weight:bold;color:#228822;text-decoration:underline;} .message-learn-cannotlearn {font-weight:bold;color:#CC2222;text-decoration:underline;} .message-effect-weak {font-weight:bold;color:#CC2222;} .message-effect-resist {font-weight:bold;color:#6688AA;} .message-effect-immune {font-weight:bold;color:#666666;} .message-learn-list {margin-top:0;margin-bottom:0;} .message-throttle-notice, .message-error {color:#992222;} .message-overflow, .chat small.message-overflow {font-size:0pt;} .message-overflow::before {font-size:9pt;content:'...';} .subtle {color:#3A4A66;}
</style>
<div class="wrapper replay-wrapper" style="max-width:1180px;margin:0 auto">
<input type="hidden" name="replayid" value="uu-551230401" />
<div class="battle"></div><div class="battle-log"></div><div class="replay-controls"></div><div class="replay-controls-2"></div>
<h1 style="font-weight:normal;text-align:center"><strong>UU</strong><br /><a href="http://pokemonshowdown.com/users/retardsgonwin" class="subtle" target="_blank">retards gon win</a> vs. <a href="http://pokemonshowdown.com/users/nico11" class="subtle" target="_blank">Nico11</a></h1>
<script type="text/plain" class="battle-log-data">|j|retards gon win
|j|Nico11
|player|p1|retards gon win|101
|player|p2|Nico11|80
|gametype|singles
|gen|6
|tier|UU
|rated
|seed|25494,50744,35892,57580
|rule|Sleep Clause Mod: Limit one foe put to sleep
|rule|Species Clause: Limit one of each Pokémon
|rule|OHKO Clause: OHKO moves are banned
|rule|Moody Clause: Moody is banned
|rule|Evasion Moves Clause: Evasion moves are banned
|rule|Endless Battle Clause: Forcing endless battles is banned
|rule|HP Percentage Mod: HP is shown in percentages
|clearpoke
|poke|p1|Blastoise, M|item
|poke|p1|Infernape, M|item
|poke|p1|Doublade, F|item
|poke|p1|Mandibuzz, F|item
|poke|p1|Nidoqueen, F|item
|poke|p1|Sylveon, M|item
|poke|p2|Klefki, F|item
|poke|p2|Jolteon, M|item
|poke|p2|Gligar, F|item
|poke|p2|Rotom-Heat|item
|poke|p2|Beedrill, M|item
|poke|p2|Gyarados, M|item
|rule|Swagger Clause: Swagger is banned
|rule|Baton Pass Clause: Limit one Baton Passer, can't pass Spe and other stats simultaneously
|teampreview
|choice|team 5, team 2, team 3, team 4, team 1, team 6|team 5, team 2, team 3, team 4, team 1, team 6
|
|start
|switch|p1a: Nidoqueen|Nidoqueen, F|321\/321
|switch|p2a: Beedrill|Beedrill, M|271\/271
|turn|1
|choice|move stealthrock|move protect mega
|
|detailschange|p2a: Beedrill|Beedrill-Mega, M
|-mega|p2a: Beedrill|Beedrill|Beedrillite
|move|p2a: Beedrill|Protect|p2a: Beedrill
|-singleturn|p2a: Beedrill|Protect
|move|p1a: Nidoqueen|Stealth Rock|p2a: Beedrill
|-sidestart|p2: Nico11|move: Stealth Rock
|
|upkeep
|turn|2
|choice|move earthpower|move uturn
|
|move|p2a: Beedrill|U-turn|p1a: Nidoqueen
|-resisted|p1a: Nidoqueen
|-damage|p1a: Nidoqueen|218\/321
|choice||switch 3
|
|switch|p2a: Gligar|Gligar, F|333\/333
|-damage|p2a: Gligar|292\/333|[from] Stealth Rock
|move|p1a: Nidoqueen|Earth Power|p2a: Gligar
|-immune|p2a: Gligar|[msg]
|
|upkeep
|turn|3
|choice|move icebeam|move defog
|
|move|p1a: Nidoqueen|Ice Beam|p2a: Gligar
|-supereffective|p2a: Gligar
|-damage|p2a: Gligar|0 fnt
|faint|p2a: Gligar
|
|upkeep
|choice||switch 6
|
|switch|p2a: Gyarados|Gyarados, M|331\/331
|-damage|p2a: Gyarados|249\/331|[from] Stealth Rock
|-ability|p2a: Gyarados|Intimidate|boost
|-unboost|p1a: Nidoqueen|atk|1
|turn|4
|choice|switch 4|move substitute
|
|switch|p1a: Mandibuzz|Mandibuzz, F|423\/423
|move|p2a: Gyarados|Substitute|p2a: Gyarados
|-start|p2a: Gyarados|Substitute
|-damage|p2a: Gyarados|167\/331
|
|-heal|p2a: Gyarados|187\/331|[from] item: Leftovers
|upkeep
|turn|5
|choice|move foulplay|move dragondance
|
|move|p2a: Gyarados|Dragon Dance|p2a: Gyarados
|-boost|p2a: Gyarados|atk|1
|-boost|p2a: Gyarados|spe|1
|move|p1a: Mandibuzz|Foul Play|p2a: Gyarados
|-end|p2a: Gyarados|Substitute
|
|-heal|p2a: Gyarados|207\/331|[from] item: Leftovers
|upkeep
|turn|6
|choice|move foulplay|switch 5
|
|switch|p2a: Klefki|Klefki, F|318\/318
|-damage|p2a: Klefki|299\/318|[from] Stealth Rock
|move|p1a: Mandibuzz|Foul Play|p2a: Klefki
|-resisted|p2a: Klefki
|-damage|p2a: Klefki|256\/318
|
|-heal|p2a: Klefki|275\/318|[from] item: Leftovers
|upkeep
|turn|7
|choice|move knockoff|move spikes
|
|move|p2a: Klefki|Spikes|p1a: Mandibuzz
|-sidestart|p1: retards gon win|Spikes
|move|p1a: Mandibuzz|Knock Off|p2a: Klefki
|-resisted|p2a: Klefki
|-damage|p2a: Klefki|230\/318
|-enditem|p2a: Klefki|Leftovers|[from] move: Knock Off|[of] p1a: Mandibuzz
|
|upkeep
|turn|8
|choice|switch 6|move toxic
|
|switch|p1a: Sylveon|Sylveon, M|394\/394
|-damage|p1a: Sylveon|345\/394|[from] Spikes
|move|p2a: Klefki|Toxic|p1a: Sylveon
|-status|p1a: Sylveon|tox
|
|-heal|p1a: Sylveon|369\/394 tox|[from] item: Leftovers
|-damage|p1a: Sylveon|345\/394 tox|[from] psn
|upkeep
|turn|9
|choice|move wish|move spikes
|
|move|p2a: Klefki|Spikes|p1a: Sylveon
|-sidestart|p1: retards gon win|Spikes
|move|p1a: Sylveon|Wish|p1a: Sylveon
|
|-heal|p1a: Sylveon|369\/394 tox|[from] item: Leftovers
|-damage|p1a: Sylveon|321\/394 tox|[from] psn
|upkeep
|turn|10
|choice|switch 4|move spikes
|
|switch|p1a: Nidoqueen|Nidoqueen, F|218\/321
|-damage|p1a: Nidoqueen|165\/321|[from] Spikes
|move|p2a: Klefki|Spikes|p1a: Nidoqueen
|-sidestart|p1: retards gon win|Spikes
|
|-heal|p1a: Nidoqueen|321\/321|[from] move: Wish|[wisher] Sylveon
|upkeep
|turn|11
|choice|switch 6|switch 4
|
|switch|p1a: Mandibuzz|Mandibuzz, F|423\/423
|switch|p2a: Rotom|Rotom-Heat|241\/241
|-damage|p2a: Rotom|181\/241|[from] Stealth Rock
|
|upkeep
|turn|12
|choice|move defog|move trick
|
|move|p2a: Rotom|Trick|p1a: Mandibuzz
|-activate|p2a: Rotom|move: Trick|[of] p1a: Mandibuzz
|-item|p1a: Mandibuzz|Choice Specs|[from] move: Trick
|-item|p2a: Rotom|Rocky Helmet|[from] move: Trick
|move|p1a: Mandibuzz|Defog|p2a: Rotom
|-unboost|p2a: Rotom|evasion|1
|-sideend|p2: Nico11|Stealth Rock|[from] move: Defog|[of] p2a: Rotom
|-sideend|p1: retards gon win|Spikes|[from] move: Defog|[of] p1a: Mandibuzz
|
|upkeep
|turn|13
|choice|switch 6|move voltswitch
|
|switch|p1a: Nidoqueen|Nidoqueen, F|321\/321
|move|p2a: Rotom|Volt Switch|p1a: Nidoqueen
|-immune|p1a: Nidoqueen|[msg]
|
|upkeep
|turn|14
|choice|switch 5|move overheat
|
|switch|p1a: Blastoise|Blastoise, M|299\/299
|move|p2a: Rotom|Overheat|p1a: Blastoise
|-resisted|p1a: Blastoise
|-damage|p1a: Blastoise|196\/299
|-unboost|p2a: Rotom|spa|2
|
|upkeep
|turn|15
|choice|move scald mega|move voltswitch
|
|detailschange|p1a: Blastoise|Blastoise-Mega, M
|-mega|p1a: Blastoise|Blastoise|Blastoisinite
|move|p2a: Rotom|Volt Switch|p1a: Blastoise
|-supereffective|p1a: Blastoise
|-damage|p1a: Blastoise|94\/299
|choice||switch 2
|
|switch|p2a: Jolteon|Jolteon, M|271\/271
|move|p1a: Blastoise|Scald|p2a: Jolteon
|-damage|p2a: Jolteon|112\/271
|-status|p2a: Jolteon|brn
|
|-damage|p2a: Jolteon|79\/271 brn|[from] brn
|upkeep
|turn|16
|choice|switch 4|switch 5
|
|switch|p2a: Gyarados|Gyarados, M|207\/331
|-ability|p2a: Gyarados|Intimidate|boost
|-unboost|p1a: Blastoise|atk|1
|switch|p1a: Sylveon|Sylveon, M|321\/394 tox
|
|-heal|p2a: Gyarados|227\/331|[from] item: Leftovers
|-heal|p1a: Sylveon|345\/394 tox|[from] item: Leftovers
|-damage|p1a: Sylveon|321\/394 tox|[from] psn
|upkeep
|turn|17
|choice|move hypervoice|move waterfall
|
|move|p2a: Gyarados|Waterfall|p1a: Sylveon
|-damage|p1a: Sylveon|126\/394 tox
|move|p1a: Sylveon|Hyper Voice|p2a: Gyarados
|-damage|p2a: Gyarados|34\/331
|
|-heal|p2a: Gyarados|54\/331|[from] item: Leftovers
|-heal|p1a: Sylveon|150\/394 tox|[from] item: Leftovers
|-damage|p1a: Sylveon|102\/394 tox|[from] psn
|upkeep
|turn|18
|choice|switch 6|move waterfall
|
|switch|p1a: Mandibuzz|Mandibuzz, F|423\/423
|move|p2a: Gyarados|Waterfall|p1a: Mandibuzz
|-damage|p1a: Mandibuzz|329\/423
|
|-heal|p2a: Gyarados|74\/331|[from] item: Leftovers
|upkeep
|turn|19
|choice|move knockoff|switch 4
|
|switch|p2a: Klefki|Klefki, F|230\/318
|move|p1a: Mandibuzz|Knock Off|p2a: Klefki
|-resisted|p2a: Klefki
|-damage|p2a: Klefki|201\/318
|
|upkeep
|turn|20
|choice|switch 6|move toxic
|
|switch|p1a: Sylveon|Sylveon, M|102\/394 tox
|move|p2a: Klefki|Toxic|p1a: Sylveon
|-fail|p1a: Sylveon|tox
|
|-heal|p1a: Sylveon|126\/394 tox|[from] item: Leftovers
|-damage|p1a: Sylveon|102\/394 tox|[from] psn
|upkeep
|turn|21
|choice|move healbell|move spikes
|
|move|p2a: Klefki|Spikes|p1a: Sylveon
|-sidestart|p1: retards gon win|Spikes
|move|p1a: Sylveon|Heal Bell|p1a: Sylveon
|-activate|p1a: Sylveon|move: Heal Bell
|-curestatus|p1a: Sylveon|tox|[msg]
|
|-heal|p1a: Sylveon|126\/394|[from] item: Leftovers
|upkeep
|turn|22
|choice|move wish|move toxic
|
|move|p2a: Klefki|Toxic|p1a: Sylveon
|-status|p1a: Sylveon|tox
|move|p1a: Sylveon|Wish|p1a: Sylveon
|
|-heal|p1a: Sylveon|150\/394 tox|[from] item: Leftovers
|-damage|p1a: Sylveon|126\/394 tox|[from] psn
|upkeep
|turn|23
|choice|move healbell|switch 3
|
|switch|p2a: Beedrill|Beedrill-Mega, M|271\/271
|move|p1a: Sylveon|Heal Bell|p1a: Sylveon
|-activate|p1a: Sylveon|move: Heal Bell
|-curestatus|p1a: Sylveon|tox|[msg]
|
|-heal|p1a: Sylveon|323\/394|[from] move: Wish|[wisher] Sylveon
|-heal|p1a: Sylveon|347\/394|[from] item: Leftovers
|upkeep
|turn|24
|choice|switch 3|move poisonjab
|
|switch|p1a: Doublade|Doublade, F|322\/322
|-damage|p1a: Doublade|282\/322|[from] Spikes
|move|p2a: Beedrill|Poison Jab|p1a: Doublade
|-immune|p1a: Doublade|[msg]
|
|upkeep
|turn|25
|choice|move swordsdance|move uturn
|
|move|p2a: Beedrill|U-turn|p1a: Doublade
|-resisted|p1a: Doublade
|-damage|p1a: Doublade|259\/322
|choice||switch 2
|
|switch|p2a: Rotom|Rotom-Heat|181\/241
|move|p1a: Doublade|Swords Dance|p1a: Doublade
|-boost|p1a: Doublade|atk|2
|
|upkeep
|turn|26
|choice|move shadowclaw|move voltswitch
|
|move|p2a: Rotom|Volt Switch|p1a: Doublade
|-damage|p1a: Doublade|157\/322
|choice||switch 4
|
|switch|p2a: Gyarados|Gyarados, M|74\/331
|-ability|p2a: Gyarados|Intimidate|boost
|-unboost|p1a: Doublade|atk|1
|move|p1a: Doublade|Shadow Claw|p2a: Gyarados
|-crit|p2a: Gyarados
|-damage|p2a: Gyarados|0 fnt
|faint|p2a: Gyarados
|
|upkeep
|choice||switch 5
|
|switch|p2a: Jolteon|Jolteon, M|79\/271 brn
|turn|27
|choice|move shadowsneak|move shadowball
|
|move|p1a: Doublade|Shadow Sneak|p2a: Jolteon
|-damage|p2a: Jolteon|0 fnt
|faint|p2a: Jolteon
|
|upkeep
|choice||switch 4
|
|switch|p2a: Rotom|Rotom-Heat|181\/241
|turn|28
|choice|switch 6|move overheat
|
|switch|p1a: Mandibuzz|Mandibuzz, F|329\/423
|move|p2a: Rotom|Overheat|p1a: Mandibuzz
|-damage|p1a: Mandibuzz|137\/423
|-unboost|p2a: Rotom|spa|2
|
|upkeep
|turn|29
|choice|switch 5|switch 2
|
|switch|p2a: Beedrill|Beedrill-Mega, M|271\/271
|switch|p1a: Nidoqueen|Nidoqueen, F|321\/321
|-damage|p1a: Nidoqueen|281\/321|[from] Spikes
|
|upkeep
|turn|30
|choice|move stealthrock|move knockoff
|
|move|p2a: Beedrill|Knock Off|p1a: Nidoqueen
|-damage|p1a: Nidoqueen|132\/321
|-enditem|p1a: Nidoqueen|Life Orb|[from] move: Knock Off|[of] p2a: Beedrill
|move|p1a: Nidoqueen|Stealth Rock|p2a: Beedrill
|-sidestart|p2: Nico11|move: Stealth Rock
|
|upkeep
|turn|31
|choice|move earthpower|move uturn
|
|move|p2a: Beedrill|U-turn|p1a: Nidoqueen
|-resisted|p1a: Nidoqueen
|-damage|p1a: Nidoqueen|26\/321
|choice||switch 2
|
|switch|p2a: Rotom|Rotom-Heat|181\/241
|-damage|p2a: Rotom|121\/241|[from] Stealth Rock
|move|p1a: Nidoqueen|Earth Power|p2a: Rotom
|-immune|p2a: Rotom|[msg]|[from] ability: Levitate
|
|upkeep
|turn|32
|choice|move sludgewave|move overheat
|
|move|p2a: Rotom|Overheat|p1a: Nidoqueen
|-damage|p1a: Nidoqueen|0 fnt
|-unboost|p2a: Rotom|spa|2
|faint|p1a: Nidoqueen
|
|upkeep
|choice|switch 2|
|
|switch|p1a: Infernape|Infernape, M|293\/293
|-damage|p1a: Infernape|257\/293|[from] Spikes
|turn|33
|choice|move closecombat|move voltswitch
|
|move|p1a: Infernape|Close Combat|p2a: Rotom
|-damage|p2a: Rotom|0 fnt
|-damage|p1a: Infernape|209\/293|[from] item: Rocky Helmet|[of] p2a: Rotom
|-unboost|p1a: Infernape|def|1
|-unboost|p1a: Infernape|spd|1
|faint|p2a: Rotom
|
|upkeep
|choice||switch 3
|
|switch|p2a: Klefki|Klefki, F|201\/318
|-damage|p2a: Klefki|182\/318|[from] Stealth Rock
|turn|34
|choice|move closecombat|move thunderwave
|
|move|p2a: Klefki|Thunder Wave|p1a: Infernape
|-status|p1a: Infernape|par
|move|p1a: Infernape|Close Combat|p2a: Klefki
|-damage|p2a: Klefki|0 fnt
|-unboost|p1a: Infernape|def|1
|-unboost|p1a: Infernape|spd|1
|faint|p2a: Klefki
|
|upkeep
|choice||switch 2
|
|switch|p2a: Beedrill|Beedrill-Mega, M|271\/271
|-damage|p2a: Beedrill|204\/271|[from] Stealth Rock
|turn|35
|choice|switch 5|move poisonjab
|
|switch|p1a: Mandibuzz|Mandibuzz, F|137\/423
|move|p2a: Beedrill|Poison Jab|p1a: Mandibuzz
|-damage|p1a: Mandibuzz|0 fnt
|faint|p1a: Mandibuzz
|
|upkeep
|choice|switch 5|
|
|switch|p1a: Infernape|Infernape, M|209\/293 par
|-damage|p1a: Infernape|173\/293 par|[from] Spikes
|turn|36
|choice|move machpunch|move protect
|
|move|p2a: Beedrill|Protect|p2a: Beedrill
|-singleturn|p2a: Beedrill|Protect
|move|p1a: Infernape|Mach Punch|p2a: Beedrill
|-activate|p2a: Beedrill|move: Protect
|
|upkeep
|turn|37
|choice|move machpunch|move poisonjab
|
|move|p1a: Infernape|Mach Punch|p2a: Beedrill
|-resisted|p2a: Beedrill
|-damage|p2a: Beedrill|144\/271
|move|p2a: Beedrill|Poison Jab|p1a: Infernape
|-damage|p1a: Infernape|0 fnt
|faint|p1a: Infernape
|
|upkeep
|choice|switch 3|
|
|switch|p1a: Sylveon|Sylveon, M|347\/394
|-damage|p1a: Sylveon|298\/394|[from] Spikes
|turn|38
|choice|move protect|move poisonjab
|
|move|p1a: Sylveon|Protect|p1a: Sylveon
|-singleturn|p1a: Sylveon|Protect
|move|p2a: Beedrill|Poison Jab|p1a: Sylveon
|-activate|p1a: Sylveon|move: Protect
|
|-heal|p1a: Sylveon|322\/394|[from] item: Leftovers
|upkeep
|turn|39
|choice|move hypervoice|move poisonjab
|
|move|p2a: Beedrill|Poison Jab|p1a: Sylveon
|-supereffective|p1a: Sylveon
|-damage|p1a: Sylveon|0 fnt
|faint|p1a: Sylveon
|
|upkeep
|choice|switch 4|
|
|switch|p1a: Blastoise|Blastoise-Mega, M|94\/299
|-damage|p1a: Blastoise|57\/299|[from] Spikes
|turn|40
|choice|move scald|move poisonjab
|
|move|p2a: Beedrill|Poison Jab|p1a: Blastoise
|-damage|p1a: Blastoise|0 fnt
|faint|p1a: Blastoise
|
|upkeep
|choice|switch 6|
|
|switch|p1a: Doublade|Doublade, F|157\/322
|-damage|p1a: Doublade|117\/322|[from] Spikes
|turn|41
|choice|move swordsdance|move knockoff
|
|move|p2a: Beedrill|Knock Off|p1a: Doublade
|-supereffective|p1a: Doublade
|-damage|p1a: Doublade|0 fnt
|-enditem|p1a: Doublade|Eviolite|[from] move: Knock Off|[of] p2a: Beedrill
|faint|p1a: Doublade
|
|win|Nico11
|l|retards gon win
|raw|retards gon win's rating: 1000 &rarr; <strong>1000<\/strong><br \/>(+0 for losing)
|raw|Nico11's rating: 1290 &rarr; <strong>1298<\/strong><br \/>(+8 for winning)</script>
</div>
<div class="battle-log battle-log-inline"><div class="inner"><div class="battle-options"></div><div class="inner"><div class="chat"><small>retards gon win joined.</small></div><div class="chat"><small>Nico11 joined.</small></div><div class=""><small>Format:</small> <br><strong>UU</strong></div><div class="rated"><strong>Rated battle</strong></div><div class=""><small><em>Sleep Clause Mod:</em> Limit one foe put to sleep</small></div><div class=""><small><em>Species Clause:</em> Limit one of each Pokémon</small></div><div class=""><small><em>OHKO Clause:</em> OHKO moves are banned</small></div><div class=""><small><em>Moody Clause:</em> Moody is banned</small></div><div class=""><small><em>Evasion Moves Clause:</em> Evasion moves are banned</small></div><div class=""><small><em>Endless Battle Clause:</em> Forcing endless battles is banned</small></div><div class=""><small><em>HP Percentage Mod:</em> HP is shown in percentages</small></div><div class=""><small><em>Swagger Clause:</em> Swagger is banned</small></div><div class=""><small><em>Baton Pass Clause:</em> Limit one Baton Passer, can't pass Spe and other stats simultaneously</small></div><div class="chat battle-history"><strong>retards gon win's team:</strong> <em style="color:#445566;display:block;">Blastoise / Infernape / Doublade / Mandibuzz / Nidoqueen / Sylveon</em></div><div class="chat battle-history"><strong>Nico11's team:</strong> <em style="color:#445566;display:block;">Klefki / Jolteon / Gligar / Rotom-Heat / Beedrill / Gyarados</em></div><div class="spacer battle-history"><br></div><div class="battle-history">Battle started between retards gon win and Nico11!<br></div><div class="spacer battle-history"><br></div><div class="battle-history">Go! <strong>Nidoqueen</strong>!<br></div><div class="spacer battle-history"><br></div><div class="battle-history">Nico11 sent out <strong>Beedrill</strong>!<br></div><div class="spacer battle-history"><br></div><h2 class="battle-history">Turn 1</h2><div class="spacer battle-history"><br></div><div class="battle-history"><small>The opposing Beedrill's Beedrillite is reacting to Nico11's Mega Bracelet!</small><br>The opposing Beedrill has Mega Evolved into Mega Beedrill!<br></div><div class="spacer battle-history"><br></div><div class="battle-history">The opposing Beedrill used <strong>Protect</strong>!<br></div><div class="battle-history"><small>The opposing Beedrill protected itself!</small><br></div><div class="spacer battle-history"><br></div><div class="battle-history">Nidoqueen used <strong>Stealth Rock</strong>!<br></div><div class="battle-history"><small>Pointed stones float in the air around the opposing team!</small><br></div><div class="spacer battle-history"><br></div><h2 class="battle-history">Turn 2</h2><div class="spacer battle-history"><br></div><div class="battle-history">The opposing Beedrill used <strong>U-turn</strong>!<br></div><div class="battle-history"><small>It's not very effective...</small><br></div><div class="battle-history"><small>(Nidoqueen lost <abbr title="−103/321">32.1%</abbr> of its health!)</small><br></div><div class="spacer battle-history"><br></div><div class="battle-history">The opposing Beedrill went back to Nico11!<br></div><div class="battle-history">Nico11 sent out <strong>Gligar</strong>!<br></div><div class="battle-history"><small>Pointed stones dug into the opposing Gligar!</small><br></div><div class="spacer battle-history"><br></div><div class="battle-history">Nidoqueen used <strong>Earth Power</strong>!<br></div><div class="battle-history"><small>It doesn't affect the opposing Gligar...</small><br></div><div class="spacer battle-history"><br></div><h2 class="battle-history">Turn 3</h2><div class="spacer battle-history"><br></div><div class="battle-history">Nidoqueen used <strong>Ice Beam</strong>!<br></div><div class="battle-history"><small>It's super effective!</small><br></div><div class="battle-history"><small>(The opposing Gligar lost <abbr title="−292/333">87.7%</abbr> of its health!)</small><br></div><div class="spacer battle-history"><br></div><div class="battle-history">The opposing Gligar fainted!<br></div><div class="spacer battle-history"><br></div><div class="battle-history">Nico11 sent out <strong>Gyarados</strong>!<br></div><div class="battle-history"><small>Pointed stones dug into the opposing Gyarados!</small><br></div><div class="battle-history"><small>[The opposing Gyarados's Intimidate]</small><br></div><div class="battle-history"><small>Nidoqueen's Attack fell!</small><br></div><div class="spacer battle-history"><br></div><h2 class="battle-history">Turn 4</h2><div class="spacer battle-history"><br></div><div class="battle-history">Nidoqueen, come back!<br></div><div class="battle-history">Go! <strong>Mandibuzz</strong>!<br></div><div class="spacer battle-history"><br></div><div class="battle-history">The opposing Gyarados used <strong>Substitute</strong>!<br></div><div class="battle-history"><small>The opposing Gyarados put in a substitute!</small><br></div><div class="battle-history"><small>(The opposing Gyarados lost <abbr title="−82/331">24.8%</abbr> of its health!)</small><br></div><div class="spacer battle-history"><br></div><div class="battle-history"><small>The opposing Gyarados restored a little HP using its Leftovers!</small><br></div><div class="spacer battle-history"><br></div><h2 class="battle-history">Turn 5</h2><div class="spacer battle-history"><br></div><div class="battle-history">The opposing Gyarados used <strong>Dragon Dance</strong>!<br></div><div class="battle-history"><small>The opposing Gyarados's Attack rose!</small><br></div><div class="battle-history"><small>The opposing Gyarados's Speed rose!</small><br></div><div class="spacer battle-history"><br></div><div class="battle-history">Mandibuzz used <strong>Foul Play</strong>!<br></div><div class="battle-history"><small>The opposing Gyarados's substitute faded!</small><br></div><div class="spacer battle-history"><br></div><div class="battle-history"><small>The opposing Gyarados restored a little HP using its Leftovers!</small><br></div><div class="spacer battle-history"><br></div><h2 class="battle-history">Turn 6</h2><div class="spacer battle-history"><br></div><div class="battle-history">Nico11 withdrew Gyarados!<br></div><div class="battle-history">Nico11 sent out <strong>Klefki</strong>!<br></div><div class="battle-history"><small>Pointed stones dug into the opposing Klefki!</small><br></div><div class="spacer battle-history"><br></div><div class="battle-history">Mandibuzz used <strong>Foul Play</strong>!<br></div><div class="battle-history"><small>It's not very effective...</small><br></div><div class="battle-history"><small>(The opposing Klefki lost <abbr title="−43/318">13.5%</abbr> of its health!)</small><br></div><div class="spacer battle-history"><br></div><div class="battle-history"><small>The opposing Klefki restored a little HP using its Leftovers!</small><br></div><div class="spacer battle-history"><br></div><h2 class="battle-history">Turn 7</h2><div class="spacer battle-history"><br></div><div class="battle-history">The opposing Klefki used <strong>Spikes</strong>!<br></div><div class="battle-history"><small>Spikes were scattered on the ground all around your team!</small><br></div><div class="spacer battle-history"><br></div><div class="battle-history">Mandibuzz used <strong>Knock Off</strong>!<br></div><div class="battle-history"><small>It's not very effective...</small><br></div><div class="battle-history"><small>(The opposing Klefki lost <abbr title="−45/318">14.2%</abbr> of its health!)</small><br></div><div class="battle-history"><small>Mandibuzz knocked off the opposing Klefki's Leftovers!</small><br></div><div class="spacer battle-history"><br></div><h2 class="battle-history">Turn 8</h2><div class="spacer battle-history"><br></div><div class="battle-history">Mandibuzz, come back!<br></div><div class="battle-history">Go! <strong>Sylveon</strong>!<br></div><div class="battle-history"><small>Sylveon is hurt by the spikes!</small><br></div><div class="spacer battle-history"><br></div><div class="battle-history">The opposing Klefki used <strong>Toxic</strong>!<br></div><div class="battle-history"><small>Sylveon was badly poisoned!</small><br></div><div class="spacer battle-history"><br></div><div class="battle-history"><small>Sylveon restored a little HP using its Leftovers!</small><br></div><div class="battle-history"><small>Sylveon was hurt by poison!</small><br></div><div class="spacer battle-history"><br></div><h2 class="battle-history">Turn 9</h2><div class="spacer battle-history"><br></div><div class="battle-history">The opposing Klefki used <strong>Spikes</strong>!<br></div><div class="battle-history"><small>Spikes were scattered on the ground all around your team!</small><br></div><div class="spacer battle-history"><br></div><div class="battle-history">Sylveon used <strong>Wish</strong>!<br></div><div class="spacer battle-history"><br></div><div class="battle-history"><small>Sylveon restored a little HP using its Leftovers!</small><br></div><div class="battle-history"><small>Sylveon was hurt by poison!</small><br></div><div class="spacer battle-history"><br></div><h2 class="battle-history">Turn 10</h2><div class="spacer battle-history"><br></div><div class="battle-history">Sylveon, come back!<br></div><div class="battle-history">Go! <strong>Nidoqueen</strong>!<br></div><div class="battle-history"><small>Nidoqueen is hurt by the spikes!</small><br></div><div class="spacer battle-history"><br></div><div class="battle-history">The opposing Klefki used <strong>Spikes</strong>!<br></div><div class="battle-history"><small>Spikes were scattered on the ground all around your team!</small><br></div><div class="spacer battle-history"><br></div><div class="battle-history"><small>Sylveon's wish came true!</small><br></div><div class="spacer battle-history"><br></div><h2 class="battle-history">Turn 11</h2><div class="spacer battle-history"><br></div><div class="battle-history">Nidoqueen, come back!<br></div><div class="battle-history">Go! <strong>Mandibuzz</strong>!<br></div><div class="spacer battle-history"><br></div><div class="battle-history">Nico11 withdrew Klefki!<br></div><div class="battle-history">Nico11 sent out Rotom (<strong>Rotom-Heat</strong>)!<br></div><div class="battle-history"><small>Pointed stones dug into the opposing Rotom!</small><br></div><div class="spacer battle-history"><br></div><h2 class="battle-history">Turn 12</h2><div class="spacer battle-history"><br></div><div class="battle-history">The opposing Rotom used <strong>Trick</strong>!<br></div><div class="battle-history"><small>The opposing Rotom switched items with its target!</small><br></div><div class="battle-history"><small>Mandibuzz obtained one Choice Specs.</small><br></div><div class="battle-history"><small>The opposing Rotom obtained one Rocky Helmet.</small><br></div><div class="spacer battle-history"><br></div><div class="battle-history">Mandibuzz used <strong>Defog</strong>!<br></div><div class="battle-history"><small>The opposing Rotom's evasiveness fell!</small><br></div><div class="battle-history"><small>The pointed stones disappeared from around the opposing team!</small><br></div><div class="battle-history"><small>The spikes disappeared from the ground around your team!</small><br></div><div class="spacer battle-history"><br></div><h2 class="battle-history">Turn 13</h2><div class="spacer battle-history"><br></div><div class="battle-history">Mandibuzz, come back!<br></div><div class="battle-history">Go! <strong>Nidoqueen</strong>!<br></div><div class="spacer battle-history"><br></div><div class="battle-history">The opposing Rotom used <strong>Volt Switch</strong>!<br></div><div class="battle-history"><small>It doesn't affect Nidoqueen...</small><br></div><div class="spacer battle-history"><br></div><h2 class="battle-history">Turn 14</h2><div class="spacer battle-history"><br></div><div class="battle-history">Nidoqueen, come back!<br></div><div class="battle-history">Go! <strong>Blastoise</strong>!<br></div><div class="spacer battle-history"><br></div><div class="battle-history">The opposing Rotom used <strong>Overheat</strong>!<br></div><div class="battle-history"><small>It's not very effective...</small><br></div><div class="battle-history"><small>(Blastoise lost <abbr title="−103/299">34.4%</abbr> of its health!)</small><br></div><div class="battle-history"><small>The opposing Rotom's Special Attack fell harshly!</small><br></div><div class="spacer battle-history"><br></div><h2 class="battle-history">Turn 15</h2><div class="spacer battle-history"><br></div><div class="battle-history"><small>Blastoise's Blastoisinite is reacting to retards gon win's Mega Bracelet!</small><br>Blastoise has Mega Evolved into Mega Blastoise!<br></div><div class="spacer battle-history"><br></div><div class="battle-history">The opposing Rotom used <strong>Volt Switch</strong>!<br></div><div class="battle-history"><small>It's super effective!</small><br></div><div class="battle-history"><small>(Blastoise lost <abbr title="−102/299">34.1%</abbr> of its health!)</small><br></div><div class="spacer battle-history"><br></div><div class="battle-history">The opposing Rotom went back to Nico11!<br></div><div class="battle-history">Nico11 sent out <strong>Jolteon</strong>!<br></div><div class="spacer battle-history"><br></div><div class="battle-history">Blastoise used <strong>Scald</strong>!<br></div><div class="battle-history"><small>(The opposing Jolteon lost <abbr title="−159/271">58.7%</abbr> of its health!)</small><br></div><div class="battle-history"><small>The opposing Jolteon was burned!</small><br></div><div class="spacer battle-history"><br></div><div class="battle-history"><small>The opposing Jolteon was hurt by its burn!</small><br></div><div class="spacer battle-history"><br></div><h2 class="battle-history">Turn 16</h2><div class="spacer battle-history"><br></div><div class="battle-history">Nico11 withdrew Jolteon!<br></div><div class="battle-history">Nico11 sent out <strong>Gyarados</strong>!<br></div><div class="battle-history"><small>[The opposing Gyarados's Intimidate]</small><br></div><div class="battle-history"><small>Blastoise's Attack fell!</small><br></div><div class="spacer battle-history"><br></div><div class="battle-history">Blastoise, come back!<br></div><div class="battle-history">Go! <strong>Sylveon</strong>!<br></div><div class="spacer battle-history"><br></div><div class="battle-history"><small>The opposing Gyarados restored a little HP using its Leftovers!</small><br></div><div class="battle-history"><small>Sylveon restored a little HP using its Leftovers!</small><br></div><div class="battle-history"><small>Sylveon was hurt by poison!</small><br></div><div class="spacer battle-history"><br></div><h2 class="battle-history">Turn 17</h2><div class="spacer battle-history"><br></div><div class="battle-history">The opposing Gyarados used <strong>Waterfall</strong>!<br></div><div class="battle-history"><small>(Sylveon lost <abbr title="−195/394">49.5%</abbr> of its health!)</small><br></div><div class="spacer battle-history"><br></div><div class="battle-history">Sylveon used <strong>Hyper Voice</strong>!<br></div><div class="battle-history"><small>(The opposing Gyarados lost <abbr title="−193/331">58.3%</abbr> of its health!)</small><br></div><div class="spacer battle-history"><br></div><div class="battle-history"><small>The opposing Gyarados restored a little HP using its Leftovers!</small><br></div><div class="battle-history"><small>Sylveon restored a little HP using its Leftovers!</small><br></div><div class="battle-history"><small>Sylveon was hurt by poison!</small><br></div><div class="spacer battle-history"><br></div><h2 class="battle-history">Turn 18</h2><div class="spacer battle-history"><br></div><div class="battle-history">Sylveon, come back!<br></div><div class="battle-history">Go! <strong>Mandibuzz</strong>!<br></div><div class="spacer battle-history"><br></div><div class="battle-history">The opposing Gyarados used <strong>Waterfall</strong>!<br></div><div class="battle-history"><small>(Mandibuzz lost <abbr title="−94/423">22.2%</abbr> of its health!)</small><br></div><div class="spacer battle-history"><br></div><div class="battle-history"><small>The opposing Gyarados restored a little HP using its Leftovers!</small><br></div><div class="spacer battle-history"><br></div><h2 class="battle-history">Turn 19</h2><div class="spacer battle-history"><br></div><div class="battle-history">Nico11 withdrew Gyarados!<br></div><div class="battle-history">Nico11 sent out <strong>Klefki</strong>!<br></div><div class="spacer battle-history"><br></div><div class="battle-history">Mandibuzz used <strong>Knock Off</strong>!<br></div><div class="battle-history"><small>It's not very effective...</small><br></div><div class="battle-history"><small>(The opposing Klefki lost <abbr title="−29/318">9.1%</abbr> of its health!)</small><br></div><div class="spacer battle-history"><br></div><h2 class="battle-history">Turn 20</h2><div class="spacer battle-history"><br></div><div class="battle-history">Mandibuzz, come back!<br></div><div class="battle-history">Go! <strong>Sylveon</strong>!<br></div><div class="spacer battle-history"><br></div><div class="battle-history">The opposing Klefki used <strong>Toxic</strong>!<br></div><div class="battle-history"><small>But it failed!</small><br></div><div class="spacer battle-history"><br></div><div class="battle-history"><small>Sylveon restored a little HP using its Leftovers!</small><br></div><div class="battle-history"><small>Sylveon was hurt by poison!</small><br></div><div class="spacer battle-history"><br></div><h2 class="battle-history">Turn 21</h2><div class="spacer battle-history"><br></div><div class="battle-history">The opposing Klefki used <strong>Spikes</strong>!<br></div><div class="battle-history"><small>Spikes were scattered on the ground all around your team!</small><br></div><div class="spacer battle-history"><br></div><div class="battle-history">Sylveon used <strong>Heal Bell</strong>!<br></div><div class="battle-history"><small>A bell chimed!</small><br></div><div class="battle-history"><small>Sylveon was cured of its poisoning.</small><br></div><div class="spacer battle-history"><br></div><div class="battle-history"><small>Sylveon restored a little HP using its Leftovers!</small><br></div><div class="spacer battle-history"><br></div><h2 class="battle-history">Turn 22</h2><div class="spacer battle-history"><br></div><div class="battle-history">The opposing Klefki used <strong>Toxic</strong>!<br></div><div class="battle-history"><small>Sylveon was badly poisoned!</small><br></div><div class="spacer battle-history"><br></div><div class="battle-history">Sylveon used <strong>Wish</strong>!<br></div><div class="spacer battle-history"><br></div><div class="battle-history"><small>Sylveon restored a little HP using its Leftovers!</small><br></div><div class="battle-history"><small>Sylveon was hurt by poison!</small><br></div><div class="spacer battle-history"><br></div><h2 class="battle-history">Turn 23</h2><div class="spacer battle-history"><br></div><div class="battle-history">Nico11 withdrew Klefki!<br></div><div class="battle-history">Nico11 sent out Beedrill (<strong>Beedrill-Mega</strong>)!<br></div><div class="spacer battle-history"><br></div><div class="battle-history">Sylveon used <strong>Heal Bell</strong>!<br></div><div class="battle-history"><small>A bell chimed!</small><br></div><div class="battle-history"><small>Sylveon was cured of its poisoning.</small><br></div><div class="spacer battle-history"><br></div><div class="battle-history"><small>Sylveon's wish came true!</small><br></div><div class="battle-history"><small>Sylveon restored a little HP using its Leftovers!</small><br></div><div class="spacer battle-history"><br></div><h2 class="battle-history">Turn 24</h2><div class="spacer battle-history"><br></div><div class="battle-history">Sylveon, come back!<br></div><div class="battle-history">Go! <strong>Doublade</strong>!<br></div><div class="battle-history"><small>Doublade is hurt by the spikes!</small><br></div><div class="spacer battle-history"><br></div><div class="battle-history">The opposing Beedrill used <strong>Poison Jab</strong>!<br></div><div class="battle-history"><small>It doesn't affect Doublade...</small><br></div><div class="spacer battle-history"><br></div><h2 class="battle-history">Turn 25</h2><div class="spacer battle-history"><br></div><div class="battle-history">The opposing Beedrill used <strong>U-turn</strong>!<br></div><div class="battle-history"><small>It's not very effective...</small><br></div><div class="battle-history"><small>(Doublade lost <abbr title="−23/322">7.1%</abbr> of its health!)</small><br></div><div class="spacer battle-history"><br></div><div class="battle-history">The opposing Beedrill went back to Nico11!<br></div><div class="battle-history">Nico11 sent out Rotom (<strong>Rotom-Heat</strong>)!<br></div><div class="spacer battle-history"><br></div><div class="battle-history">Doublade used <strong>Swords Dance</strong>!<br></div><div class="battle-history"><small>Doublade's Attack rose sharply!</small><br></div><div class="spacer battle-history"><br></div><h2 class="battle-history">Turn 26</h2><div class="spacer battle-history"><br></div><div class="battle-history">The opposing Rotom used <strong>Volt Switch</strong>!<br></div><div class="battle-history"><small>(Doublade lost <abbr title="−102/322">31.7%</abbr> of its health!)</small><br></div><div class="spacer battle-history"><br></div><div class="battle-history">The opposing Rotom went back to Nico11!<br></div><div class="battle-history">Nico11 sent out <strong>Gyarados</strong>!<br></div><div class="battle-history"><small>[The opposing Gyarados's Intimidate]</small><br></div><div class="battle-history"><small>Doublade's Attack fell!</small><br></div><div class="spacer battle-history"><br></div><div class="battle-history">Doublade used <strong>Shadow Claw</strong>!<br></div><div class="battle-history"><small>A critical hit!</small><br></div><div class="battle-history"><small>(The opposing Gyarados lost <abbr title="−74/331">22.4%</abbr> of its health!)</small><br></div><div class="spacer battle-history"><br></div><div class="battle-history">The opposing Gyarados fainted!<br></div><div class="spacer battle-history"><br></div><div class="battle-history">Nico11 sent out <strong>Jolteon</strong>!<br></div><div class="spacer battle-history"><br></div><h2 class="battle-history">Turn 27</h2><div class="spacer battle-history"><br></div><div class="battle-history">Doublade used <strong>Shadow Sneak</strong>!<br></div><div class="battle-history"><small>(The opposing Jolteon lost <abbr title="−79/271">29.2%</abbr> of its health!)</small><br></div><div class="spacer battle-history"><br></div><div class="battle-history">The opposing Jolteon fainted!<br></div><div class="spacer battle-history"><br></div><div class="battle-history">Nico11 sent out Rotom (<strong>Rotom-Heat</strong>)!<br></div><div class="spacer battle-history"><br></div><h2 class="battle-history">Turn 28</h2><div class="spacer battle-history"><br></div><div class="battle-history">Doublade, come back!<br></div><div class="battle-history">Go! <strong>Mandibuzz</strong>!<br></div><div class="spacer battle-history"><br></div><div class="battle-history">The opposing Rotom used <strong>Overheat</strong>!<br></div><div class="battle-history"><small>(Mandibuzz lost <abbr title="−192/423">45.4%</abbr> of its health!)</small><br></div><div class="battle-history"><small>The opposing Rotom's Special Attack fell harshly!</small><br></div><div class="spacer battle-history"><br></div><h2 class="battle-history">Turn 29</h2><div class="spacer battle-history"><br></div><div class="battle-history">Nico11 withdrew Rotom!<br></div><div class="battle-history">Nico11 sent out Beedrill (<strong>Beedrill-Mega</strong>)!<br></div><div class="spacer battle-history"><br></div><div class="battle-history">Mandibuzz, come back!<br></div><div class="battle-history">Go! <strong>Nidoqueen</strong>!<br></div><div class="battle-history"><small>Nidoqueen is hurt by the spikes!</small><br></div><div class="spacer battle-history"><br></div><h2 class="battle-history">Turn 30</h2><div class="spacer battle-history"><br></div><div class="battle-history">The opposing Beedrill used <strong>Knock Off</strong>!<br></div><div class="battle-history"><small>(Nidoqueen lost <abbr title="−149/321">46.4%</abbr> of its health!)</small><br></div><div class="battle-history"><small>The opposing Beedrill knocked off Nidoqueen's Life Orb!</small><br></div><div class="spacer battle-history"><br></div><div class="battle-history">Nidoqueen used <strong>Stealth Rock</strong>!<br></div><div class="battle-history"><small>Pointed stones float in the air around the opposing team!</small><br></div><div class="spacer battle-history"><br></div><h2 class="battle-history">Turn 31</h2><div class="spacer battle-history"><br></div><div class="battle-history">The opposing Beedrill used <strong>U-turn</strong>!<br></div><div class="battle-history"><small>It's not very effective...</small><br></div><div class="battle-history"><small>(Nidoqueen lost <abbr title="−106/321">33.0%</abbr> of its health!)</small><br></div><div class="spacer battle-history"><br></div><div class="battle-history">The opposing Beedrill went back to Nico11!<br></div><div class="battle-history">Nico11 sent out Rotom (<strong>Rotom-Heat</strong>)!<br></div><div class="battle-history"><small>Pointed stones dug into the opposing Rotom!</small><br></div><div class="spacer battle-history"><br></div><div class="battle-history">Nidoqueen used <strong>Earth Power</strong>!<br></div><div class="battle-history"><small>[The opposing Rotom's Levitate]</small><br><small>It doesn't affect the opposing Rotom...</small><br></div><div class="spacer battle-history"><br></div><h2 class="battle-history">Turn 32</h2><div class="spacer battle-history"><br></div><div class="battle-history">The opposing Rotom used <strong>Overheat</strong>!<br></div><div class="battle-history"><small>(Nidoqueen lost <abbr title="−26/321">8.1%</abbr> of its health!)</small><br></div><div class="battle-history"><small>The opposing Rotom's Special Attack fell harshly!</small><br></div><div class="spacer battle-history"><br></div><div class="battle-history">Nidoqueen fainted!<br></div><div class="spacer battle-history"><br></div><div class="battle-history">Go! <strong>Infernape</strong>!<br></div><div class="battle-history"><small>Infernape is hurt by the spikes!</small><br></div><div class="spacer battle-history"><br></div><h2 class="battle-history">Turn 33</h2><div class="spacer battle-history"><br></div><div class="battle-history">Infernape used <strong>Close Combat</strong>!<br></div><div class="battle-history"><small>(The opposing Rotom lost <abbr title="−121/241">50.2%</abbr> of its health!)</small><br></div><div class="battle-history"><small>Infernape was hurt by the Rocky Helmet!</small><br></div><div class="battle-history"><small>Infernape's Defense fell!</small><br></div><div class="battle-history"><small>Infernape's Special Defense fell!</small><br></div><div class="spacer battle-history"><br></div><div class="battle-history">The opposing Rotom fainted!<br></div><div class="spacer battle-history"><br></div><div class="battle-history">Nico11 sent out <strong>Klefki</strong>!<br></div><div class="battle-history"><small>Pointed stones dug into the opposing Klefki!</small><br></div><div class="spacer battle-history"><br></div><h2 class="battle-history">Turn 34</h2><div class="spacer battle-history"><br></div><div class="battle-history">The opposing Klefki used <strong>Thunder Wave</strong>!<br></div><div class="battle-history"><small>Infernape is paralyzed! It may be unable to move!</small><br></div><div class="spacer battle-history"><br></div><div class="battle-history">Infernape used <strong>Close Combat</strong>!<br></div><div class="battle-history"><small>(The opposing Klefki lost <abbr title="−182/318">57.2%</abbr> of its health!)</small><br></div><div class="battle-history"><small>Infernape's Defense fell!</small><br></div><div class="battle-history"><small>Infernape's Special Defense fell!</small><br></div><div class="spacer battle-history"><br></div><div class="battle-history">The opposing Klefki fainted!<br></div><div class="spacer battle-history"><br></div><div class="battle-history">Nico11 sent out Beedrill (<strong>Beedrill-Mega</strong>)!<br></div><div class="battle-history"><small>Pointed stones dug into the opposing Beedrill!</small><br></div><div class="spacer battle-history"><br></div><h2 class="battle-history">Turn 35</h2><div class="spacer battle-history"><br></div><div class="battle-history">Infernape, come back!<br></div><div class="battle-history">Go! <strong>Mandibuzz</strong>!<br></div><div class="spacer battle-history"><br></div><div class="battle-history">The opposing Beedrill used <strong>Poison Jab</strong>!<br></div><div class="battle-history"><small>(Mandibuzz lost <abbr title="−137/423">32.4%</abbr> of its health!)</small><br></div><div class="spacer battle-history"><br></div><div class="battle-history">Mandibuzz fainted!<br></div><div class="spacer battle-history"><br></div><div class="battle-history">Go! <strong>Infernape</strong>!<br></div><div class="battle-history"><small>Infernape is hurt by the spikes!</small><br></div><div class="spacer battle-history"><br></div><h2 class="battle-history">Turn 36</h2><div class="spacer battle-history"><br></div><div class="battle-history">The opposing Beedrill used <strong>Protect</strong>!<br></div><div class="battle-history"><small>The opposing Beedrill protected itself!</small><br></div><div class="spacer battle-history"><br></div><div class="battle-history">Infernape used <strong>Mach Punch</strong>!<br></div><div class="battle-history"><small>The opposing Beedrill protected itself!</small><br></div><div class="spacer battle-history"><br></div><h2 class="battle-history">Turn 37</h2><div class="spacer battle-history"><br></div><div class="battle-history">Infernape used <strong>Mach Punch</strong>!<br></div><div class="battle-history"><small>It's not very effective...</small><br></div><div class="battle-history"><small>(The opposing Beedrill lost <abbr title="−60/271">22.1%</abbr> of its health!)</small><br></div><div class="spacer battle-history"><br></div><div class="battle-history">The opposing Beedrill used <strong>Poison Jab</strong>!<br></div><div class="battle-history"><small>(Infernape lost <abbr title="−173/293">59.0%</abbr> of its health!)</small><br></div><div class="spacer battle-history"><br></div><div class="battle-history">Infernape fainted!<br></div><div class="spacer battle-history"><br></div><div class="battle-history">Go! <strong>Sylveon</strong>!<br></div><div class="battle-history"><small>Sylveon is hurt by the spikes!</small><br></div><div class="spacer battle-history"><br></div><h2 class="battle-history">Turn 38</h2><div class="spacer battle-history"><br></div><div class="battle-history">Sylveon used <strong>Protect</strong>!<br></div><div class="battle-history"><small>Sylveon protected itself!</small><br></div><div class="spacer battle-history"><br></div><div class="battle-history">The opposing Beedrill used <strong>Poison Jab</strong>!<br></div><div class="battle-history"><small>Sylveon protected itself!</small><br></div><div class="spacer battle-history"><br></div><div class="battle-history"><small>Sylveon restored a little HP using its Leftovers!</small><br></div><div class="spacer battle-history"><br></div><h2 class="battle-history">Turn 39</h2><div class="spacer battle-history"><br></div><div class="battle-history">The opposing Beedrill used <strong>Poison Jab</strong>!<br></div><div class="battle-history"><small>It's super effective!</small><br></div><div class="battle-history"><small>(Sylveon lost <abbr title="−322/394">81.7%</abbr> of its health!)</small><br></div><div class="spacer battle-history"><br></div><div class="battle-history">Sylveon fainted!<br></div><div class="spacer battle-history"><br></div><div class="battle-history">Go! Blastoise (<strong>Blastoise-Mega</strong>)!<br></div><div class="battle-history"><small>Blastoise is hurt by the spikes!</small><br></div><div class="spacer battle-history"><br></div><h2 class="battle-history">Turn 40</h2><div class="spacer battle-history"><br></div><div class="battle-history">The opposing Beedrill used <strong>Poison Jab</strong>!<br></div><div class="battle-history"><small>(Blastoise lost <abbr title="−57/299">19.1%</abbr> of its health!)</small><br></div><div class="spacer battle-history"><br></div><div class="battle-history">Blastoise fainted!<br></div><div class="spacer battle-history"><br></div><div class="battle-history">Go! <strong>Doublade</strong>!<br></div><div class="battle-history"><small>Doublade is hurt by the spikes!</small><br></div><div class="spacer battle-history"><br></div><h2 class="battle-history">Turn 41</h2><div class="spacer battle-history"><br></div><div class="battle-history">The opposing Beedrill used <strong>Knock Off</strong>!<br></div><div class="battle-history"><small>It's super effective!</small><br></div><div class="battle-history"><small>(Doublade lost <abbr title="−117/322">36.3%</abbr> of its health!)</small><br></div><div class="battle-history"><small>The opposing Beedrill knocked off Doublade's Eviolite!</small><br></div><div class="spacer battle-history"><br></div><div class="battle-history">Doublade fainted!<br></div><div class="spacer battle-history"><br></div><div class="battle-history"><strong>Nico11</strong> won the battle!<br></div><div class="chat"><small>retards gon win left.</small></div><div class="chat">retards gon win's rating: 1000 → <strong>1000</strong><br>(+0 for losing)</div><div class="chat">Nico11's rating: 1290 → <strong>1298</strong><br>(+8 for winning)</div></div><div class="inner-preempt"></div></div></div>
</div>
<script>
let daily = Math.floor(Date.now()/1000/60/60/24);document.write('<script src="https://play.pokemonshowdown.com/js/replay-embed.js?version'+daily+'"></'+'script>');
</script>
