<!DOCTYPE html>
<meta charset="utf-8" />
<!-- version 1 -->
<title>UU replay: ict ️ vs. starmaster</title>
<style>
html,body {font-family:Verdana, sans-serif;font-size:10pt;margin:0;padding:0;}body{padding:12px 0;} .battle-log {font-family:Verdana, sans-serif;font-size:10pt;} .battle-log-inline {border:1px solid #AAAAAA;background:#EEF2F5;color:black;max-width:640px;margin:0 auto 80px;padding-bottom:5px;} .battle-log .inner {padding:4px 8px 0px 8px;} .battle-log .inner-preempt {padding:0 8px 4px 8px;} .battle-log .inner-after {margin-top:0.5em;} .battle-log h2 {margin:0.5em -8px;padding:4px 8px;border:1px solid #AAAAAA;background:#E0E7EA;border-left:0;border-right:0;font-family:Verdana, sans-serif;font-size:13pt;} .battle-log .chat {vertical-align:middle;padding:3px 0 3px 0;font-size:8pt;} .battle-log .chat strong {color:#40576A;} .battle-log .chat em {padding:1px 4px 1px 3px;color:#000000;font-style:normal;} .chat.mine {background:rgba(0,0,0,0.05);margin-left:-8px;margin-right:-8px;padding-left:8px;padding-right:8px;} .spoiler {color:#BBBBBB;background:#BBBBBB;padding:0px 3px;} .spoiler:hover, .spoiler:active, .spoiler-shown {color:#000000;background:#E2E2E2;padding:0px 3px;} .spoiler a {color:#BBBBBB;} .spoiler:hover a, .spoiler:active a, .spoiler-shown a {color:#2288CC;} .chat code, .chat .spoiler:hover code, .chat .spoiler:active code, .chat .spoiler-shown code {border:1px solid #C0C0C0;background:#EEEEEE;color:black;padding:0 2px;} .chat .spoiler code {border:1px solid #CCCCCC;background:#CCCCCC;color:#CCCCCC;} .battle-log .rated {padding:3px 4px;} .battle-log .rated strong {color:white;background:#89A;padding:1px 4px;border-radius:4px;} .spacer {margin-top:0.5em;} .message-announce {background:#6688AA;color:white;padding:1px 4px 2px;} .message-announce a, .broadcast-green a, .broadcast-blue a, .broadcast-red a {color:#DDEEFF;} .broadcast-green {background-color:#559955;color:white;padding:2px 4px;} .broadcast-blue {background-color:#6688AA;color:white;padding:2px 4px;} .infobox {border:1px solid #6688AA;padding:2px 4px;} .infobox-limited {max-height:200px;overflow:auto;overflow-x:hidden;} .broadcast-red {background-color:#AA5544;color:white;padding:2px 4px;} .message-learn-canlearn {font-weight:bold;color:#228822;text-decoration:underline;} .message-learn-cannotlearn {font-weight:bold;color:#CC2222;text-decoration:underline;} .message-effect-weak {font-weight:bold;color:#CC2222;} .message-effect-resist {font-weight:bold;color:#6688AA;} .message-effect-immune {font-weight:bold;color:#666666;} .message-learn-list {margin-top:0;margin-bottom:0;} .message-throttle-notice, .message-error {color:#992222;} .message-overflow, .chat small.message-overflow {font-size:0pt;} .message-overflow::before {font-size:9pt;content:'...';} .subtle {color:#3A4A66;}
</style>
<div class="wrapper replay-wrapper" style="max-width:1180px;margin:0 auto">
<input type="hidden" name="replayid" value="smogtours-uu-286727" />
<div class="battle"></div><div class="battle-log"></div><div class="replay-controls"></div><div class="replay-controls-2"></div>
<h1 style="font-weight:normal;text-align:center"><strong>UU</strong><br /><a href="http://pokemonshowdown.com/users/ict" class="subtle" target="_blank">ict ️</a> vs. <a href="http://pokemonshowdown.com/users/starmaster" class="subtle" target="_blank">starmaster</a></h1>
<script type="text/plain" class="battle-log-data">|inactive|Battle timer is ON: inactive players will automatically lose when time's up.
|J|ict ️
|J|starmaster
|player|p1|ict ️|4
|player|p2|starmaster|170
|gametype|singles
|gen|6
|tier|UU
|seed|45513,64412,48729,19101
|rule|Sleep Clause Mod: Limit one foe put to sleep
|rule|Species Clause: Limit one of each Pokémon
|rule|OHKO Clause: OHKO moves are banned
|rule|Moody Clause: Moody is banned
|rule|Evasion Moves Clause: Evasion moves are banned
|rule|Endless Battle Clause: Forcing endless battles is banned
|rule|HP Percentage Mod: HP is shown in percentages
|clearpoke
|poke|p1|Krookodile, F|item
|poke|p1|Lucario, M|item
|poke|p1|Sceptile, F|item
|poke|p1|Tentacruel, M|item
|poke|p1|Snorlax, M|item
|poke|p1|Gligar, M|item
|poke|p2|Suicune|item
|poke|p2|Bronzong|item
|poke|p2|Sylveon, F|item
|poke|p2|Conkeldurr, M|item
|poke|p2|Houndoom, M|item
|poke|p2|Gligar, F|item
|rule|Swagger Clause: Swagger is banned
|rule|Baton Pass Clause: Limit one Baton Passer, can't pass Spe and other stats simultaneously
|teampreview
|J|Omfuga
|c|+Omfuga|.
|c|+Omfuga|I wasnt done with you yet
|J|Nayrz
|J|Lcans
|c|☆ict ️|im so done with u for today tho
|J|hamhamhamham
|c|☆starmaster|LOL
|c|+Omfuga|LOLOLOL
|c|+Omfuga|this how every friendly session with me ends
|choice|team 6, team 2, team 3, team 4, team 5, team 1|team 2, team 1, team 3, team 4, team 5, team 6
|
|start
|switch|p1a: DODMEN|Gligar, M|334\/334
|switch|p2a: Bronzong|Bronzong|337\/337
|turn|1
|J|Pak
|c|+Omfuga|my "friends" jealous of my unrealistic adaptation
|c|+Omfuga|lol.
|J|Bouff
|choice|move stealthrock|move stealthrock
|
|move|p1a: DODMEN|Stealth Rock|p2a: Bronzong
|-sidestart|p2: starmaster|move: Stealth Rock
|move|p2a: Bronzong|Stealth Rock|p1a: DODMEN
|-sidestart|p1: ict ️|move: Stealth Rock
|
|upkeep
|turn|2
|choice|move toxic|move toxic
|
|move|p1a: DODMEN|Toxic|p2a: Bronzong
|-immune|p2a: Bronzong|[msg]
|move|p2a: Bronzong|Toxic|p1a: DODMEN
|-immune|p1a: DODMEN|[msg]|[from] ability: Immunity
|
|upkeep
|turn|3
|c|☆starmaster|wpwp
|choice|move toxic|move psywave
|
|move|p1a: DODMEN|Toxic|p2a: Bronzong
|-immune|p2a: Bronzong|[msg]
|move|p2a: Bronzong|Psywave|p1a: DODMEN
|-damage|p1a: DODMEN|241\/334
|
|upkeep
|turn|4
|J|mementoo morii
|choice|move toxic|move psywave
|
|move|p1a: DODMEN|Toxic|p2a: Bronzong
|-immune|p2a: Bronzong|[msg]
|move|p2a: Bronzong|Psywave|p1a: DODMEN
|-damage|p1a: DODMEN|113\/334
|
|upkeep
|turn|5
|choice|move roost|move psywave
|
|move|p1a: DODMEN|Roost|p1a: DODMEN
|-heal|p1a: DODMEN|280\/334
|move|p2a: Bronzong|Psywave|p1a: DODMEN
|-damage|p1a: DODMEN|151\/334
|
|upkeep
|turn|6
|choice|move roost|move psywave
|
|move|p1a: DODMEN|Roost|p1a: DODMEN
|-heal|p1a: DODMEN|318\/334
|move|p2a: Bronzong|Psywave|p1a: DODMEN
|-damage|p1a: DODMEN|221\/334
|
|upkeep
|turn|7
|choice|switch 4|move toxic
|
|switch|p1a: precise|Tentacruel, M|364\/364
|-damage|p1a: precise|319\/364|[from] Stealth Rock
|move|p2a: Bronzong|Toxic|p1a: precise
|-immune|p1a: precise|[msg]
|
|-heal|p1a: precise|341\/364|[from] item: Black Sludge
|upkeep
|turn|8
|J|giara ★_★
|J|LucosDiCampos ✖
|c|☆starmaster|i aint how
|L|giara ★_★
|choice|move toxicspikes|move psywave
|
|move|p1a: precise|Toxic Spikes|p2a: Bronzong
|-sidestart|p2: starmaster|move: Toxic Spikes
|move|p2a: Bronzong|Psywave|p1a: precise
|-damage|p1a: precise|244\/364
|
|-heal|p1a: precise|266\/364|[from] item: Black Sludge
|upkeep
|turn|9
|choice|move toxicspikes|move psywave
|
|move|p1a: precise|Toxic Spikes|p2a: Bronzong
|-sidestart|p2: starmaster|move: Toxic Spikes
|move|p2a: Bronzong|Psywave|p1a: precise
|-damage|p1a: precise|158\/364
|
|-heal|p1a: precise|180\/364|[from] item: Black Sludge
|upkeep
|turn|10
|choice|switch 6|move psywave
|
|switch|p1a: brown|Krookodile, F|331\/331
|-damage|p1a: brown|311\/331|[from] Stealth Rock
|-ability|p1a: brown|Intimidate|boost
|-unboost|p2a: Bronzong|atk|1
|move|p2a: Bronzong|Psywave|p1a: brown
|-immune|p1a: brown|[msg]
|
|upkeep
|turn|11
|choice|move knockoff|move protect
|
|move|p2a: Bronzong|Protect|p2a: Bronzong
|-singleturn|p2a: Bronzong|Protect
|move|p1a: brown|Knock Off|p2a: Bronzong
|-activate|p2a: Bronzong|move: Protect
|
|upkeep
|turn|12
|choice|move knockoff|switch 6
|
|switch|p2a: Gligar|Gligar, F|333\/333
|-damage|p2a: Gligar|292\/333|[from] Stealth Rock
|move|p1a: brown|Knock Off|p2a: Gligar
|-crit|p2a: Gligar
|-damage|p2a: Gligar|126\/333
|-enditem|p2a: Gligar|Eviolite|[from] move: Knock Off|[of] p1a: brown
|
|upkeep
|turn|13
|c|☆starmaster|.
|c|☆starmaster|ofc dude
|choice|move knockoff|move defog
|
|move|p1a: brown|Knock Off|p2a: Gligar
|-damage|p2a: Gligar|14\/333
|move|p2a: Gligar|Defog|p1a: brown
|-unboost|p1a: brown|evasion|1
|-sideend|p1: ict ️|Stealth Rock|[from] move: Defog|[of] p1a: brown
|-sideend|p2: starmaster|Toxic Spikes|[from] move: Defog|[of] p2a: Gligar
|-sideend|p2: starmaster|Stealth Rock|[from] move: Defog|[of] p2a: Gligar
|
|upkeep
|turn|14
|c|+Omfuga|thts classic ict bro
|c|+Omfuga|its unreal
|J|wyn
|choice|move knockoff|move roost
|
|move|p1a: brown|Knock Off|p2a: Gligar
|-damage|p2a: Gligar|0 fnt
|faint|p2a: Gligar
|
|upkeep
|J|Nelson
|choice||switch 4
|
|switch|p2a: Conkeldurr|Conkeldurr, M|413\/413
|turn|15
|c|+Nelson|star is a fgt
|choice|switch 4|move bulkup
|
|switch|p1a: DODMEN|Gligar, M|221\/334
|move|p2a: Conkeldurr|Bulk Up|p2a: Conkeldurr
|-boost|p2a: Conkeldurr|atk|1
|-boost|p2a: Conkeldurr|def|1
|
|upkeep
|turn|16
|choice|move stealthrock|move knockoff
|
|move|p1a: DODMEN|Stealth Rock|p2a: Conkeldurr
|-sidestart|p2: starmaster|move: Stealth Rock
|move|p2a: Conkeldurr|Knock Off|p1a: DODMEN
|-damage|p1a: DODMEN|145\/334
|-enditem|p1a: DODMEN|Eviolite|[from] move: Knock Off|[of] p2a: Conkeldurr
|
|upkeep
|turn|17
|choice|move toxic|move drainpunch
|
|move|p1a: DODMEN|Toxic|p2a: Conkeldurr
|-status|p2a: Conkeldurr|tox
|move|p2a: Conkeldurr|Drain Punch|p1a: DODMEN
|-resisted|p1a: DODMEN
|-damage|p1a: DODMEN|49\/334
|
|-damage|p2a: Conkeldurr|388\/413 tox|[from] psn
|upkeep
|turn|18
|L|Pak
|J|Teddeh
|choice|move earthquake|move drainpunch
|
|move|p1a: DODMEN|Earthquake|p2a: Conkeldurr
|-damage|p2a: Conkeldurr|327\/413 tox
|move|p2a: Conkeldurr|Drain Punch|p1a: DODMEN
|-resisted|p1a: DODMEN
|-damage|p1a: DODMEN|0 fnt
|-heal|p2a: Conkeldurr|352\/413 tox|[from] drain|[of] p1a: DODMEN
|faint|p1a: DODMEN
|
|-heal|p2a: Conkeldurr|377\/413 tox|[from] item: Leftovers
|-damage|p2a: Conkeldurr|327\/413 tox|[from] psn
|upkeep
|L|Nelson
|choice|switch 6|
|
|switch|p1a: precise|Tentacruel, M|180\/364
|turn|19
|choice|move toxicspikes|move knockoff
|
|move|p1a: precise|Toxic Spikes|p2a: Conkeldurr
|-sidestart|p2: starmaster|move: Toxic Spikes
|move|p2a: Conkeldurr|Knock Off|p1a: precise
|-damage|p1a: precise|0 fnt
|-enditem|p1a: precise|Black Sludge|[from] move: Knock Off|[of] p2a: Conkeldurr
|faint|p1a: precise
|
|-heal|p2a: Conkeldurr|352\/413 tox|[from] item: Leftovers
|-damage|p2a: Conkeldurr|277\/413 tox|[from] psn
|upkeep
|c|+Omfuga|why didnt u roost
|choice|switch 3|
|
|switch|p1a: - UUTL|Sceptile, F|281\/281
|turn|20
|c|+Omfuga|and whyd u drain punch
|c|+Omfuga|smh
|c|☆starmaster|to catch roost
|c|☆starmaster|oO
|choice|move protect mega|move drainpunch
|
|detailschange|p1a: - UUTL|Sceptile-Mega, F
|-mega|p1a: - UUTL|Sceptile|Sceptilite
|move|p1a: - UUTL|Protect|p1a: - UUTL
|-singleturn|p1a: - UUTL|Protect
|move|p2a: Conkeldurr|Drain Punch|p1a: - UUTL
|-activate|p1a: - UUTL|move: Protect
|
|-heal|p2a: Conkeldurr|302\/413 tox|[from] item: Leftovers
|-damage|p2a: Conkeldurr|202\/413 tox|[from] psn
|upkeep
|turn|21
|c|+Omfuga|mach
|c|+Omfuga|KO'd
|c|+Omfuga|and if he roosted he'd have lived
|c|☆starmaster|did it really
|c|+Omfuga|i mean
|c|+Omfuga|drain did 29
|c|☆starmaster|whack
|choice|move leafstorm|switch 6
|
|switch|p2a: Bronzong|Bronzong|337\/337
|-damage|p2a: Bronzong|316\/337|[from] Stealth Rock
|move|p1a: - UUTL|Leaf Storm|p2a: Bronzong|[miss]
|-miss|p1a: - UUTL|p2a: Bronzong
|
|-heal|p2a: Bronzong|337\/337|[from] item: Leftovers
|upkeep
|turn|22
|c|+Omfuga|so im assuming
|c|+Omfuga|mach did 15
|choice|switch 2|move stealthrock
|
|switch|p1a: handsome|Lucario, M|281\/281
|move|p2a: Bronzong|Stealth Rock|p1a: handsome
|-sidestart|p1: ict ️|move: Stealth Rock
|
|upkeep
|turn|23
|c|☆ict ️|gg.
|L|mementoo morii
|c|+Omfuga|who won
|c|+Omfuga|im lost
|choice|move swordsdance|move psywave
|
|move|p1a: handsome|Swords Dance|p1a: handsome
|-boost|p1a: handsome|atk|2
|move|p2a: Bronzong|Psywave|p1a: handsome
|-damage|p1a: handsome|176\/281
|
|upkeep
|turn|24
|c|☆ict ️|i do
|c|+Omfuga|oh ok
|choice|move swordsdance|move psywave
|
|move|p1a: handsome|Swords Dance|p1a: handsome
|-boost|p1a: handsome|atk|2
|move|p2a: Bronzong|Psywave|p1a: handsome
|-damage|p1a: handsome|37\/281
|
|upkeep
|turn|25
|c|☆ict ️|.
|c|☆starmaster|is that so
|choice|move closecombat|move psywave
|
|move|p1a: handsome|Close Combat|p2a: Bronzong
|-crit|p2a: Bronzong
|-damage|p2a: Bronzong|0 fnt
|-unboost|p1a: handsome|def|1
|-unboost|p1a: handsome|spd|1
|-damage|p1a: handsome|9\/281|[from] item: Life Orb
|faint|p2a: Bronzong
|
|upkeep
|choice||switch 2
|
|switch|p2a: Suicune|Suicune|404\/404
|-status|p2a: Suicune|psn
|-damage|p2a: Suicune|354\/404 psn|[from] Stealth Rock
|-ability|p2a: Suicune|Pressure
|turn|26
|choice|move closecombat|move substitute
|
|move|p1a: handsome|Close Combat|p2a: Suicune
|-damage|p2a: Suicune|0 fnt
|-unboost|p1a: handsome|def|1
|-unboost|p1a: handsome|spd|1
|-damage|p1a: handsome|0 fnt|[from] item: Life Orb
|faint|p2a: Suicune
|faint|p1a: handsome
|
|upkeep
|choice|switch 2|switch 6
|
|switch|p1a: - UUTL|Sceptile-Mega, F|281\/281
|switch|p2a: Conkeldurr|Conkeldurr, M|202\/413 tox
|-damage|p1a: - UUTL|246\/281|[from] Stealth Rock
|-damage|p2a: Conkeldurr|177\/413 tox|[from] Stealth Rock
|turn|27
|choice|move gigadrain|switch 3
|
|switch|p2a: Sylveon|Sylveon, F|391\/391
|-damage|p2a: Sylveon|343\/391|[from] Stealth Rock
|-status|p2a: Sylveon|psn
|move|p1a: - UUTL|Giga Drain|p2a: Sylveon
|-damage|p2a: Sylveon|241\/391 psn
|-heal|p1a: - UUTL|281\/281|[from] drain|[of] p2a: Sylveon
|
|-heal|p2a: Sylveon|265\/391 psn|[from] item: Leftovers
|-damage|p2a: Sylveon|217\/391 psn|[from] psn
|upkeep
|turn|28
|choice|switch 5|switch 3
|
|switch|p1a: hetero|Snorlax, M|497\/497
|-damage|p1a: hetero|435\/497|[from] Stealth Rock
|switch|p2a: Conkeldurr|Conkeldurr, M|177\/413 tox
|-damage|p2a: Conkeldurr|152\/413 tox|[from] Stealth Rock
|
|-heal|p2a: Conkeldurr|177\/413 tox|[from] item: Leftovers
|-heal|p1a: hetero|466\/497|[from] item: Leftovers
|-damage|p2a: Conkeldurr|152\/413 tox|[from] psn
|upkeep
|turn|29
|choice|switch 4|move drainpunch
|
|switch|p1a: brown|Krookodile, F|311\/331
|-damage|p1a: brown|291\/331|[from] Stealth Rock
|-ability|p1a: brown|Intimidate|boost
|-unboost|p2a: Conkeldurr|atk|1
|move|p2a: Conkeldurr|Drain Punch|p1a: brown
|-supereffective|p1a: brown
|-damage|p1a: brown|7\/331
|-heal|p2a: Conkeldurr|294\/413 tox|[from] drain|[of] p1a: brown
|
|-heal|p2a: Conkeldurr|319\/413 tox|[from] item: Leftovers
|-damage|p2a: Conkeldurr|269\/413 tox|[from] psn
|upkeep
|turn|30
|choice|move earthquake|move machpunch
|
|move|p2a: Conkeldurr|Mach Punch|p1a: brown
|-supereffective|p1a: brown
|-damage|p1a: brown|0 fnt
|faint|p1a: brown
|
|-heal|p2a: Conkeldurr|294\/413 tox|[from] item: Leftovers
|-damage|p2a: Conkeldurr|219\/413 tox|[from] psn
|upkeep
|choice|switch 5|
|
|switch|p1a: - UUTL|Sceptile-Mega, F|281\/281
|-damage|p1a: - UUTL|246\/281|[from] Stealth Rock
|turn|31
|choice|move protect|switch 5
|
|switch|p2a: Houndoom|Houndoom, M|291\/291
|-status|p2a: Houndoom|psn
|-damage|p2a: Houndoom|219\/291 psn|[from] Stealth Rock
|move|p1a: - UUTL|Protect|p1a: - UUTL
|-fail|p1a: - UUTL
|
|-damage|p2a: Houndoom|183\/291 psn|[from] psn
|upkeep
|turn|32
|choice|move protect|move darkpulse mega
|
|detailschange|p2a: Houndoom|Houndoom-Mega, M
|-mega|p2a: Houndoom|Houndoom|Houndoominite
|move|p1a: - UUTL|Protect|p1a: - UUTL
|-singleturn|p1a: - UUTL|Protect
|move|p2a: Houndoom|Dark Pulse|p1a: - UUTL
|-activate|p1a: - UUTL|move: Protect
|
|-damage|p2a: Houndoom|147\/291 psn|[from] psn
|upkeep
|turn|33
|choice|move dragonpulse|move darkpulse
|
|move|p1a: - UUTL|Dragon Pulse|p2a: Houndoom
|-damage|p2a: Houndoom|0 fnt
|faint|p2a: Houndoom
|
|upkeep
|choice||switch 3
|
|switch|p2a: Sylveon|Sylveon, F|217\/391 psn
|-damage|p2a: Sylveon|169\/391 psn|[from] Stealth Rock
|turn|34
|choice|switch 4|move wish
|
|switch|p1a: hetero|Snorlax, M|466\/497
|-damage|p1a: hetero|404\/497|[from] Stealth Rock
|move|p2a: Sylveon|Wish|p2a: Sylveon
|
|-heal|p2a: Sylveon|193\/391 psn|[from] item: Leftovers
|-heal|p1a: hetero|435\/497|[from] item: Leftovers
|-damage|p2a: Sylveon|145\/391 psn|[from] psn
|upkeep
|turn|35
|J|Tynger ~~
|choice|switch 4|switch 5
|
|switch|p2a: Conkeldurr|Conkeldurr, M|219\/413 tox
|-damage|p2a: Conkeldurr|194\/413 tox|[from] Stealth Rock
|switch|p1a: - UUTL|Sceptile-Mega, F|246\/281
|-damage|p1a: - UUTL|211\/281|[from] Stealth Rock
|
|-heal|p2a: Conkeldurr|389\/413 tox|[from] move: Wish|[wisher] Sylveon
|-heal|p2a: Conkeldurr|413\/413 tox|[from] item: Leftovers
|-damage|p2a: Conkeldurr|388\/413 tox|[from] psn
|upkeep
|turn|36
|L|Tynger ~~
|choice|move protect|move drainpunch
|
|move|p1a: - UUTL|Protect|p1a: - UUTL
|-singleturn|p1a: - UUTL|Protect
|move|p2a: Conkeldurr|Drain Punch|p1a: - UUTL
|-activate|p1a: - UUTL|move: Protect
|
|-heal|p2a: Conkeldurr|413\/413 tox|[from] item: Leftovers
|-damage|p2a: Conkeldurr|363\/413 tox|[from] psn
|upkeep
|turn|37
|c|+Omfuga|why not heal bell
|choice|move gigadrain|move drainpunch
|
|move|p1a: - UUTL|Giga Drain|p2a: Conkeldurr
|-damage|p2a: Conkeldurr|228\/413 tox
|-heal|p1a: - UUTL|279\/281|[from] drain|[of] p2a: Conkeldurr
|move|p2a: Conkeldurr|Drain Punch|p1a: - UUTL
|-damage|p1a: - UUTL|51\/281
|-heal|p2a: Conkeldurr|342\/413 tox|[from] drain|[of] p1a: - UUTL
|
|-heal|p2a: Conkeldurr|367\/413 tox|[from] item: Leftovers
|-damage|p2a: Conkeldurr|292\/413 tox|[from] psn
|upkeep
|turn|38
|c|☆starmaster|dont i win oO
|c|+Omfuga|yea
|c|+Omfuga|u do.
|choice|move protect|move machpunch
|
|move|p1a: - UUTL|Protect|p1a: - UUTL
|-singleturn|p1a: - UUTL|Protect
|move|p2a: Conkeldurr|Mach Punch|p1a: - UUTL
|-activate|p1a: - UUTL|move: Protect
|
|-heal|p2a: Conkeldurr|317\/413 tox|[from] item: Leftovers
|-damage|p2a: Conkeldurr|217\/413 tox|[from] psn
|upkeep
|turn|39
|c|☆ict ️|yeah bc u literally get 50% psywave
|choice|move protect|move drainpunch
|
|move|p1a: - UUTL|Protect|p1a: - UUTL
|-fail|p1a: - UUTL
|move|p2a: Conkeldurr|Drain Punch|p1a: - UUTL
|-damage|p1a: - UUTL|0 fnt
|-heal|p2a: Conkeldurr|243\/413 tox|[from] drain|[of] p1a: - UUTL
|faint|p1a: - UUTL
|
|-heal|p2a: Conkeldurr|268\/413 tox|[from] item: Leftovers
|-damage|p2a: Conkeldurr|143\/413 tox|[from] psn
|upkeep
|c|+Omfuga|,.
|c|+Omfuga|LMFAO
|choice|switch 4|
|
|switch|p1a: hetero|Snorlax, M|435\/497
|-damage|p1a: hetero|373\/497|[from] Stealth Rock
|turn|40
|c|+Omfuga|WHAT A TURN!!
|c|☆starmaster|stunt
|c|+Omfuga|it wasnt
|c|+Omfuga|stunt
|c|+Omfuga|u didnt wanna lose
|c|+Omfuga|to lax double
|c|+Omfuga|smfh
|choice|move curse|move drainpunch
|
|move|p2a: Conkeldurr|Drain Punch|p1a: hetero
|-supereffective|p1a: hetero
|-damage|p1a: hetero|0 fnt
|-heal|p2a: Conkeldurr|330\/413 tox|[from] drain|[of] p1a: hetero
|faint|p1a: hetero
|
|win|starmaster</script>
</div>
<div class="battle-log battle-log-inline"><div class="inner"><div class="battle-options"></div><div class="inner"><div class="chat message-error">Battle timer is ON: inactive players will automatically lose when time's up.</div><div class=""><small>Format:</small> <br><strong>UU</strong></div><div class=""><small><em>Sleep Clause Mod:</em> Limit one foe put to sleep</small></div><div class=""><small><em>Species Clause:</em> Limit one of each Pokémon</small></div><div class=""><small><em>OHKO Clause:</em> OHKO moves are banned</small></div><div class=""><small><em>Moody Clause:</em> Moody is banned</small></div><div class=""><small><em>Evasion Moves Clause:</em> Evasion moves are banned</small></div><div class=""><small><em>Endless Battle Clause:</em> Forcing endless battles is banned</small></div><div class=""><small><em>HP Percentage Mod:</em> HP is shown in percentages</small></div><div class=""><small><em>Swagger Clause:</em> Swagger is banned</small></div><div class=""><small><em>Baton Pass Clause:</em> Limit one Baton Passer, can't pass Spe and other stats simultaneously</small></div><div class="chat battle-history"><strong>ict ️'s team:</strong> <em style="color:#445566;display:block;">Krookodile / Lucario / Sceptile / Tentacruel / Snorlax / Gligar</em></div><div class="chat battle-history"><strong>starmaster's team:</strong> <em style="color:#445566;display:block;">Suicune / Bronzong / Sylveon / Conkeldurr / Houndoom / Gligar</em></div><div class="chat chatmessage-omfuga"><strong style="color:hsl(319,50%,48.93417352725278%)"><small>+</small><span class="username" data-name="Omfuga">Omfuga</span>:</strong> <em>.</em></div><div class="chat chatmessage-omfuga"><strong style="color:hsl(319,50%,48.93417352725278%)"><small>+</small><span class="username" data-name="Omfuga">Omfuga</span>:</strong> <em>I wasnt done with you yet</em></div><div class="chat chatmessage-ict"><strong style="color:hsl(281,40%,50.792432564636634%)"><small>☆</small><span class="username" data-name="ict ️">ict ️</span>:</strong> <em>im so done with u for today tho</em></div><div class="chat chatmessage-starmaster"><strong style="color:hsl(303,67%,40%)"><small>☆</small><span class="username" data-name="starmaster">starmaster</span>:</strong> <em>LOL</em></div><div class="chat chatmessage-omfuga"><strong style="color:hsl(319,50%,48.93417352725278%)"><small>+</small><span class="username" data-name="Omfuga">Omfuga</span>:</strong> <em>LOLOLOL</em></div><div class="chat chatmessage-omfuga"><strong style="color:hsl(319,50%,48.93417352725278%)"><small>+</small><span class="username" data-name="Omfuga">Omfuga</span>:</strong> <em>this how every friendly session with me ends</em></div><div class="spacer battle-history"><br></div><div class="battle-history">Battle started between ict ️ and starmaster!<br></div><div class="spacer battle-history"><br></div><div class="battle-history">Go! DODMEN (<strong>Gligar</strong>)!<br></div><div class="spacer battle-history"><br></div><div class="battle-history">starmaster sent out <strong>Bronzong</strong>!<br></div><div class="spacer battle-history"><br></div><h2 class="battle-history">Turn 1</h2><div class="chat chatmessage-omfuga"><strong style="color:hsl(319,50%,48.93417352725278%)"><small>+</small><span class="username" data-name="Omfuga">Omfuga</span>:</strong> <em>my "friends" jealous of my unrealistic adaptation</em></div><div class="chat chatmessage-omfuga"><strong style="color:hsl(319,50%,48.93417352725278%)"><small>+</small><span class="username" data-name="Omfuga">Omfuga</span>:</strong> <em>lol.</em></div><div class="spacer battle-history"><br></div><div class="battle-history">DODMEN used <strong>Stealth Rock</strong>!<br></div><div class="battle-history"><small>Pointed stones float in the air around the opposing team!</small><br></div><div class="spacer battle-history"><br></div><div class="battle-history">The opposing Bronzong used <strong>Stealth Rock</strong>!<br></div><div class="battle-history"><small>Pointed stones float in the air around your team!</small><br></div><div class="spacer battle-history"><br></div><h2 class="battle-history">Turn 2</h2><div class="spacer battle-history"><br></div><div class="battle-history">DODMEN used <strong>Toxic</strong>!<br></div><div class="battle-history"><small>It doesn't affect the opposing Bronzong...</small><br></div><div class="spacer battle-history"><br></div><div class="battle-history">The opposing Bronzong used <strong>Toxic</strong>!<br></div><div class="battle-history"><small>[DODMEN's Immunity]</small><br><small>It doesn't affect DODMEN...</small><br></div><div class="spacer battle-history"><br></div><h2 class="battle-history">Turn 3</h2><div class="chat chatmessage-starmaster"><strong style="color:hsl(303,67%,40%)"><small>☆</small><span class="username" data-name="starmaster">starmaster</span>:</strong> <em>wpwp</em></div><div class="spacer battle-history"><br></div><div class="battle-history">DODMEN used <strong>Toxic</strong>!<br></div><div class="battle-history"><small>It doesn't affect the opposing Bronzong...</small><br></div><div class="spacer battle-history"><br></div><div class="battle-history">The opposing Bronzong used <strong>Psywave</strong>!<br></div><div class="battle-history"><small>(DODMEN lost <abbr title="−93/334">27.8%</abbr> of its health!)</small><br></div><div class="spacer battle-history"><br></div><h2 class="battle-history">Turn 4</h2><div class="spacer battle-history"><br></div><div class="battle-history">DODMEN used <strong>Toxic</strong>!<br></div><div class="battle-history"><small>It doesn't affect the opposing Bronzong...</small><br></div><div class="spacer battle-history"><br></div><div class="battle-history">The opposing Bronzong used <strong>Psywave</strong>!<br></div><div class="battle-history"><small>(DODMEN lost <abbr title="−128/334">38.3%</abbr> of its health!)</small><br></div><div class="spacer battle-history"><br></div><h2 class="battle-history">Turn 5</h2><div class="spacer battle-history"><br></div><div class="battle-history">DODMEN used <strong>Roost</strong>!<br></div><div class="battle-history"><small>DODMEN restored its HP.</small><br></div><div class="spacer battle-history"><br></div><div class="battle-history">The opposing Bronzong used <strong>Psywave</strong>!<br></div><div class="battle-history"><small>(DODMEN lost <abbr title="−129/334">38.6%</abbr> of its health!)</small><br></div><div class="spacer battle-history"><br></div><h2 class="battle-history">Turn 6</h2><div class="spacer battle-history"><br></div><div class="battle-history">DODMEN used <strong>Roost</strong>!<br></div><div class="battle-history"><small>DODMEN restored its HP.</small><br></div><div class="spacer battle-history"><br></div><div class="battle-history">The opposing Bronzong used <strong>Psywave</strong>!<br></div><div class="battle-history"><small>(DODMEN lost <abbr title="−97/334">29.0%</abbr> of its health!)</small><br></div><div class="spacer battle-history"><br></div><h2 class="battle-history">Turn 7</h2><div class="spacer battle-history"><br></div><div class="battle-history">DODMEN, come back!<br></div><div class="battle-history">Go! precise (<strong>Tentacruel</strong>)!<br></div><div class="battle-history"><small>Pointed stones dug into precise!</small><br></div><div class="spacer battle-history"><br></div><div class="battle-history">The opposing Bronzong used <strong>Toxic</strong>!<br></div><div class="battle-history"><small>It doesn't affect precise...</small><br></div><div class="spacer battle-history"><br></div><div class="battle-history"><small>precise restored a little HP using its Black Sludge!</small><br></div><div class="spacer battle-history"><br></div><h2 class="battle-history">Turn 8</h2><div class="chat chatmessage-starmaster"><strong style="color:hsl(303,67%,40%)"><small>☆</small><span class="username" data-name="starmaster">starmaster</span>:</strong> <em>i aint how</em></div><div class="spacer battle-history"><br></div><div class="battle-history">precise used <strong>Toxic Spikes</strong>!<br></div><div class="battle-history"><small>Poison spikes were scattered on the ground all around the opposing team!</small><br></div><div class="spacer battle-history"><br></div><div class="battle-history">The opposing Bronzong used <strong>Psywave</strong>!<br></div><div class="battle-history"><small>(precise lost <abbr title="−97/364">26.6%</abbr> of its health!)</small><br></div><div class="spacer battle-history"><br></div><div class="battle-history"><small>precise restored a little HP using its Black Sludge!</small><br></div><div class="spacer battle-history"><br></div><h2 class="battle-history">Turn 9</h2><div class="spacer battle-history"><br></div><div class="battle-history">precise used <strong>Toxic Spikes</strong>!<br></div><div class="battle-history"><small>Poison spikes were scattered on the ground all around the opposing team!</small><br></div><div class="spacer battle-history"><br></div><div class="battle-history">The opposing Bronzong used <strong>Psywave</strong>!<br></div><div class="battle-history"><small>(precise lost <abbr title="−108/364">29.7%</abbr> of its health!)</small><br></div><div class="spacer battle-history"><br></div><div class="battle-history"><small>precise restored a little HP using its Black Sludge!</small><br></div><div class="spacer battle-history"><br></div><h2 class="battle-history">Turn 10</h2><div class="spacer battle-history"><br></div><div class="battle-history">precise, come back!<br></div><div class="battle-history">Go! brown (<strong>Krookodile</strong>)!<br></div><div class="battle-history"><small>Pointed stones dug into brown!</small><br></div><div class="battle-history"><small>[brown's Intimidate]</small><br></div><div class="battle-history"><small>The opposing Bronzong's Attack fell!</small><br></div><div class="spacer battle-history"><br></div><div class="battle-history">The opposing Bronzong used <strong>Psywave</strong>!<br></div><div class="battle-history"><small>It doesn't affect brown...</small><br></div><div class="spacer battle-history"><br></div><h2 class="battle-history">Turn 11</h2><div class="spacer battle-history"><br></div><div class="battle-history">The opposing Bronzong used <strong>Protect</strong>!<br></div><div class="battle-history"><small>The opposing Bronzong protected itself!</small><br></div><div class="spacer battle-history"><br></div><div class="battle-history">brown used <strong>Knock Off</strong>!<br></div><div class="battle-history"><small>The opposing Bronzong protected itself!</small><br></div><div class="spacer battle-history"><br></div><h2 class="battle-history">Turn 12</h2><div class="spacer battle-history"><br></div><div class="battle-history">starmaster withdrew Bronzong!<br></div><div class="battle-history">starmaster sent out <strong>Gligar</strong>!<br></div><div class="battle-history"><small>Pointed stones dug into the opposing Gligar!</small><br></div><div class="spacer battle-history"><br></div><div class="battle-history">brown used <strong>Knock Off</strong>!<br></div><div class="battle-history"><small>A critical hit!</small><br></div><div class="battle-history"><small>(The opposing Gligar lost <abbr title="−166/333">49.8%</abbr> of its health!)</small><br></div><div class="battle-history"><small>brown knocked off the opposing Gligar's Eviolite!</small><br></div><div class="spacer battle-history"><br></div><h2 class="battle-history">Turn 13</h2><div class="chat chatmessage-starmaster"><strong style="color:hsl(303,67%,40%)"><small>☆</small><span class="username" data-name="starmaster">starmaster</span>:</strong> <em>.</em></div><div class="chat chatmessage-starmaster"><strong style="color:hsl(303,67%,40%)"><small>☆</small><span class="username" data-name="starmaster">starmaster</span>:</strong> <em>ofc dude</em></div><div class="spacer battle-history"><br></div><div class="battle-history">brown used <strong>Knock Off</strong>!<br></div><div class="battle-history"><small>(The opposing Gligar lost <abbr title="−112/333">33.6%</abbr> of its health!)</small><br></div><div class="spacer battle-history"><br></div><div class="battle-history">The opposing Gligar used <strong>Defog</strong>!<br></div><div class="battle-history"><small>brown's evasiveness fell!</small><br></div><div class="battle-history"><small>The pointed stones disappeared from around your team!</small><br></div><div class="battle-history"><small>The poison spikes disappeared from the ground around the opposing team!</small><br></div><div class="battle-history"><small>The pointed stones disappeared from around the opposing team!</small><br></div><div class="spacer battle-history"><br></div><h2 class="battle-history">Turn 14</h2><div class="chat chatmessage-omfuga"><strong style="color:hsl(319,50%,48.93417352725278%)"><small>+</small><span class="username" data-name="Omfuga">Omfuga</span>:</strong> <em>thts classic ict bro</em></div><div class="chat chatmessage-omfuga"><strong style="color:hsl(319,50%,48.93417352725278%)"><small>+</small><span class="username" data-name="Omfuga">Omfuga</span>:</strong> <em>its unreal</em></div><div class="spacer battle-history"><br></div><div class="battle-history">brown used <strong>Knock Off</strong>!<br></div><div class="battle-history"><small>(The opposing Gligar lost <abbr title="−14/333">4.2%</abbr> of its health!)</small><br></div><div class="spacer battle-history"><br></div><div class="battle-history">The opposing Gligar fainted!<br></div><div class="spacer battle-history"><br></div><div class="battle-history">starmaster sent out <strong>Conkeldurr</strong>!<br></div><div class="spacer battle-history"><br></div><h2 class="battle-history">Turn 15</h2><div class="chat chatmessage-nelson"><strong style="color:hsl(200,51%,40%)"><small>+</small><span class="username" data-name="Nelson">Nelson</span>:</strong> <em>star is a fgt</em></div><div class="spacer battle-history"><br></div><div class="battle-history">brown, come back!<br></div><div class="battle-history">Go! DODMEN (<strong>Gligar</strong>)!<br></div><div class="spacer battle-history"><br></div><div class="battle-history">The opposing Conkeldurr used <strong>Bulk Up</strong>!<br></div><div class="battle-history"><small>The opposing Conkeldurr's Attack rose!</small><br></div><div class="battle-history"><small>The opposing Conkeldurr's Defense rose!</small><br></div><div class="spacer battle-history"><br></div><h2 class="battle-history">Turn 16</h2><div class="spacer battle-history"><br></div><div class="battle-history">DODMEN used <strong>Stealth Rock</strong>!<br></div><div class="battle-history"><small>Pointed stones float in the air around the opposing team!</small><br></div><div class="spacer battle-history"><br></div><div class="battle-history">The opposing Conkeldurr used <strong>Knock Off</strong>!<br></div><div class="battle-history"><small>(DODMEN lost <abbr title="−76/334">22.8%</abbr> of its health!)</small><br></div><div class="battle-history"><small>The opposing Conkeldurr knocked off DODMEN's Eviolite!</small><br></div><div class="spacer battle-history"><br></div><h2 class="battle-history">Turn 17</h2><div class="spacer battle-history"><br></div><div class="battle-history">DODMEN used <strong>Toxic</strong>!<br></div><div class="battle-history"><small>The opposing Conkeldurr was badly poisoned!</small><br></div><div class="spacer battle-history"><br></div><div class="battle-history">The opposing Conkeldurr used <strong>Drain Punch</strong>!<br></div><div class="battle-history"><small>It's not very effective...</small><br></div><div class="battle-history"><small>(DODMEN lost <abbr title="−96/334">28.7%</abbr> of its health!)</small><br></div><div class="spacer battle-history"><br></div><div class="battle-history"><small>The opposing Conkeldurr was hurt by poison!</small><br></div><div class="spacer battle-history"><br></div><h2 class="battle-history">Turn 18</h2><div class="spacer battle-history"><br></div><div class="battle-history">DODMEN used <strong>Earthquake</strong>!<br></div><div class="battle-history"><small>(The opposing Conkeldurr lost <abbr title="−61/413">14.8%</abbr> of its health!)</small><br></div><div class="spacer battle-history"><br></div><div class="battle-history">The opposing Conkeldurr used <strong>Drain Punch</strong>!<br></div><div class="battle-history"><small>It's not very effective...</small><br></div><div class="battle-history"><small>(DODMEN lost <abbr title="−49/334">14.7%</abbr> of its health!)</small><br></div><div class="battle-history"><small>DODMEN had its energy drained!</small><br></div><div class="spacer battle-history"><br></div><div class="battle-history">DODMEN fainted!<br></div><div class="spacer battle-history"><br></div><div class="battle-history"><small>The opposing Conkeldurr restored a little HP using its Leftovers!</small><br></div><div class="battle-history"><small>The opposing Conkeldurr was hurt by poison!</small><br></div><div class="spacer battle-history"><br></div><div class="battle-history">Go! precise (<strong>Tentacruel</strong>)!<br></div><div class="spacer battle-history"><br></div><h2 class="battle-history">Turn 19</h2><div class="spacer battle-history"><br></div><div class="battle-history">precise used <strong>Toxic Spikes</strong>!<br></div><div class="battle-history"><small>Poison spikes were scattered on the ground all around the opposing team!</small><br></div><div class="spacer battle-history"><br></div><div class="battle-history">The opposing Conkeldurr used <strong>Knock Off</strong>!<br></div><div class="battle-history"><small>(precise lost <abbr title="−180/364">49.5%</abbr> of its health!)</small><br></div><div class="battle-history"><small>The opposing Conkeldurr knocked off precise's Black Sludge!</small><br></div><div class="spacer battle-history"><br></div><div class="battle-history">precise fainted!<br></div><div class="spacer battle-history"><br></div><div class="battle-history"><small>The opposing Conkeldurr restored a little HP using its Leftovers!</small><br></div><div class="battle-history"><small>The opposing Conkeldurr was hurt by poison!</small><br></div><div class="chat chatmessage-omfuga"><strong style="color:hsl(319,50%,48.93417352725278%)"><small>+</small><span class="username" data-name="Omfuga">Omfuga</span>:</strong> <em>why didnt u roost</em></div><div class="spacer battle-history"><br></div><div class="battle-history">Go! - UUTL (<strong>Sceptile</strong>)!<br></div><div class="spacer battle-history"><br></div><h2 class="battle-history">Turn 20</h2><div class="chat chatmessage-omfuga"><strong style="color:hsl(319,50%,48.93417352725278%)"><small>+</small><span class="username" data-name="Omfuga">Omfuga</span>:</strong> <em>and whyd u drain punch</em></div><div class="chat chatmessage-omfuga"><strong style="color:hsl(319,50%,48.93417352725278%)"><small>+</small><span class="username" data-name="Omfuga">Omfuga</span>:</strong> <em>smh</em></div><div class="chat chatmessage-starmaster"><strong style="color:hsl(303,67%,40%)"><small>☆</small><span class="username" data-name="starmaster">starmaster</span>:</strong> <em>to catch roost</em></div><div class="chat chatmessage-starmaster"><strong style="color:hsl(303,67%,40%)"><small>☆</small><span class="username" data-name="starmaster">starmaster</span>:</strong> <em>oO</em></div><div class="spacer battle-history"><br></div><div class="battle-history"><small>- UUTL's Sceptilite is reacting to ict ️'s Mega Bracelet!</small><br>- UUTL has Mega Evolved into Mega Sceptile!<br></div><div class="spacer battle-history"><br></div><div class="battle-history">- UUTL used <strong>Protect</strong>!<br></div><div class="battle-history"><small>- UUTL protected itself!</small><br></div><div class="spacer battle-history"><br></div><div class="battle-history">The opposing Conkeldurr used <strong>Drain Punch</strong>!<br></div><div class="battle-history"><small>- UUTL protected itself!</small><br></div><div class="spacer battle-history"><br></div><div class="battle-history"><small>The opposing Conkeldurr restored a little HP using its Leftovers!</small><br></div><div class="battle-history"><small>The opposing Conkeldurr was hurt by poison!</small><br></div><div class="spacer battle-history"><br></div><h2 class="battle-history">Turn 21</h2><div class="chat chatmessage-omfuga"><strong style="color:hsl(319,50%,48.93417352725278%)"><small>+</small><span class="username" data-name="Omfuga">Omfuga</span>:</strong> <em>mach</em></div><div class="chat chatmessage-omfuga"><strong style="color:hsl(319,50%,48.93417352725278%)"><small>+</small><span class="username" data-name="Omfuga">Omfuga</span>:</strong> <em>KO'd</em></div><div class="chat chatmessage-omfuga"><strong style="color:hsl(319,50%,48.93417352725278%)"><small>+</small><span class="username" data-name="Omfuga">Omfuga</span>:</strong> <em>and if he roosted he'd have lived</em></div><div class="chat chatmessage-starmaster"><strong style="color:hsl(303,67%,40%)"><small>☆</small><span class="username" data-name="starmaster">starmaster</span>:</strong> <em>did it really</em></div><div class="chat chatmessage-omfuga"><strong style="color:hsl(319,50%,48.93417352725278%)"><small>+</small><span class="username" data-name="Omfuga">Omfuga</span>:</strong> <em>i mean</em></div><div class="chat chatmessage-omfuga"><strong style="color:hsl(319,50%,48.93417352725278%)"><small>+</small><span class="username" data-name="Omfuga">Omfuga</span>:</strong> <em>drain did 29</em></div><div class="chat chatmessage-starmaster"><strong style="color:hsl(303,67%,40%)"><small>☆</small><span class="username" data-name="starmaster">starmaster</span>:</strong> <em>whack</em></div><div class="spacer battle-history"><br></div><div class="battle-history">starmaster withdrew Conkeldurr!<br></div><div class="battle-history">starmaster sent out <strong>Bronzong</strong>!<br></div><div class="battle-history"><small>Pointed stones dug into the opposing Bronzong!</small><br></div><div class="spacer battle-history"><br></div><div class="battle-history">- UUTL used <strong>Leaf Storm</strong>!<br></div><div class="battle-history"><small>The opposing Bronzong avoided the attack!</small><br></div><div class="spacer battle-history"><br></div><div class="battle-history"><small>The opposing Bronzong restored a little HP using its Leftovers!</small><br></div><div class="spacer battle-history"><br></div><h2 class="battle-history">Turn 22</h2><div class="chat chatmessage-omfuga"><strong style="color:hsl(319,50%,48.93417352725278%)"><small>+</small><span class="username" data-name="Omfuga">Omfuga</span>:</strong> <em>so im assuming</em></div><div class="chat chatmessage-omfuga"><strong style="color:hsl(319,50%,48.93417352725278%)"><small>+</small><span class="username" data-name="Omfuga">Omfuga</span>:</strong> <em>mach did 15</em></div><div class="spacer battle-history"><br></div><div class="battle-history">- UUTL, come back!<br></div><div class="battle-history">Go! handsome (<strong>Lucario</strong>)!<br></div><div class="spacer battle-history"><br></div><div class="battle-history">The opposing Bronzong used <strong>Stealth Rock</strong>!<br></div><div class="battle-history"><small>Pointed stones float in the air around your team!</small><br></div><div class="spacer battle-history"><br></div><h2 class="battle-history">Turn 23</h2><div class="chat chatmessage-ict"><strong style="color:hsl(281,40%,50.792432564636634%)"><small>☆</small><span class="username" data-name="ict ️">ict ️</span>:</strong> <em>gg.</em></div><div class="chat chatmessage-omfuga"><strong style="color:hsl(319,50%,48.93417352725278%)"><small>+</small><span class="username" data-name="Omfuga">Omfuga</span>:</strong> <em>who won</em></div><div class="chat chatmessage-omfuga"><strong style="color:hsl(319,50%,48.93417352725278%)"><small>+</small><span class="username" data-name="Omfuga">Omfuga</span>:</strong> <em>im lost</em></div><div class="spacer battle-history"><br></div><div class="battle-history">handsome used <strong>Swords Dance</strong>!<br></div><div class="battle-history"><small>handsome's Attack rose sharply!</small><br></div><div class="spacer battle-history"><br></div><div class="battle-history">The opposing Bronzong used <strong>Psywave</strong>!<br></div><div class="battle-history"><small>(handsome lost <abbr title="−105/281">37.4%</abbr> of its health!)</small><br></div><div class="spacer battle-history"><br></div><h2 class="battle-history">Turn 24</h2><div class="chat chatmessage-ict"><strong style="color:hsl(281,40%,50.792432564636634%)"><small>☆</small><span class="username" data-name="ict ️">ict ️</span>:</strong> <em>i do</em></div><div class="chat chatmessage-omfuga"><strong style="color:hsl(319,50%,48.93417352725278%)"><small>+</small><span class="username" data-name="Omfuga">Omfuga</span>:</strong> <em>oh ok</em></div><div class="spacer battle-history"><br></div><div class="battle-history">handsome used <strong>Swords Dance</strong>!<br></div><div class="battle-history"><small>handsome's Attack rose sharply!</small><br></div><div class="spacer battle-history"><br></div><div class="battle-history">The opposing Bronzong used <strong>Psywave</strong>!<br></div><div class="battle-history"><small>(handsome lost <abbr title="−139/281">49.5%</abbr> of its health!)</small><br></div><div class="spacer battle-history"><br></div><h2 class="battle-history">Turn 25</h2><div class="chat chatmessage-ict"><strong style="color:hsl(281,40%,50.792432564636634%)"><small>☆</small><span class="username" data-name="ict ️">ict ️</span>:</strong> <em>.</em></div><div class="chat chatmessage-starmaster"><strong style="color:hsl(303,67%,40%)"><small>☆</small><span class="username" data-name="starmaster">starmaster</span>:</strong> <em>is that so</em></div><div class="spacer battle-history"><br></div><div class="battle-history">handsome used <strong>Close Combat</strong>!<br></div><div class="battle-history"><small>A critical hit!</small><br></div><div class="battle-history"><small>(The opposing Bronzong lost <abbr title="−337/337">100%</abbr> of its health!)</small><br></div><div class="battle-history"><small>handsome's Defense fell!</small><br></div><div class="battle-history"><small>handsome's Special Defense fell!</small><br></div><div class="battle-history"><small>handsome lost some of its HP!</small><br></div><div class="spacer battle-history"><br></div><div class="battle-history">The opposing Bronzong fainted!<br></div><div class="spacer battle-history"><br></div><div class="battle-history">starmaster sent out <strong>Suicune</strong>!<br></div><div class="battle-history"><small>The opposing Suicune was poisoned!</small><br></div><div class="battle-history"><small>Pointed stones dug into the opposing Suicune!</small><br></div><div class="battle-history"><small>[The opposing Suicune's Pressure]</small><br><small>The opposing Suicune is exerting its pressure!</small><br></div><div class="spacer battle-history"><br></div><h2 class="battle-history">Turn 26</h2><div class="spacer battle-history"><br></div><div class="battle-history">handsome used <strong>Close Combat</strong>!<br></div><div class="battle-history"><small>(The opposing Suicune lost <abbr title="−354/404">87.6%</abbr> of its health!)</small><br></div><div class="battle-history"><small>handsome's Defense fell!</small><br></div><div class="battle-history"><small>handsome's Special Defense fell!</small><br></div><div class="battle-history"><small>handsome lost some of its HP!</small><br></div><div class="spacer battle-history"><br></div><div class="battle-history">The opposing Suicune fainted!<br></div><div class="battle-history">handsome fainted!<br></div><div class="spacer battle-history"><br></div><div class="battle-history">Go! - UUTL (<strong>Sceptile-Mega</strong>)!<br></div><div class="spacer battle-history"><br></div><div class="battle-history">starmaster sent out <strong>Conkeldurr</strong>!<br></div><div class="battle-history"><small>Pointed stones dug into - UUTL!</small><br></div><div class="battle-history"><small>Pointed stones dug into the opposing Conkeldurr!</small><br></div><div class="spacer battle-history"><br></div><h2 class="battle-history">Turn 27</h2><div class="spacer battle-history"><br></div><div class="battle-history">starmaster withdrew Conkeldurr!<br></div><div class="battle-history">starmaster sent out <strong>Sylveon</strong>!<br></div><div class="battle-history"><small>Pointed stones dug into the opposing Sylveon!</small><br></div><div class="battle-history"><small>The opposing Sylveon was poisoned!</small><br></div><div class="spacer battle-history"><br></div><div class="battle-history">- UUTL used <strong>Giga Drain</strong>!<br></div><div class="battle-history"><small>(The opposing Sylveon lost <abbr title="−102/391">26.1%</abbr> of its health!)</small><br></div><div class="battle-history"><small>The opposing Sylveon had its energy drained!</small><br></div><div class="spacer battle-history"><br></div><div class="battle-history"><small>The opposing Sylveon restored a little HP using its Leftovers!</small><br></div><div class="battle-history"><small>The opposing Sylveon was hurt by poison!</small><br></div><div class="spacer battle-history"><br></div><h2 class="battle-history">Turn 28</h2><div class="spacer battle-history"><br></div><div class="battle-history">- UUTL, come back!<br></div><div class="battle-history">Go! hetero (<strong>Snorlax</strong>)!<br></div><div class="battle-history"><small>Pointed stones dug into hetero!</small><br></div><div class="spacer battle-history"><br></div><div class="battle-history">starmaster withdrew Sylveon!<br></div><div class="battle-history">starmaster sent out <strong>Conkeldurr</strong>!<br></div><div class="battle-history"><small>Pointed stones dug into the opposing Conkeldurr!</small><br></div><div class="spacer battle-history"><br></div><div class="battle-history"><small>The opposing Conkeldurr restored a little HP using its Leftovers!</small><br></div><div class="battle-history"><small>hetero restored a little HP using its Leftovers!</small><br></div><div class="battle-history"><small>The opposing Conkeldurr was hurt by poison!</small><br></div><div class="spacer battle-history"><br></div><h2 class="battle-history">Turn 29</h2><div class="spacer battle-history"><br></div><div class="battle-history">hetero, come back!<br></div><div class="battle-history">Go! brown (<strong>Krookodile</strong>)!<br></div><div class="battle-history"><small>Pointed stones dug into brown!</small><br></div><div class="battle-history"><small>[brown's Intimidate]</small><br></div><div class="battle-history"><small>The opposing Conkeldurr's Attack fell!</small><br></div><div class="spacer battle-history"><br></div><div class="battle-history">The opposing Conkeldurr used <strong>Drain Punch</strong>!<br></div><div class="battle-history"><small>It's super effective!</small><br></div><div class="battle-history"><small>(brown lost <abbr title="−284/331">85.8%</abbr> of its health!)</small><br></div><div class="battle-history"><small>brown had its energy drained!</small><br></div><div class="spacer battle-history"><br></div><div class="battle-history"><small>The opposing Conkeldurr restored a little HP using its Leftovers!</small><br></div><div class="battle-history"><small>The opposing Conkeldurr was hurt by poison!</small><br></div><div class="spacer battle-history"><br></div><h2 class="battle-history">Turn 30</h2><div class="spacer battle-history"><br></div><div class="battle-history">The opposing Conkeldurr used <strong>Mach Punch</strong>!<br></div><div class="battle-history"><small>It's super effective!</small><br></div><div class="battle-history"><small>(brown lost <abbr title="−7/331">2.1%</abbr> of its health!)</small><br></div><div class="spacer battle-history"><br></div><div class="battle-history">brown fainted!<br></div><div class="spacer battle-history"><br></div><div class="battle-history"><small>The opposing Conkeldurr restored a little HP using its Leftovers!</small><br></div><div class="battle-history"><small>The opposing Conkeldurr was hurt by poison!</small><br></div><div class="spacer battle-history"><br></div><div class="battle-history">Go! - UUTL (<strong>Sceptile-Mega</strong>)!<br></div><div class="battle-history"><small>Pointed stones dug into - UUTL!</small><br></div><div class="spacer battle-history"><br></div><h2 class="battle-history">Turn 31</h2><div class="spacer battle-history"><br></div><div class="battle-history">starmaster withdrew Conkeldurr!<br></div><div class="battle-history">starmaster sent out <strong>Houndoom</strong>!<br></div><div class="battle-history"><small>The opposing Houndoom was poisoned!</small><br></div><div class="battle-history"><small>Pointed stones dug into the opposing Houndoom!</small><br></div><div class="spacer battle-history"><br></div><div class="battle-history">- UUTL used <strong>Protect</strong>!<br></div><div class="battle-history"><small>But it failed!</small><br></div><div class="spacer battle-history"><br></div><div class="battle-history"><small>The opposing Houndoom was hurt by poison!</small><br></div><div class="spacer battle-history"><br></div><h2 class="battle-history">Turn 32</h2><div class="spacer battle-history"><br></div><div class="battle-history"><small>The opposing Houndoom's Houndoominite is reacting to starmaster's Mega Bracelet!</small><br>The opposing Houndoom has Mega Evolved into Mega Houndoom!<br></div><div class="spacer battle-history"><br></div><div class="battle-history">- UUTL used <strong>Protect</strong>!<br></div><div class="battle-history"><small>- UUTL protected itself!</small><br></div><div class="spacer battle-history"><br></div><div class="battle-history">The opposing Houndoom used <strong>Dark Pulse</strong>!<br></div><div class="battle-history"><small>- UUTL protected itself!</small><br></div><div class="spacer battle-history"><br></div><div class="battle-history"><small>The opposing Houndoom was hurt by poison!</small><br></div><div class="spacer battle-history"><br></div><h2 class="battle-history">Turn 33</h2><div class="spacer battle-history"><br></div><div class="battle-history">- UUTL used <strong>Dragon Pulse</strong>!<br></div><div class="battle-history"><small>(The opposing Houndoom lost <abbr title="−147/291">50.5%</abbr> of its health!)</small><br></div><div class="spacer battle-history"><br></div><div class="battle-history">The opposing Houndoom fainted!<br></div><div class="spacer battle-history"><br></div><div class="battle-history">starmaster sent out <strong>Sylveon</strong>!<br></div><div class="battle-history"><small>Pointed stones dug into the opposing Sylveon!</small><br></div><div class="spacer battle-history"><br></div><h2 class="battle-history">Turn 34</h2><div class="spacer battle-history"><br></div><div class="battle-history">- UUTL, come back!<br></div><div class="battle-history">Go! hetero (<strong>Snorlax</strong>)!<br></div><div class="battle-history"><small>Pointed stones dug into hetero!</small><br></div><div class="spacer battle-history"><br></div><div class="battle-history">The opposing Sylveon used <strong>Wish</strong>!<br></div><div class="spacer battle-history"><br></div><div class="battle-history"><small>The opposing Sylveon restored a little HP using its Leftovers!</small><br></div><div class="battle-history"><small>hetero restored a little HP using its Leftovers!</small><br></div><div class="battle-history"><small>The opposing Sylveon was hurt by poison!</small><br></div><div class="spacer battle-history"><br></div><h2 class="battle-history">Turn 35</h2><div class="spacer battle-history"><br></div><div class="battle-history">starmaster withdrew Sylveon!<br></div><div class="battle-history">starmaster sent out <strong>Conkeldurr</strong>!<br></div><div class="battle-history"><small>Pointed stones dug into the opposing Conkeldurr!</small><br></div><div class="spacer battle-history"><br></div><div class="battle-history">hetero, come back!<br></div><div class="battle-history">Go! - UUTL (<strong>Sceptile-Mega</strong>)!<br></div><div class="battle-history"><small>Pointed stones dug into - UUTL!</small><br></div><div class="spacer battle-history"><br></div><div class="battle-history"><small>Sylveon's wish came true!</small><br></div><div class="battle-history"><small>The opposing Conkeldurr restored a little HP using its Leftovers!</small><br></div><div class="battle-history"><small>The opposing Conkeldurr was hurt by poison!</small><br></div><div class="spacer battle-history"><br></div><h2 class="battle-history">Turn 36</h2><div class="spacer battle-history"><br></div><div class="battle-history">- UUTL used <strong>Protect</strong>!<br></div><div class="battle-history"><small>- UUTL protected itself!</small><br></div><div class="spacer battle-history"><br></div><div class="battle-history">The opposing Conkeldurr used <strong>Drain Punch</strong>!<br></div><div class="battle-history"><small>- UUTL protected itself!</small><br></div><div class="spacer battle-history"><br></div><div class="battle-history"><small>The opposing Conkeldurr restored a little HP using its Leftovers!</small><br></div><div class="battle-history"><small>The opposing Conkeldurr was hurt by poison!</small><br></div><div class="spacer battle-history"><br></div><h2 class="battle-history">Turn 37</h2><div class="chat chatmessage-omfuga"><strong style="color:hsl(319,50%,48.93417352725278%)"><small>+</small><span class="username" data-name="Omfuga">Omfuga</span>:</strong> <em>why not heal bell</em></div><div class="spacer battle-history"><br></div><div class="battle-history">- UUTL used <strong>Giga Drain</strong>!<br></div><div class="battle-history"><small>(The opposing Conkeldurr lost <abbr title="−135/413">32.7%</abbr> of its health!)</small><br></div><div class="battle-history"><small>The opposing Conkeldurr had its energy drained!</small><br></div><div class="spacer battle-history"><br></div><div class="battle-history">The opposing Conkeldurr used <strong>Drain Punch</strong>!<br></div><div class="battle-history"><small>(- UUTL lost <abbr title="−228/281">81.1%</abbr> of its health!)</small><br></div><div class="battle-history"><small>- UUTL had its energy drained!</small><br></div><div class="spacer battle-history"><br></div><div class="battle-history"><small>The opposing Conkeldurr restored a little HP using its Leftovers!</small><br></div><div class="battle-history"><small>The opposing Conkeldurr was hurt by poison!</small><br></div><div class="spacer battle-history"><br></div><h2 class="battle-history">Turn 38</h2><div class="chat chatmessage-starmaster"><strong style="color:hsl(303,67%,40%)"><small>☆</small><span class="username" data-name="starmaster">starmaster</span>:</strong> <em>dont i win oO</em></div><div class="chat chatmessage-omfuga"><strong style="color:hsl(319,50%,48.93417352725278%)"><small>+</small><span class="username" data-name="Omfuga">Omfuga</span>:</strong> <em>yea</em></div><div class="chat chatmessage-omfuga"><strong style="color:hsl(319,50%,48.93417352725278%)"><small>+</small><span class="username" data-name="Omfuga">Omfuga</span>:</strong> <em>u do.</em></div><div class="spacer battle-history"><br></div><div class="battle-history">- UUTL used <strong>Protect</strong>!<br></div><div class="battle-history"><small>- UUTL protected itself!</small><br></div><div class="spacer battle-history"><br></div><div class="battle-history">The opposing Conkeldurr used <strong>Mach Punch</strong>!<br></div><div class="battle-history"><small>- UUTL protected itself!</small><br></div><div class="spacer battle-history"><br></div><div class="battle-history"><small>The opposing Conkeldurr restored a little HP using its Leftovers!</small><br></div><div class="battle-history"><small>The opposing Conkeldurr was hurt by poison!</small><br></div><div class="spacer battle-history"><br></div><h2 class="battle-history">Turn 39</h2><div class="chat chatmessage-ict"><strong style="color:hsl(281,40%,50.792432564636634%)"><small>☆</small><span class="username" data-name="ict ️">ict ️</span>:</strong> <em>yeah bc u literally get 50% psywave</em></div><div class="spacer battle-history"><br></div><div class="battle-history">- UUTL used <strong>Protect</strong>!<br></div><div class="battle-history"><small>But it failed!</small><br></div><div class="spacer battle-history"><br></div><div class="battle-history">The opposing Conkeldurr used <strong>Drain Punch</strong>!<br></div><div class="battle-history"><small>(- UUTL lost <abbr title="−51/281">18.1%</abbr> of its health!)</small><br></div><div class="battle-history"><small>- UUTL had its energy drained!</small><br></div><div class="spacer battle-history"><br></div><div class="battle-history">- UUTL fainted!<br></div><div class="spacer battle-history"><br></div><div class="battle-history"><small>The opposing Conkeldurr restored a little HP using its Leftovers!</small><br></div><div class="battle-history"><small>The opposing Conkeldurr was hurt by poison!</small><br></div><div class="chat chatmessage-omfuga"><strong style="color:hsl(319,50%,48.93417352725278%)"><small>+</small><span class="username" data-name="Omfuga">Omfuga</span>:</strong> <em>,.</em></div><div class="chat chatmessage-omfuga"><strong style="color:hsl(319,50%,48.93417352725278%)"><small>+</small><span class="username" data-name="Omfuga">Omfuga</span>:</strong> <em>LMFAO</em></div><div class="spacer battle-history"><br></div><div class="battle-history">Go! hetero (<strong>Snorlax</strong>)!<br></div><div class="battle-history"><small>Pointed stones dug into hetero!</small><br></div><div class="spacer battle-history"><br></div><h2 class="battle-history">Turn 40</h2><div class="chat chatmessage-omfuga"><strong style="color:hsl(319,50%,48.93417352725278%)"><small>+</small><span class="username" data-name="Omfuga">Omfuga</span>:</strong> <em>WHAT A TURN!!</em></div><div class="chat chatmessage-starmaster"><strong style="color:hsl(303,67%,40%)"><small>☆</small><span class="username" data-name="starmaster">starmaster</span>:</strong> <em>stunt</em></div><div class="chat chatmessage-omfuga"><strong style="color:hsl(319,50%,48.93417352725278%)"><small>+</small><span class="username" data-name="Omfuga">Omfuga</span>:</strong> <em>it wasnt</em></div><div class="chat chatmessage-omfuga"><strong style="color:hsl(319,50%,48.93417352725278%)"><small>+</small><span class="username" data-name="Omfuga">Omfuga</span>:</strong> <em>stunt</em></div><div class="chat chatmessage-omfuga"><strong style="color:hsl(319,50%,48.93417352725278%)"><small>+</small><span class="username" data-name="Omfuga">Omfuga</span>:</strong> <em>u didnt wanna lose</em></div><div class="chat chatmessage-omfuga"><strong style="color:hsl(319,50%,48.93417352725278%)"><small>+</small><span class="username" data-name="Omfuga">Omfuga</span>:</strong> <em>to lax double</em></div><div class="chat chatmessage-omfuga"><strong style="color:hsl(319,50%,48.93417352725278%)"><small>+</small><span class="username" data-name="Omfuga">Omfuga</span>:</strong> <em>smfh</em></div><div class="spacer battle-history"><br></div><div class="battle-history">The opposing Conkeldurr used <strong>Drain Punch</strong>!<br></div><div class="battle-history"><small>It's super effective!</small><br></div><div class="battle-history"><small>(hetero lost <abbr title="−373/497">75.1%</abbr> of its health!)</small><br></div><div class="battle-history"><small>hetero had its energy drained!</small><br></div><div class="spacer battle-history"><br></div><div class="battle-history">hetero fainted!<br></div><div class="spacer battle-history"><br></div><div class="battle-history"><strong>starmaster</strong> won the battle!<br></div></div><div class="inner-preempt"></div></div></div>
</div>
<script>
let daily = Math.floor(Date.now()/1000/60/60/24);document.write('<script src="https://play.pokemonshowdown.com/js/replay-embed.js?version'+daily+'"></'+'script>');
</script>
