<!DOCTYPE html>
<meta charset="utf-8" />
<!-- version 1 -->
<title>UU replay: Heaven's Player vs. Parnstar</title>
<style>
html,body {font-family:Verdana, sans-serif;font-size:10pt;margin:0;padding:0;}body{padding:12px 0;} .battle-log {font-family:Verdana, sans-serif;font-size:10pt;} .battle-log-inline {border:1px solid #AAAAAA;background:#EEF2F5;color:black;max-width:640px;margin:0 auto 80px;padding-bottom:5px;} .battle-log .inner {padding:4px 8px 0px 8px;} .battle-log .inner-preempt {padding:0 8px 4px 8px;} .battle-log .inner-after {margin-top:0.5em;} .battle-log h2 {margin:0.5em -8px;padding:4px 8px;border:1px solid #AAAAAA;background:#E0E7EA;border-left:0;border-right:0;font-family:Verdana, sans-serif;font-size:13pt;} .battle-log .chat {vertical-align:middle;padding:3px 0 3px 0;font-size:8pt;} .battle-log .chat strong {color:#40576A;} .battle-log .chat em {padding:1px 4px 1px 3px;color:#000000;font-style:normal;} .chat.mine {background:rgba(0,0,0,0.05);margin-left:-8px;margin-right:-8px;padding-left:8px;padding-right:8px;} .spoiler {color:#BBBBBB;background:#BBBBBB;padding:0px 3px;} .spoiler:hover, .spoiler:active, .spoiler-shown {color:#000000;background:#E2E2E2;padding:0px 3px;} .spoiler a {color:#BBBBBB;} .spoiler:hover a, .spoiler:active a, .spoiler-shown a {color:#2288CC;} .chat code, .chat .spoiler:hover code, .chat .spoiler:active code, .chat .spoiler-shown code {border:1px solid #C0C0C0;background:#EEEEEE;color:black;padding:0 2px;} .chat .spoiler code {border:1px solid #CCCCCC;background:#CCCCCC;color:#CCCCCC;} .battle-log .rated {padding:3px 4px;} .battle-log .rated strong {color:white;background:#89A;padding:1px 4px;border-radius:4px;} .spacer {margin-top:0.5em;} .message-announce {background:#6688AA;color:white;padding:1px 4px 2px;} .message-announce a, .broadcast-green a, .broadcast-blue a, .broadcast-red a {color:#DDEEFF;} .broadcast-green {background-color:#559955;color:white;padding:2px 4px;} .broadcast-blue {background-color:#6688AA;color:white;padding:2px 4px;} .infobox {border:1px solid #6688AA;padding:2px 4px;} .infobox-limited {max-height:200px;overflow:auto;overflow-x:hidden;} .broadcast-red {background-color:#AA5544;color:white;padding:2px 4px;} .message-learn-canlearn {font-weight:bold;color:#228822;text-decoration:underline;} .message-learn-cannotlearn {font-weight:bold;color:#CC2222;text-decoration:underline;} .message-effect-weak {font-weight:bold;color:#CC2222;} .message-effect-resist {font-weight:bold;color:#6688AA;} .message-effect-immune {font-weight:bold;color:#666666;} .message-learn-list {margin-top:0;margin-bottom:0;} .message-throttle-notice, .message-error {color:#992222;} .message-overflow, .chat small.message-overflow {font-size:0pt;} .message-overflow::before {font-size:9pt;content:'...';} .subtle {color:#3A4A66;}
</style>
<div class="wrapper replay-wrapper" style="max-width:1180px;margin:0 auto">
<input type="hidden" name="replayid" value="uu-558408717" />
<div class="battle"></div><div class="battle-log"></div><div class="replay-controls"></div><div class="replay-controls-2"></div>
<h1 style="font-weight:normal;text-align:center"><strong>UU</strong><br /><a href="http://pokemonshowdown.com/users/heavensplayer" class="subtle" target="_blank">Heaven's Player</a> vs. <a href="http://pokemonshowdown.com/users/parnstar" class="subtle" target="_blank">Parnstar</a></h1>
<script type="text/plain" class="battle-log-data">|j|Heaven's Player
|j|Parnstar
|player|p1|Heaven's Player|209
|player|p2|Parnstar|21
|gametype|singles
|gen|6
|tier|UU
|rated
|seed|23260,8067,35742,37387
|rule|Sleep Clause Mod: Limit one foe put to sleep
|rule|Species Clause: Limit one of each Pokémon
|rule|OHKO Clause: OHKO moves are banned
|rule|Moody Clause: Moody is banned
|rule|Evasion Moves Clause: Evasion moves are banned
|rule|Endless Battle Clause: Forcing endless battles is banned
|rule|HP Percentage Mod: HP is shown in percentages
|clearpoke
|poke|p1|Machamp, F|item
|poke|p1|Sawk, M|item
|poke|p1|Throh, M|item
|poke|p1|Lucario, F|item
|poke|p1|Mienshao, F|item
|poke|p1|Conkeldurr, F|item
|poke|p2|Mandibuzz, F|item
|poke|p2|Ampharos, M|item
|poke|p2|Donphan, F|item
|poke|p2|Whimsicott, F|item
|poke|p2|Mamoswine, M|item
|poke|p2|Infernape, M|item
|rule|Swagger Clause: Swagger is banned
|rule|Baton Pass Clause: Limit one Baton Passer, can't pass Spe and other stats simultaneously
|teampreview
|choice|team 2, team 1, team 3, team 4, team 5, team 6|team 2, team 1, team 3, team 4, team 5, team 6
|
|start
|switch|p1a: Sawk|Sawk, M|291\/291
|switch|p2a: Ampharos|Ampharos, M|383\/383
|turn|1
|choice|move closecombat|move thunderbolt
|
|move|p1a: Sawk|Close Combat|p2a: Ampharos
|-damage|p2a: Ampharos|55\/383
|-status|p1a: Sawk|par|[from] ability: Static|[of] p2a: Ampharos
|-unboost|p1a: Sawk|def|1
|-unboost|p1a: Sawk|spd|1
|move|p2a: Ampharos|Thunderbolt|p1a: Sawk
|-crit|p1a: Sawk
|-ability|p1a: Sawk|Sturdy
|-damage|p1a: Sawk|1\/291 par
|
|upkeep
|turn|2
|choice|move closecombat|move voltswitch
|
|move|p2a: Ampharos|Volt Switch|p1a: Sawk
|-damage|p1a: Sawk|0 fnt
|faint|p1a: Sawk
|choice||switch 3
|
|switch|p2a: Donphan|Donphan, F|333\/333
|
|upkeep
|choice|switch 6|
|
|switch|p1a: Conkeldurr|Conkeldurr, F|351\/351
|turn|3
|choice|move drainpunch|move earthquake
|
|move|p2a: Donphan|Earthquake|p1a: Conkeldurr
|-damage|p1a: Conkeldurr|162\/351
|move|p1a: Conkeldurr|Drain Punch|p2a: Donphan
|-damage|p2a: Donphan|185\/333
|-heal|p1a: Conkeldurr|236\/351|[from] drain|[of] p2a: Donphan
|
|upkeep
|turn|4
|choice|move icepunch|move earthquake
|
|move|p2a: Donphan|Earthquake|p1a: Conkeldurr
|-damage|p1a: Conkeldurr|44\/351
|move|p1a: Conkeldurr|Ice Punch|p2a: Donphan
|-supereffective|p2a: Donphan
|-damage|p2a: Donphan|0 fnt
|faint|p2a: Donphan
|
|upkeep
|choice||switch 4
|
|switch|p2a: Whimsicott|Whimsicott, F|261\/261
|turn|5
|choice|move icepunch|move naturepower
|
|move|p2a: Whimsicott|Nature Power|p1a: Conkeldurr
|move|p2a: Whimsicott|Tri Attack|p1a: Conkeldurr|[from]Nature Power
|-damage|p1a: Conkeldurr|0 fnt
|faint|p1a: Conkeldurr
|
|upkeep
|choice|switch 4|
|
|switch|p1a: Lucario|Lucario, F|281\/281
|turn|6
|choice|move calmmind|move moonblast
|
|move|p2a: Whimsicott|Moonblast|p1a: Lucario
|-damage|p1a: Lucario|98\/281
|move|p1a: Lucario|Calm Mind|p1a: Lucario
|-boost|p1a: Lucario|spa|1
|-boost|p1a: Lucario|spd|1
|
|upkeep
|turn|7
|choice|move flashcannon|move encore
|
|move|p2a: Whimsicott|Encore|p1a: Lucario
|-start|p1a: Lucario|Encore
|move|p1a: Lucario|Calm Mind|p1a: Lucario
|-boost|p1a: Lucario|spa|1
|-boost|p1a: Lucario|spd|1
|
|upkeep
|turn|8
|choice|move calmmind|move moonblast
|
|move|p2a: Whimsicott|Moonblast|p1a: Lucario
|-damage|p1a: Lucario|10\/281
|move|p1a: Lucario|Calm Mind|p1a: Lucario
|-boost|p1a: Lucario|spa|1
|-boost|p1a: Lucario|spd|1
|
|upkeep
|turn|9
|choice|move calmmind|move moonblast
|
|move|p2a: Whimsicott|Moonblast|p1a: Lucario
|-damage|p1a: Lucario|0 fnt
|faint|p1a: Lucario
|
|upkeep
|choice|switch 5|
|
|switch|p1a: Mienshao|Mienshao, F|271\/271
|turn|10
|choice|move uturn|switch 3
|
|switch|p2a: Ampharos|Ampharos, M|55\/383
|move|p1a: Mienshao|U-turn|p2a: Ampharos
|-damage|p2a: Ampharos|0 fnt
|faint|p2a: Ampharos
|choice|switch 2|
|
|switch|p1a: Machamp|Machamp, F|383\/383
|
|upkeep
|choice||switch 6
|
|switch|p2a: Infernape|Infernape, M|293\/293
|turn|11
|choice|move dynamicpunch|move closecombat
|
|move|p2a: Infernape|Close Combat|p1a: Machamp
|-damage|p1a: Machamp|200\/383
|-unboost|p2a: Infernape|def|1
|-unboost|p2a: Infernape|spd|1
|move|p1a: Machamp|Dynamic Punch|p2a: Infernape
|-enditem|p2a: Infernape|Focus Sash
|-damage|p2a: Infernape|1\/293
|-start|p2a: Infernape|confusion
|
|upkeep
|turn|12
|choice|move bulletpunch|move closecombat
|
|move|p1a: Machamp|Bullet Punch|p2a: Infernape
|-resisted|p2a: Infernape
|-damage|p2a: Infernape|0 fnt
|faint|p2a: Infernape
|
|upkeep
|choice||switch 3
|
|switch|p2a: Whimsicott|Whimsicott, F|261\/261
|turn|13
|choice|move bulletpunch|move moonblast
|
|move|p1a: Machamp|Bullet Punch|p2a: Whimsicott
|-supereffective|p2a: Whimsicott
|-damage|p2a: Whimsicott|145\/261
|move|p2a: Whimsicott|Moonblast|p1a: Machamp
|-supereffective|p1a: Machamp
|-damage|p1a: Machamp|0 fnt
|faint|p1a: Machamp
|
|upkeep
|choice|switch 2|
|
|switch|p1a: Mienshao|Mienshao, F|271\/271
|turn|14
|choice|move uturn|move moonblast
|
|move|p1a: Mienshao|U-turn|p2a: Whimsicott
|-damage|p2a: Whimsicott|49\/261
|choice|switch 3|
|
|switch|p1a: Throh|Throh, M|444\/444
|move|p2a: Whimsicott|Moonblast|p1a: Throh
|-supereffective|p1a: Throh
|-damage|p1a: Throh|210\/444
|-unboost|p1a: Throh|spa|1
|
|-heal|p1a: Throh|237\/444|[from] item: Leftovers
|upkeep
|turn|15
|choice|move circlethrow|switch 2
|
|switch|p2a: Mandibuzz|Mandibuzz, F|400\/400
|move|p1a: Throh|Circle Throw|p2a: Mandibuzz|[miss]
|-miss|p1a: Throh|p2a: Mandibuzz
|
|-heal|p1a: Throh|264\/444|[from] item: Leftovers
|upkeep
|turn|16
|choice|move bulkup|move airslash
|
|move|p2a: Mandibuzz|Air Slash|p1a: Throh
|-supereffective|p1a: Throh
|-damage|p1a: Throh|136\/444
|move|p1a: Throh|Bulk Up|p1a: Throh
|-boost|p1a: Throh|atk|1
|-boost|p1a: Throh|def|1
|
|-heal|p1a: Throh|163\/444|[from] item: Leftovers
|upkeep
|turn|17
|choice|move rest|move nastyplot
|
|move|p2a: Mandibuzz|Nasty Plot|p2a: Mandibuzz
|-boost|p2a: Mandibuzz|spa|2
|move|p1a: Throh|Rest|p1a: Throh
|-status|p1a: Throh|slp
|-heal|p1a: Throh|444\/444 slp|[silent]
|-status|p1a: Throh|slp|[from] move: Rest
|
|upkeep
|turn|18
|choice|move sleeptalk|move airslash
|
|move|p2a: Mandibuzz|Air Slash|p1a: Throh
|-supereffective|p1a: Throh
|-damage|p1a: Throh|166\/444 slp
|cant|p1a: Throh|slp
|move|p1a: Throh|Sleep Talk|p1a: Throh
|move|p1a: Throh|Rest|p1a: Throh|[from]Sleep Talk
|-fail|p1a: Throh
|
|-heal|p1a: Throh|193\/444 slp|[from] item: Leftovers
|upkeep
|turn|19
|choice|move sleeptalk|move airslash
|
|move|p2a: Mandibuzz|Air Slash|p1a: Throh|[miss]
|-miss|p2a: Mandibuzz|p1a: Throh
|cant|p1a: Throh|slp
|move|p1a: Throh|Sleep Talk|p1a: Throh
|move|p1a: Throh|Bulk Up|p1a: Throh|[from]Sleep Talk
|-boost|p1a: Throh|atk|1
|-boost|p1a: Throh|def|1
|
|-heal|p1a: Throh|220\/444 slp|[from] item: Leftovers
|upkeep
|turn|20
|c|☆Parnstar|Brigjtpowder
|choice|move circlethrow|move airslash
|
|move|p2a: Mandibuzz|Air Slash|p1a: Throh
|-supereffective|p1a: Throh
|-damage|p1a: Throh|0 fnt
|faint|p1a: Throh
|
|upkeep
|choice|switch 3|
|
|switch|p1a: Mienshao|Mienshao, F|271\/271
|turn|21
|j|kev64
|choice|move stoneedge|move airslash
|
|move|p1a: Mienshao|Stone Edge|p2a: Mandibuzz|[miss]
|-miss|p1a: Mienshao|p2a: Mandibuzz
|move|p2a: Mandibuzz|Air Slash|p1a: Mienshao
|-supereffective|p1a: Mienshao
|-crit|p1a: Mienshao
|-damage|p1a: Mienshao|0 fnt
|faint|p1a: Mienshao
|
|win|Parnstar
|raw|Heaven&apos;s Player's rating: 1071 &rarr; <strong>1058<\/strong><br \/>(-13 for losing)
|raw|Parnstar's rating: 1213 &rarr; <strong>1229<\/strong><br \/>(+16 for winning)
|l|Heaven's Player</script>
</div>
<div class="battle-log battle-log-inline"><div class="inner"><div class="battle-options"></div><div class="inner"><div class="chat"><small>Heaven's Player joined.</small></div><div class="chat"><small>Parnstar joined.</small></div><div class=""><small>Format:</small> <br><strong>UU</strong></div><div class="rated"><strong>Rated battle</strong></div><div class=""><small><em>Sleep Clause Mod:</em> Limit one foe put to sleep</small></div><div class=""><small><em>Species Clause:</em> Limit one of each Pokémon</small></div><div class=""><small><em>OHKO Clause:</em> OHKO moves are banned</small></div><div class=""><small><em>Moody Clause:</em> Moody is banned</small></div><div class=""><small><em>Evasion Moves Clause:</em> Evasion moves are banned</small></div><div class=""><small><em>Endless Battle Clause:</em> Forcing endless battles is banned</small></div><div class=""><small><em>HP Percentage Mod:</em> HP is shown in percentages</small></div><div class=""><small><em>Swagger Clause:</em> Swagger is banned</small></div><div class=""><small><em>Baton Pass Clause:</em> Limit one Baton Passer, can't pass Spe and other stats simultaneously</small></div><div class="chat battle-history"><strong>Heaven's Player's team:</strong> <em style="color:#445566;display:block;">Machamp / Sawk / Throh / Lucario / Mienshao / Conkeldurr</em></div><div class="chat battle-history"><strong>Parnstar's team:</strong> <em style="color:#445566;display:block;">Mandibuzz / Ampharos / Donphan / Whimsicott / Mamoswine / Infernape</em></div><div class="spacer battle-history"><br></div><div class="battle-history">Battle started between Heaven's Player and Parnstar!<br></div><div class="spacer battle-history"><br></div><div class="battle-history">Go! <strong>Sawk</strong>!<br></div><div class="spacer battle-history"><br></div><div class="battle-history">Parnstar sent out <strong>Ampharos</strong>!<br></div><div class="spacer battle-history"><br></div><h2 class="battle-history">Turn 1</h2><div class="spacer battle-history"><br></div><div class="battle-history">Sawk used <strong>Close Combat</strong>!<br></div><div class="battle-history"><small>(The opposing Ampharos lost <abbr title="−328/383">85.6%</abbr> of its health!)</small><br></div><div class="battle-history"><small>[The opposing Ampharos's Static]</small><br><small>Sawk is paralyzed! It may be unable to move!</small><br></div><div class="battle-history"><small>Sawk's Defense fell!</small><br></div><div class="battle-history"><small>Sawk's Special Defense fell!</small><br></div><div class="spacer battle-history"><br></div><div class="battle-history">The opposing Ampharos used <strong>Thunderbolt</strong>!<br></div><div class="battle-history"><small>A critical hit!</small><br></div><div class="battle-history"><small>[Sawk's Sturdy]</small><br><small>Sawk endured the hit!</small><br></div><div class="battle-history"><small>(Sawk lost <abbr title="−290/291">99.7%</abbr> of its health!)</small><br></div><div class="spacer battle-history"><br></div><h2 class="battle-history">Turn 2</h2><div class="spacer battle-history"><br></div><div class="battle-history">The opposing Ampharos used <strong>Volt Switch</strong>!<br></div><div class="battle-history"><small>(Sawk lost <abbr title="−1/291">0.3%</abbr> of its health!)</small><br></div><div class="spacer battle-history"><br></div><div class="battle-history">Sawk fainted!<br></div><div class="spacer battle-history"><br></div><div class="battle-history">The opposing Ampharos went back to Parnstar!<br></div><div class="battle-history">Parnstar sent out <strong>Donphan</strong>!<br></div><div class="spacer battle-history"><br></div><div class="battle-history">Go! <strong>Conkeldurr</strong>!<br></div><div class="spacer battle-history"><br></div><h2 class="battle-history">Turn 3</h2><div class="spacer battle-history"><br></div><div class="battle-history">The opposing Donphan used <strong>Earthquake</strong>!<br></div><div class="battle-history"><small>(Conkeldurr lost <abbr title="−189/351">53.8%</abbr> of its health!)</small><br></div><div class="spacer battle-history"><br></div><div class="battle-history">Conkeldurr used <strong>Drain Punch</strong>!<br></div><div class="battle-history"><small>(The opposing Donphan lost <abbr title="−148/333">44.4%</abbr> of its health!)</small><br></div><div class="battle-history"><small>The opposing Donphan had its energy drained!</small><br></div><div class="spacer battle-history"><br></div><h2 class="battle-history">Turn 4</h2><div class="spacer battle-history"><br></div><div class="battle-history">The opposing Donphan used <strong>Earthquake</strong>!<br></div><div class="battle-history"><small>(Conkeldurr lost <abbr title="−192/351">54.7%</abbr> of its health!)</small><br></div><div class="spacer battle-history"><br></div><div class="battle-history">Conkeldurr used <strong>Ice Punch</strong>!<br></div><div class="battle-history"><small>It's super effective!</small><br></div><div class="battle-history"><small>(The opposing Donphan lost <abbr title="−185/333">55.6%</abbr> of its health!)</small><br></div><div class="spacer battle-history"><br></div><div class="battle-history">The opposing Donphan fainted!<br></div><div class="spacer battle-history"><br></div><div class="battle-history">Parnstar sent out <strong>Whimsicott</strong>!<br></div><div class="spacer battle-history"><br></div><h2 class="battle-history">Turn 5</h2><div class="spacer battle-history"><br></div><div class="battle-history">The opposing Whimsicott used <strong>Nature Power</strong>!<br></div><div class="spacer battle-history"><br></div><div class="battle-history">Nature Power turned into Tri Attack!<br></div><div class="battle-history"><small>(Conkeldurr lost <abbr title="−44/351">12.5%</abbr> of its health!)</small><br></div><div class="spacer battle-history"><br></div><div class="battle-history">Conkeldurr fainted!<br></div><div class="spacer battle-history"><br></div><div class="battle-history">Go! <strong>Lucario</strong>!<br></div><div class="spacer battle-history"><br></div><h2 class="battle-history">Turn 6</h2><div class="spacer battle-history"><br></div><div class="battle-history">The opposing Whimsicott used <strong>Moonblast</strong>!<br></div><div class="battle-history"><small>(Lucario lost <abbr title="−183/281">65.1%</abbr> of its health!)</small><br></div><div class="spacer battle-history"><br></div><div class="battle-history">Lucario used <strong>Calm Mind</strong>!<br></div><div class="battle-history"><small>Lucario's Special Attack rose!</small><br></div><div class="battle-history"><small>Lucario's Special Defense rose!</small><br></div><div class="spacer battle-history"><br></div><h2 class="battle-history">Turn 7</h2><div class="spacer battle-history"><br></div><div class="battle-history">The opposing Whimsicott used <strong>Encore</strong>!<br></div><div class="battle-history"><small>Lucario received an encore!</small><br></div><div class="spacer battle-history"><br></div><div class="battle-history">Lucario used <strong>Calm Mind</strong>!<br></div><div class="battle-history"><small>Lucario's Special Attack rose!</small><br></div><div class="battle-history"><small>Lucario's Special Defense rose!</small><br></div><div class="spacer battle-history"><br></div><h2 class="battle-history">Turn 8</h2><div class="spacer battle-history"><br></div><div class="battle-history">The opposing Whimsicott used <strong>Moonblast</strong>!<br></div><div class="battle-history"><small>(Lucario lost <abbr title="−88/281">31.3%</abbr> of its health!)</small><br></div><div class="spacer battle-history"><br></div><div class="battle-history">Lucario used <strong>Calm Mind</strong>!<br></div><div class="battle-history"><small>Lucario's Special Attack rose!</small><br></div><div class="battle-history"><small>Lucario's Special Defense rose!</small><br></div><div class="spacer battle-history"><br></div><h2 class="battle-history">Turn 9</h2><div class="spacer battle-history"><br></div><div class="battle-history">The opposing Whimsicott used <strong>Moonblast</strong>!<br></div><div class="battle-history"><small>(Lucario lost <abbr title="−10/281">3.6%</abbr> of its health!)</small><br></div><div class="spacer battle-history"><br></div><div class="battle-history">Lucario fainted!<br></div><div class="spacer battle-history"><br></div><div class="battle-history">Go! <strong>Mienshao</strong>!<br></div><div class="spacer battle-history"><br></div><h2 class="battle-history">Turn 10</h2><div class="spacer battle-history"><br></div><div class="battle-history">Parnstar withdrew Whimsicott!<br></div><div class="battle-history">Parnstar sent out <strong>Ampharos</strong>!<br></div><div class="spacer battle-history"><br></div><div class="battle-history">Mienshao used <strong>U-turn</strong>!<br></div><div class="battle-history"><small>(The opposing Ampharos lost <abbr title="−55/383">14.4%</abbr> of its health!)</small><br></div><div class="spacer battle-history"><br></div><div class="battle-history">The opposing Ampharos fainted!<br></div><div class="spacer battle-history"><br></div><div class="battle-history">Mienshao went back to Heaven's Player!<br></div><div class="battle-history">Go! <strong>Machamp</strong>!<br></div><div class="spacer battle-history"><br></div><div class="battle-history">Parnstar sent out <strong>Infernape</strong>!<br></div><div class="spacer battle-history"><br></div><h2 class="battle-history">Turn 11</h2><div class="spacer battle-history"><br></div><div class="battle-history">The opposing Infernape used <strong>Close Combat</strong>!<br></div><div class="battle-history"><small>(Machamp lost <abbr title="−183/383">47.8%</abbr> of its health!)</small><br></div><div class="battle-history"><small>The opposing Infernape's Defense fell!</small><br></div><div class="battle-history"><small>The opposing Infernape's Special Defense fell!</small><br></div><div class="spacer battle-history"><br></div><div class="battle-history">Machamp used <strong>Dynamic Punch</strong>!<br></div><div class="battle-history"><small>The opposing Infernape hung on using its Focus Sash!</small><br></div><div class="battle-history"><small>(The opposing Infernape lost <abbr title="−292/293">99.7%</abbr> of its health!)</small><br></div><div class="battle-history"><small>The opposing Infernape became confused!</small><br></div><div class="spacer battle-history"><br></div><h2 class="battle-history">Turn 12</h2><div class="spacer battle-history"><br></div><div class="battle-history">Machamp used <strong>Bullet Punch</strong>!<br></div><div class="battle-history"><small>It's not very effective...</small><br></div><div class="battle-history"><small>(The opposing Infernape lost <abbr title="−1/293">0.3%</abbr> of its health!)</small><br></div><div class="spacer battle-history"><br></div><div class="battle-history">The opposing Infernape fainted!<br></div><div class="spacer battle-history"><br></div><div class="battle-history">Parnstar sent out <strong>Whimsicott</strong>!<br></div><div class="spacer battle-history"><br></div><h2 class="battle-history">Turn 13</h2><div class="spacer battle-history"><br></div><div class="battle-history">Machamp used <strong>Bullet Punch</strong>!<br></div><div class="battle-history"><small>It's super effective!</small><br></div><div class="battle-history"><small>(The opposing Whimsicott lost <abbr title="−116/261">44.4%</abbr> of its health!)</small><br></div><div class="spacer battle-history"><br></div><div class="battle-history">The opposing Whimsicott used <strong>Moonblast</strong>!<br></div><div class="battle-history"><small>It's super effective!</small><br></div><div class="battle-history"><small>(Machamp lost <abbr title="−200/383">52.2%</abbr> of its health!)</small><br></div><div class="spacer battle-history"><br></div><div class="battle-history">Machamp fainted!<br></div><div class="spacer battle-history"><br></div><div class="battle-history">Go! <strong>Mienshao</strong>!<br></div><div class="spacer battle-history"><br></div><h2 class="battle-history">Turn 14</h2><div class="spacer battle-history"><br></div><div class="battle-history">Mienshao used <strong>U-turn</strong>!<br></div><div class="battle-history"><small>(The opposing Whimsicott lost <abbr title="−96/261">36.8%</abbr> of its health!)</small><br></div><div class="spacer battle-history"><br></div><div class="battle-history">Mienshao went back to Heaven's Player!<br></div><div class="battle-history">Go! <strong>Throh</strong>!<br></div><div class="spacer battle-history"><br></div><div class="battle-history">The opposing Whimsicott used <strong>Moonblast</strong>!<br></div><div class="battle-history"><small>It's super effective!</small><br></div><div class="battle-history"><small>(Throh lost <abbr title="−234/444">52.7%</abbr> of its health!)</small><br></div><div class="battle-history"><small>Throh's Special Attack fell!</small><br></div><div class="spacer battle-history"><br></div><div class="battle-history"><small>Throh restored a little HP using its Leftovers!</small><br></div><div class="spacer battle-history"><br></div><h2 class="battle-history">Turn 15</h2><div class="spacer battle-history"><br></div><div class="battle-history">Parnstar withdrew Whimsicott!<br></div><div class="battle-history">Parnstar sent out <strong>Mandibuzz</strong>!<br></div><div class="spacer battle-history"><br></div><div class="battle-history">Throh used <strong>Circle Throw</strong>!<br></div><div class="battle-history"><small>The opposing Mandibuzz avoided the attack!</small><br></div><div class="spacer battle-history"><br></div><div class="battle-history"><small>Throh restored a little HP using its Leftovers!</small><br></div><div class="spacer battle-history"><br></div><h2 class="battle-history">Turn 16</h2><div class="spacer battle-history"><br></div><div class="battle-history">The opposing Mandibuzz used <strong>Air Slash</strong>!<br></div><div class="battle-history"><small>It's super effective!</small><br></div><div class="battle-history"><small>(Throh lost <abbr title="−128/444">28.8%</abbr> of its health!)</small><br></div><div class="spacer battle-history"><br></div><div class="battle-history">Throh used <strong>Bulk Up</strong>!<br></div><div class="battle-history"><small>Throh's Attack rose!</small><br></div><div class="battle-history"><small>Throh's Defense rose!</small><br></div><div class="spacer battle-history"><br></div><div class="battle-history"><small>Throh restored a little HP using its Leftovers!</small><br></div><div class="spacer battle-history"><br></div><h2 class="battle-history">Turn 17</h2><div class="spacer battle-history"><br></div><div class="battle-history">The opposing Mandibuzz used <strong>Nasty Plot</strong>!<br></div><div class="battle-history"><small>The opposing Mandibuzz's Special Attack rose sharply!</small><br></div><div class="spacer battle-history"><br></div><div class="battle-history">Throh used <strong>Rest</strong>!<br></div><div class="battle-history"><small>Throh fell asleep!</small><br></div><div class="battle-history"><small>Throh slept and became healthy!</small><br></div><div class="spacer battle-history"><br></div><h2 class="battle-history">Turn 18</h2><div class="spacer battle-history"><br></div><div class="battle-history">The opposing Mandibuzz used <strong>Air Slash</strong>!<br></div><div class="battle-history"><small>It's super effective!</small><br></div><div class="battle-history"><small>(Throh lost <abbr title="−278/444">62.6%</abbr> of its health!)</small><br></div><div class="spacer battle-history"><br></div><div class="battle-history">Throh is fast asleep.<br></div><div class="spacer battle-history"><br></div><div class="battle-history">Throh used <strong>Sleep Talk</strong>!<br></div><div class="spacer battle-history"><br></div><div class="battle-history">Throh used <strong>Rest</strong>!<br></div><div class="battle-history"><small>But it failed!</small><br></div><div class="spacer battle-history"><br></div><div class="battle-history"><small>Throh restored a little HP using its Leftovers!</small><br></div><div class="spacer battle-history"><br></div><h2 class="battle-history">Turn 19</h2><div class="spacer battle-history"><br></div><div class="battle-history">The opposing Mandibuzz used <strong>Air Slash</strong>!<br></div><div class="battle-history"><small>Throh avoided the attack!</small><br></div><div class="spacer battle-history"><br></div><div class="battle-history">Throh is fast asleep.<br></div><div class="spacer battle-history"><br></div><div class="battle-history">Throh used <strong>Sleep Talk</strong>!<br></div><div class="spacer battle-history"><br></div><div class="battle-history">Throh used <strong>Bulk Up</strong>!<br></div><div class="battle-history"><small>Throh's Attack rose!</small><br></div><div class="battle-history"><small>Throh's Defense rose!</small><br></div><div class="spacer battle-history"><br></div><div class="battle-history"><small>Throh restored a little HP using its Leftovers!</small><br></div><div class="spacer battle-history"><br></div><h2 class="battle-history">Turn 20</h2><div class="chat chatmessage-parnstar"><strong style="color:hsl(41,84%,41.163999978976825%)"><small>☆</small><span class="username" data-name="Parnstar">Parnstar</span>:</strong> <em>Brigjtpowder</em></div><div class="spacer battle-history"><br></div><div class="battle-history">The opposing Mandibuzz used <strong>Air Slash</strong>!<br></div><div class="battle-history"><small>It's super effective!</small><br></div><div class="battle-history"><small>(Throh lost <abbr title="−220/444">49.5%</abbr> of its health!)</small><br></div><div class="spacer battle-history"><br></div><div class="battle-history">Throh fainted!<br></div><div class="spacer battle-history"><br></div><div class="battle-history">Go! <strong>Mienshao</strong>!<br></div><div class="spacer battle-history"><br></div><h2 class="battle-history">Turn 21</h2><div class="chat"><small>kev64 joined.</small></div><div class="spacer battle-history"><br></div><div class="battle-history">Mienshao used <strong>Stone Edge</strong>!<br></div><div class="battle-history"><small>The opposing Mandibuzz avoided the attack!</small><br></div><div class="spacer battle-history"><br></div><div class="battle-history">The opposing Mandibuzz used <strong>Air Slash</strong>!<br></div><div class="battle-history"><small>It's super effective!</small><br></div><div class="battle-history"><small>A critical hit!</small><br></div><div class="battle-history"><small>(Mienshao lost <abbr title="−271/271">100%</abbr> of its health!)</small><br></div><div class="spacer battle-history"><br></div><div class="battle-history">Mienshao fainted!<br></div><div class="spacer battle-history"><br></div><div class="battle-history"><strong>Parnstar</strong> won the battle!<br></div><div class="chat">Heaven's Player's rating: 1071 → <strong>1058</strong><br>(-13 for losing)</div><div class="chat">Parnstar's rating: 1213 → <strong>1229</strong><br>(+16 for winning)</div><div class="chat"><small>Heaven's Player left.</small></div></div><div class="inner-preempt"></div></div></div>
</div>
<script>
let daily = Math.floor(Date.now()/1000/60/60/24);document.write('<script src="https://play.pokemonshowdown.com/js/replay-embed.js?version'+daily+'"></'+'script>');
</script>
