<!DOCTYPE html>
<meta charset="utf-8" />
<!-- version 1 -->
<title>UU replay: JoshPhillips vs. The frozen lopunny</title>
<style>
html,body {font-family:Verdana, sans-serif;font-size:10pt;margin:0;padding:0;}body{padding:12px 0;} .battle-log {font-family:Verdana, sans-serif;font-size:10pt;} .battle-log-inline {border:1px solid #AAAAAA;background:#EEF2F5;color:black;max-width:640px;margin:0 auto 80px;padding-bottom:5px;} .battle-log .inner {padding:4px 8px 0px 8px;} .battle-log .inner-preempt {padding:0 8px 4px 8px;} .battle-log .inner-after {margin-top:0.5em;} .battle-log h2 {margin:0.5em -8px;padding:4px 8px;border:1px solid #AAAAAA;background:#E0E7EA;border-left:0;border-right:0;font-family:Verdana, sans-serif;font-size:13pt;} .battle-log .chat {vertical-align:middle;padding:3px 0 3px 0;font-size:8pt;} .battle-log .chat strong {color:#40576A;} .battle-log .chat em {padding:1px 4px 1px 3px;color:#000000;font-style:normal;} .chat.mine {background:rgba(0,0,0,0.05);margin-left:-8px;margin-right:-8px;padding-left:8px;padding-right:8px;} .spoiler {color:#BBBBBB;background:#BBBBBB;padding:0px 3px;} .spoiler:hover, .spoiler:active, .spoiler-shown {color:#000000;background:#E2E2E2;padding:0px 3px;} .spoiler a {color:#BBBBBB;} .spoiler:hover a, .spoiler:active a, .spoiler-shown a {color:#2288CC;} .chat code, .chat .spoiler:hover code, .chat .spoiler:active code, .chat .spoiler-shown code {border:1px solid #C0C0C0;background:#EEEEEE;color:black;padding:0 2px;} .chat .spoiler code {border:1px solid #CCCCCC;background:#CCCCCC;color:#CCCCCC;} .battle-log .rated {padding:3px 4px;} .battle-log .rated strong {color:white;background:#89A;padding:1px 4px;border-radius:4px;} .spacer {margin-top:0.5em;} .message-announce {background:#6688AA;color:white;padding:1px 4px 2px;} .message-announce a, .broadcast-green a, .broadcast-blue a, .broadcast-red a {color:#DDEEFF;} .broadcast-green {background-color:#559955;color:white;padding:2px 4px;} .broadcast-blue {background-color:#6688AA;color:white;padding:2px 4px;} .infobox {border:1px solid #6688AA;padding:2px 4px;} .infobox-limited {max-height:200px;overflow:auto;overflow-x:hidden;} .broadcast-red {background-color:#AA5544;color:white;padding:2px 4px;} .message-learn-canlearn {font-weight:bold;color:#228822;text-decoration:underline;} .message-learn-cannotlearn {font-weight:bold;color:#CC2222;text-decoration:underline;} .message-effect-weak {font-weight:bold;color:#CC2222;} .message-effect-resist {font-weight:bold;color:#6688AA;} .message-effect-immune {font-weight:bold;color:#666666;} .message-learn-list {margin-top:0;margin-bottom:0;} .message-throttle-notice, .message-error {color:#992222;} .message-overflow, .chat small.message-overflow {font-size:0pt;} .message-overflow::before {font-size:9pt;content:'...';} .subtle {color:#3A4A66;}
</style>
<div class="wrapper replay-wrapper" style="max-width:1180px;margin:0 auto">
<input type="hidden" name="replayid" value="uu-597109411" />
<div class="battle"></div><div class="battle-log"></div><div class="replay-controls"></div><div class="replay-controls-2"></div>
<h1 style="font-weight:normal;text-align:center"><strong>UU</strong><br /><a href="http://pokemonshowdown.com/users/joshphillips" class="subtle" target="_blank">JoshPhillips</a> vs. <a href="http://pokemonshowdown.com/users/thefrozenlopunny" class="subtle" target="_blank">The frozen lopunny</a></h1>
<script type="text/plain" class="battle-log-data">|j|JoshPhillips
|j|The frozen lopunny
|player|p1|JoshPhillips|150
|teamsize|p1|6
|player|p2|The frozen lopunny|#zinnia
|teamsize|p2|6
|gametype|singles
|gen|6
|tier|UU
|rated
|seed|8912,59886,61800,54635
|rule|Sleep Clause Mod: Limit one foe put to sleep
|rule|Species Clause: Limit one of each Pokémon
|rule|OHKO Clause: OHKO moves are banned
|rule|Moody Clause: Moody is banned
|rule|Evasion Moves Clause: Evasion moves are banned
|rule|Endless Battle Clause: Forcing endless battles is banned
|rule|HP Percentage Mod: HP is shown in percentages
|clearpoke
|poke|p1|Sceptile, M|item
|poke|p1|Steelix, M, shiny|item
|poke|p1|Infernape, M|item
|poke|p1|Noivern, F|item
|poke|p1|Floatzel, M|item
|poke|p1|Dusknoir, M|item
|poke|p2|Mienshao, M, shiny|item
|poke|p2|Whimsicott, F|item
|poke|p2|Vaporeon, M|item
|poke|p2|Forretress, M|item
|poke|p2|Krookodile, M|item
|poke|p2|Chandelure, F|item
|rule|Swagger Clause: Swagger is banned
|rule|Baton Pass Clause: Limit one Baton Passer, can't pass Spe and other stats simultaneously
|teampreview
|choice|team 6, team 2, team 3, team 4, team 5, team 1|team 1, team 2, team 3, team 4, team 5, team 6
|
|start
|switch|p1a: Charon|Dusknoir, M|294\/294
|switch|p2a: ThisIsMyHappyFace|Mienshao, M, shiny|271\/271
|-ability|p1a: Charon|Pressure
|turn|1
|choice|move willowisp|move uturn
|
|move|p2a: ThisIsMyHappyFace|U-turn|p1a: Charon
|-resisted|p1a: Charon
|-crit|p1a: Charon
|-damage|p1a: Charon|248\/294
|choice||switch 6
|
|switch|p2a: Spook|Chandelure, F|261\/261
|move|p1a: Charon|Will-O-Wisp|p2a: Spook
|-start|p2a: Spook|ability: Flash Fire
|
|-heal|p1a: Charon|266\/294|[from] item: Leftovers
|upkeep
|turn|2
|choice|switch 4|move shadowball
|
|switch|p1a: Radio|Noivern, F|311\/311
|move|p2a: Spook|Shadow Ball|p1a: Radio
|-damage|p1a: Radio|130\/311
|
|upkeep
|turn|3
|inactive|Battle timer is ON: inactive players will automatically lose when time's up. (requested by The frozen lopunny)
|choice|move airslash|switch 3
|
|-end|p2a: Spook|ability: Flash Fire|[silent]
|switch|p2a: Catfish|Vaporeon, M|464\/464
|move|p1a: Radio|Air Slash|p2a: Catfish
|-damage|p2a: Catfish|341\/464
|
|-heal|p2a: Catfish|370\/464|[from] item: Leftovers
|upkeep
|turn|4
|choice|switch 4|move wish
|
|switch|p1a: Charon|Dusknoir, M|266\/294
|-ability|p1a: Charon|Pressure
|move|p2a: Catfish|Wish|p2a: Catfish
|
|-heal|p2a: Catfish|399\/464|[from] item: Leftovers
|-heal|p1a: Charon|284\/294|[from] item: Leftovers
|upkeep
|turn|5
|choice|move toxic|switch 4
|
|switch|p2a: Metal wallnut|Forretress, M|354\/354
|move|p1a: Charon|Toxic|p2a: Metal wallnut
|-immune|p2a: Metal wallnut|[msg]
|
|-heal|p1a: Charon|294\/294|[from] item: Leftovers
|upkeep
|turn|6
|choice|switch 3|move toxicspikes
|
|switch|p1a: Sun Wukong|Infernape, M|293\/293
|move|p2a: Metal wallnut|Toxic Spikes|p1a: Sun Wukong
|-sidestart|p1: JoshPhillips|move: Toxic Spikes
|
|upkeep
|turn|7
|choice|move firepunch|switch 3
|
|switch|p2a: Spook|Chandelure, F|261\/261
|move|p1a: Sun Wukong|Fire Punch|p2a: Spook
|-start|p2a: Spook|ability: Flash Fire
|
|upkeep
|turn|8
|choice|switch 5|move psychic
|
|switch|p1a: Inner Tube|Floatzel, M|311\/311
|-status|p1a: Inner Tube|psn
|move|p2a: Spook|Psychic|p1a: Inner Tube
|-damage|p1a: Inner Tube|98\/311 psn
|-unboost|p1a: Inner Tube|spd|1
|
|-damage|p1a: Inner Tube|60\/311 psn|[from] psn
|upkeep
|turn|9
|choice|move crunch|switch 3
|
|-end|p2a: Spook|ability: Flash Fire|[silent]
|switch|p2a: Metal wallnut|Forretress, M|354\/354
|move|p1a: Inner Tube|Crunch|p2a: Metal wallnut
|-damage|p2a: Metal wallnut|310\/354
|-unboost|p2a: Metal wallnut|def|1
|
|-heal|p2a: Metal wallnut|332\/354|[from] item: Leftovers
|-damage|p1a: Inner Tube|22\/311 psn|[from] psn
|upkeep
|turn|10
|choice|switch 5|move toxicspikes
|
|switch|p1a: Sun Wukong|Infernape, M|293\/293
|-status|p1a: Sun Wukong|psn
|move|p2a: Metal wallnut|Toxic Spikes|p1a: Sun Wukong
|-sidestart|p1: JoshPhillips|move: Toxic Spikes
|
|-heal|p2a: Metal wallnut|354\/354|[from] item: Leftovers
|-damage|p1a: Sun Wukong|257\/293 psn|[from] psn
|upkeep
|turn|11
|choice|move thunderpunch|switch 3
|
|switch|p2a: Spook|Chandelure, F|261\/261
|move|p1a: Sun Wukong|Thunder Punch|p2a: Spook
|-damage|p2a: Spook|99\/261
|
|-damage|p1a: Sun Wukong|221\/293 psn|[from] psn
|upkeep
|turn|12
|choice|move thunderpunch|switch 2
|
|switch|p2a: Poof|Whimsicott, F|311\/311
|move|p1a: Sun Wukong|Thunder Punch|p2a: Poof
|-resisted|p2a: Poof
|-damage|p2a: Poof|250\/311
|
|-heal|p2a: Poof|269\/311|[from] item: Leftovers
|-damage|p1a: Sun Wukong|185\/293 psn|[from] psn
|upkeep
|turn|13
|choice|switch 2|move encore
|
|switch|p1a: Aurum|Steelix, M, shiny|354\/354
|move|p2a: Poof|Encore|p1a: Aurum
|-fail|p1a: Aurum
|
|-heal|p2a: Poof|288\/311|[from] item: Leftovers
|upkeep
|turn|14
|choice|move heavyslam|move uturn
|
|move|p2a: Poof|U-turn|p1a: Aurum
|-resisted|p1a: Aurum
|-damage|p1a: Aurum|345\/354
|choice||switch 3
|
|switch|p2a: Metal wallnut|Forretress, M|354\/354
|move|p1a: Aurum|Heavy Slam|p2a: Metal wallnut
|-resisted|p2a: Metal wallnut
|-damage|p2a: Metal wallnut|322\/354
|
|-heal|p2a: Metal wallnut|344\/354|[from] item: Leftovers
|upkeep
|turn|15
|choice|move dragontail|move stealthrock
|
|move|p2a: Metal wallnut|Stealth Rock|p1a: Aurum
|-sidestart|p1: JoshPhillips|move: Stealth Rock
|move|p1a: Aurum|Dragon Tail|p2a: Metal wallnut
|-resisted|p2a: Metal wallnut
|-damage|p2a: Metal wallnut|327\/354
|drag|p2a: Poof|Whimsicott, F|288\/311
|
|-heal|p2a: Poof|307\/311|[from] item: Leftovers
|upkeep
|turn|16
|choice|move heavyslam|move encore
|
|move|p2a: Poof|Encore|p1a: Aurum
|-start|p1a: Aurum|Encore
|move|p1a: Aurum|Dragon Tail|p2a: Poof
|-immune|p2a: Poof|[msg]
|
|-heal|p2a: Poof|311\/311|[from] item: Leftovers
|upkeep
|turn|17
|choice|switch 4|move moonblast
|
|switch|p1a: Radio|Noivern, F|130\/311
|-damage|p1a: Radio|53\/311|[from] Stealth Rock
|move|p2a: Poof|Moonblast|p1a: Radio
|-supereffective|p1a: Radio
|-damage|p1a: Radio|0 fnt
|faint|p1a: Radio
|
|upkeep
|choice|switch 4|
|
|switch|p1a: Aurum|Steelix, M, shiny|345\/354
|-damage|p1a: Aurum|334\/354|[from] Stealth Rock
|turn|18
|choice|move earthquake|move uturn
|
|move|p2a: Poof|U-turn|p1a: Aurum
|-resisted|p1a: Aurum
|-damage|p1a: Aurum|324\/354
|choice||switch 3
|
|switch|p2a: Metal wallnut|Forretress, M|327\/354
|move|p1a: Aurum|Earthquake|p2a: Metal wallnut
|-damage|p2a: Metal wallnut|243\/354
|
|-heal|p2a: Metal wallnut|265\/354|[from] item: Leftovers
|upkeep
|turn|19
|choice|move earthquake|move rapidspin
|
|move|p1a: Aurum|Earthquake|p2a: Metal wallnut
|-damage|p2a: Metal wallnut|189\/354
|move|p2a: Metal wallnut|Rapid Spin|p1a: Aurum
|-resisted|p1a: Aurum
|-damage|p1a: Aurum|320\/354
|
|-heal|p2a: Metal wallnut|211\/354|[from] item: Leftovers
|upkeep
|turn|20
|choice|move earthquake mega|switch 4
|
|switch|p2a: Catfish|Vaporeon, M|399\/464
|detailschange|p1a: Aurum|Steelix-Mega, M, shiny
|-mega|p1a: Aurum|Steelix|Steelixite
|move|p1a: Aurum|Earthquake|p2a: Catfish
|-damage|p2a: Catfish|137\/464
|
|-heal|p2a: Catfish|166\/464|[from] item: Leftovers
|upkeep
|turn|21
|choice|move earthquake|move scald
|
|move|p2a: Catfish|Scald|p1a: Aurum
|-supereffective|p1a: Aurum
|-damage|p1a: Aurum|116\/354
|move|p1a: Aurum|Earthquake|p2a: Catfish
|-damage|p2a: Catfish|0 fnt
|faint|p2a: Catfish
|
|upkeep
|choice||switch 5
|
|switch|p2a: Dingodile|Krookodile, M|331\/331
|turn|22
|choice|switch 6|move earthquake
|
|switch|p1a: Lacerta|Sceptile, M|281\/281
|-status|p1a: Lacerta|tox
|-damage|p1a: Lacerta|246\/281 tox|[from] Stealth Rock
|move|p2a: Dingodile|Earthquake|p1a: Lacerta
|-resisted|p1a: Lacerta
|-damage|p1a: Lacerta|124\/281 tox
|
|-damage|p1a: Lacerta|107\/281 tox|[from] psn
|upkeep
|turn|23
|choice|move energyball|switch 3
|
|switch|p2a: Poof|Whimsicott, F|311\/311
|move|p1a: Lacerta|Energy Ball|p2a: Poof
|-resisted|p2a: Poof
|-damage|p2a: Poof|221\/311
|
|-heal|p2a: Poof|240\/311|[from] item: Leftovers
|-damage|p1a: Lacerta|73\/281 tox|[from] psn
|upkeep
|turn|24
|choice|switch 3|move uturn
|
|switch|p1a: Charon|Dusknoir, M|294\/294
|-damage|p1a: Charon|258\/294|[from] Stealth Rock
|-status|p1a: Charon|tox
|-ability|p1a: Charon|Pressure
|move|p2a: Poof|U-turn|p1a: Charon
|-resisted|p1a: Charon
|-damage|p1a: Charon|243\/294 tox
|choice||switch 3
|
|switch|p2a: Dingodile|Krookodile, M|331\/331
|
|-heal|p1a: Charon|261\/294 tox|[from] item: Leftovers
|-damage|p1a: Charon|243\/294 tox|[from] psn
|upkeep
|turn|25
|choice|move willowisp|move knockoff
|
|move|p2a: Dingodile|Knock Off|p1a: Charon
|-supereffective|p1a: Charon
|-damage|p1a: Charon|0 fnt
|-enditem|p1a: Charon|Leftovers|[from] move: Knock Off|[of] p2a: Dingodile
|faint|p1a: Charon
|-ability|p2a: Dingodile|Moxie|boost
|-boost|p2a: Dingodile|atk|1
|
|upkeep
|choice|switch 5|
|
|switch|p1a: Inner Tube|Floatzel, M|22\/311 psn
|-damage|p1a: Inner Tube|0 fnt|[from] Stealth Rock
|faint|p1a: Inner Tube
|choice|switch 2|
|
|switch|p1a: Sun Wukong|Infernape, M|185\/293 psn
|-damage|p1a: Sun Wukong|149\/293 psn|[from] Stealth Rock
|turn|26
|choice|move brickbreak|switch 2
|
|switch|p2a: Spook|Chandelure, F|99\/261
|move|p1a: Sun Wukong|Brick Break|p2a: Spook
|-immune|p2a: Spook|[msg]
|
|-damage|p1a: Sun Wukong|113\/293 psn|[from] psn
|upkeep
|turn|27
|choice|switch 3|switch 3
|
|switch|p1a: Lacerta|Sceptile, M|73\/281 tox
|-damage|p1a: Lacerta|38\/281 tox|[from] Stealth Rock
|switch|p2a: Poof|Whimsicott, F|240\/311
|
|-heal|p2a: Poof|259\/311|[from] item: Leftovers
|-damage|p1a: Lacerta|21\/281 tox|[from] psn
|upkeep
|turn|28
|choice|move energyball|move uturn
|
|move|p1a: Lacerta|Energy Ball|p2a: Poof
|-resisted|p2a: Poof
|-damage|p2a: Poof|126\/311
|move|p2a: Poof|U-turn|p1a: Lacerta
|-supereffective|p1a: Lacerta
|-damage|p1a: Lacerta|0 fnt
|faint|p1a: Lacerta
|choice||switch 6
|
|switch|p2a: ThisIsMyHappyFace|Mienshao, M, shiny|271\/271
|
|upkeep
|choice|switch 3|
|
|switch|p1a: Sun Wukong|Infernape, M|113\/293 psn
|-damage|p1a: Sun Wukong|77\/293 psn|[from] Stealth Rock
|turn|29
|choice|move firepunch|move highjumpkick
|
|move|p2a: ThisIsMyHappyFace|High Jump Kick|p1a: Sun Wukong
|-damage|p1a: Sun Wukong|0 fnt
|faint|p1a: Sun Wukong
|
|upkeep
|choice|switch 6|
|
|switch|p1a: Aurum|Steelix-Mega, M, shiny|116\/354
|-damage|p1a: Aurum|105\/354|[from] Stealth Rock
|turn|30
|choice|move earthquake|move highjumpkick
|
|move|p2a: ThisIsMyHappyFace|High Jump Kick|p1a: Aurum
|-supereffective|p1a: Aurum
|-damage|p1a: Aurum|0 fnt
|faint|p1a: Aurum
|
|win|The frozen lopunny
|raw|JoshPhillips's rating: 1107 &rarr; <strong>1101<\/strong><br \/>(-6 for losing)
|raw|The frozen lopunny's rating: 1447 &rarr; <strong>1452<\/strong><br \/>(+5 for winning)
|c|☆The frozen lopunny|gg
|l|JoshPhillips</script>
</div>
<div class="battle-log battle-log-inline"><div class="inner"><div class="battle-options"></div><div class="inner"><div class="chat"><small>JoshPhillips joined.</small></div><div class="chat"><small>The frozen lopunny joined.</small></div><div class=""><small>Format:</small> <br><strong>UU</strong></div><div class="rated"><strong>Rated battle</strong></div><div class=""><small><em>Sleep Clause Mod:</em> Limit one foe put to sleep</small></div><div class=""><small><em>Species Clause:</em> Limit one of each Pokémon</small></div><div class=""><small><em>OHKO Clause:</em> OHKO moves are banned</small></div><div class=""><small><em>Moody Clause:</em> Moody is banned</small></div><div class=""><small><em>Evasion Moves Clause:</em> Evasion moves are banned</small></div><div class=""><small><em>Endless Battle Clause:</em> Forcing endless battles is banned</small></div><div class=""><small><em>HP Percentage Mod:</em> HP is shown in percentages</small></div><div class=""><small><em>Swagger Clause:</em> Swagger is banned</small></div><div class=""><small><em>Baton Pass Clause:</em> Limit one Baton Passer, can't pass Spe and other stats simultaneously</small></div><div class="chat battle-history"><strong>JoshPhillips's team:</strong> <em style="color:#445566;display:block;">Sceptile / Steelix / Infernape / Noivern / Floatzel / Dusknoir</em></div><div class="chat battle-history"><strong>The frozen lopunny's team:</strong> <em style="color:#445566;display:block;">Mienshao / Whimsicott / Vaporeon / Forretress / Krookodile / Chandelure</em></div><div class="spacer battle-history"><br></div><div class="battle-history">Battle started between JoshPhillips and The frozen lopunny!<br></div><div class="spacer battle-history"><br></div><div class="battle-history">Go! Charon (<strong>Dusknoir</strong>)!<br></div><div class="spacer battle-history"><br></div><div class="battle-history">The frozen lopunny sent out ThisIsMyHappyFace (<strong>Mienshao</strong>)!<br></div><div class="battle-history"><small>[Charon's Pressure]</small><br><small>Charon is exerting its pressure!</small><br></div><div class="spacer battle-history"><br></div><h2 class="battle-history">Turn 1</h2><div class="spacer battle-history"><br></div><div class="battle-history">The opposing ThisIsMyHappyFace used <strong>U-turn</strong>!<br></div><div class="battle-history"><small>It's not very effective...</small><br></div><div class="battle-history"><small>A critical hit!</small><br></div><div class="battle-history"><small>(Charon lost <abbr title="−46/294">15.6%</abbr> of its health!)</small><br></div><div class="spacer battle-history"><br></div><div class="battle-history">The opposing ThisIsMyHappyFace went back to The frozen lopunny!<br></div><div class="battle-history">The frozen lopunny sent out Spook (<strong>Chandelure</strong>)!<br></div><div class="spacer battle-history"><br></div><div class="battle-history">Charon used <strong>Will-O-Wisp</strong>!<br></div><div class="battle-history"><small>[The opposing Spook's Flash Fire]</small><br><small>The power of the opposing Spook's Fire-type moves rose!</small><br></div><div class="spacer battle-history"><br></div><div class="battle-history"><small>Charon restored a little HP using its Leftovers!</small><br></div><div class="spacer battle-history"><br></div><h2 class="battle-history">Turn 2</h2><div class="spacer battle-history"><br></div><div class="battle-history">Charon, come back!<br></div><div class="battle-history">Go! Radio (<strong>Noivern</strong>)!<br></div><div class="spacer battle-history"><br></div><div class="battle-history">The opposing Spook used <strong>Shadow Ball</strong>!<br></div><div class="battle-history"><small>(Radio lost <abbr title="−181/311">58.2%</abbr> of its health!)</small><br></div><div class="spacer battle-history"><br></div><h2 class="battle-history">Turn 3</h2><div class="chat message-error">Battle timer is ON: inactive players will automatically lose when time's up. (requested by The frozen lopunny)</div><div class="spacer battle-history"><br></div><div class="battle-history">The frozen lopunny withdrew Spook!<br></div><div class="battle-history">The frozen lopunny sent out Catfish (<strong>Vaporeon</strong>)!<br></div><div class="spacer battle-history"><br></div><div class="battle-history">Radio used <strong>Air Slash</strong>!<br></div><div class="battle-history"><small>(The opposing Catfish lost <abbr title="−123/464">26.5%</abbr> of its health!)</small><br></div><div class="spacer battle-history"><br></div><div class="battle-history"><small>The opposing Catfish restored a little HP using its Leftovers!</small><br></div><div class="spacer battle-history"><br></div><h2 class="battle-history">Turn 4</h2><div class="spacer battle-history"><br></div><div class="battle-history">Radio, come back!<br></div><div class="battle-history">Go! Charon (<strong>Dusknoir</strong>)!<br></div><div class="battle-history"><small>[Charon's Pressure]</small><br><small>Charon is exerting its pressure!</small><br></div><div class="spacer battle-history"><br></div><div class="battle-history">The opposing Catfish used <strong>Wish</strong>!<br></div><div class="spacer battle-history"><br></div><div class="battle-history"><small>The opposing Catfish restored a little HP using its Leftovers!</small><br></div><div class="battle-history"><small>Charon restored a little HP using its Leftovers!</small><br></div><div class="spacer battle-history"><br></div><h2 class="battle-history">Turn 5</h2><div class="spacer battle-history"><br></div><div class="battle-history">The frozen lopunny withdrew Catfish!<br></div><div class="battle-history">The frozen lopunny sent out Metal wallnut (<strong>Forretress</strong>)!<br></div><div class="spacer battle-history"><br></div><div class="battle-history">Charon used <strong>Toxic</strong>!<br></div><div class="battle-history"><small>It doesn't affect the opposing Metal wallnut...</small><br></div><div class="spacer battle-history"><br></div><div class="battle-history"><small>Charon restored a little HP using its Leftovers!</small><br></div><div class="spacer battle-history"><br></div><h2 class="battle-history">Turn 6</h2><div class="spacer battle-history"><br></div><div class="battle-history">Charon, come back!<br></div><div class="battle-history">Go! Sun Wukong (<strong>Infernape</strong>)!<br></div><div class="spacer battle-history"><br></div><div class="battle-history">The opposing Metal wallnut used <strong>Toxic Spikes</strong>!<br></div><div class="battle-history"><small>Poison spikes were scattered on the ground all around your team!</small><br></div><div class="spacer battle-history"><br></div><h2 class="battle-history">Turn 7</h2><div class="spacer battle-history"><br></div><div class="battle-history">The frozen lopunny withdrew Metal wallnut!<br></div><div class="battle-history">The frozen lopunny sent out Spook (<strong>Chandelure</strong>)!<br></div><div class="spacer battle-history"><br></div><div class="battle-history">Sun Wukong used <strong>Fire Punch</strong>!<br></div><div class="battle-history"><small>[The opposing Spook's Flash Fire]</small><br><small>The power of the opposing Spook's Fire-type moves rose!</small><br></div><div class="spacer battle-history"><br></div><h2 class="battle-history">Turn 8</h2><div class="spacer battle-history"><br></div><div class="battle-history">Sun Wukong, come back!<br></div><div class="battle-history">Go! Inner Tube (<strong>Floatzel</strong>)!<br></div><div class="battle-history"><small>Inner Tube was poisoned!</small><br></div><div class="spacer battle-history"><br></div><div class="battle-history">The opposing Spook used <strong>Psychic</strong>!<br></div><div class="battle-history"><small>(Inner Tube lost <abbr title="−213/311">68.5%</abbr> of its health!)</small><br></div><div class="battle-history"><small>Inner Tube's Special Defense fell!</small><br></div><div class="spacer battle-history"><br></div><div class="battle-history"><small>Inner Tube was hurt by poison!</small><br></div><div class="spacer battle-history"><br></div><h2 class="battle-history">Turn 9</h2><div class="spacer battle-history"><br></div><div class="battle-history">The frozen lopunny withdrew Spook!<br></div><div class="battle-history">The frozen lopunny sent out Metal wallnut (<strong>Forretress</strong>)!<br></div><div class="spacer battle-history"><br></div><div class="battle-history">Inner Tube used <strong>Crunch</strong>!<br></div><div class="battle-history"><small>(The opposing Metal wallnut lost <abbr title="−44/354">12.4%</abbr> of its health!)</small><br></div><div class="battle-history"><small>The opposing Metal wallnut's Defense fell!</small><br></div><div class="spacer battle-history"><br></div><div class="battle-history"><small>The opposing Metal wallnut restored a little HP using its Leftovers!</small><br></div><div class="battle-history"><small>Inner Tube was hurt by poison!</small><br></div><div class="spacer battle-history"><br></div><h2 class="battle-history">Turn 10</h2><div class="spacer battle-history"><br></div><div class="battle-history">Inner Tube, come back!<br></div><div class="battle-history">Go! Sun Wukong (<strong>Infernape</strong>)!<br></div><div class="battle-history"><small>Sun Wukong was poisoned!</small><br></div><div class="spacer battle-history"><br></div><div class="battle-history">The opposing Metal wallnut used <strong>Toxic Spikes</strong>!<br></div><div class="battle-history"><small>Poison spikes were scattered on the ground all around your team!</small><br></div><div class="spacer battle-history"><br></div><div class="battle-history"><small>The opposing Metal wallnut restored a little HP using its Leftovers!</small><br></div><div class="battle-history"><small>Sun Wukong was hurt by poison!</small><br></div><div class="spacer battle-history"><br></div><h2 class="battle-history">Turn 11</h2><div class="spacer battle-history"><br></div><div class="battle-history">The frozen lopunny withdrew Metal wallnut!<br></div><div class="battle-history">The frozen lopunny sent out Spook (<strong>Chandelure</strong>)!<br></div><div class="spacer battle-history"><br></div><div class="battle-history">Sun Wukong used <strong>Thunder Punch</strong>!<br></div><div class="battle-history"><small>(The opposing Spook lost <abbr title="−162/261">62.1%</abbr> of its health!)</small><br></div><div class="spacer battle-history"><br></div><div class="battle-history"><small>Sun Wukong was hurt by poison!</small><br></div><div class="spacer battle-history"><br></div><h2 class="battle-history">Turn 12</h2><div class="spacer battle-history"><br></div><div class="battle-history">The frozen lopunny withdrew Spook!<br></div><div class="battle-history">The frozen lopunny sent out Poof (<strong>Whimsicott</strong>)!<br></div><div class="spacer battle-history"><br></div><div class="battle-history">Sun Wukong used <strong>Thunder Punch</strong>!<br></div><div class="battle-history"><small>It's not very effective...</small><br></div><div class="battle-history"><small>(The opposing Poof lost <abbr title="−61/311">19.6%</abbr> of its health!)</small><br></div><div class="spacer battle-history"><br></div><div class="battle-history"><small>The opposing Poof restored a little HP using its Leftovers!</small><br></div><div class="battle-history"><small>Sun Wukong was hurt by poison!</small><br></div><div class="spacer battle-history"><br></div><h2 class="battle-history">Turn 13</h2><div class="spacer battle-history"><br></div><div class="battle-history">Sun Wukong, come back!<br></div><div class="battle-history">Go! Aurum (<strong>Steelix</strong>)!<br></div><div class="spacer battle-history"><br></div><div class="battle-history">The opposing Poof used <strong>Encore</strong>!<br></div><div class="battle-history"><small>But it failed!</small><br></div><div class="spacer battle-history"><br></div><div class="battle-history"><small>The opposing Poof restored a little HP using its Leftovers!</small><br></div><div class="spacer battle-history"><br></div><h2 class="battle-history">Turn 14</h2><div class="spacer battle-history"><br></div><div class="battle-history">The opposing Poof used <strong>U-turn</strong>!<br></div><div class="battle-history"><small>It's not very effective...</small><br></div><div class="battle-history"><small>(Aurum lost <abbr title="−9/354">2.5%</abbr> of its health!)</small><br></div><div class="spacer battle-history"><br></div><div class="battle-history">The opposing Poof went back to The frozen lopunny!<br></div><div class="battle-history">The frozen lopunny sent out Metal wallnut (<strong>Forretress</strong>)!<br></div><div class="spacer battle-history"><br></div><div class="battle-history">Aurum used <strong>Heavy Slam</strong>!<br></div><div class="battle-history"><small>It's not very effective...</small><br></div><div class="battle-history"><small>(The opposing Metal wallnut lost <abbr title="−32/354">9.0%</abbr> of its health!)</small><br></div><div class="spacer battle-history"><br></div><div class="battle-history"><small>The opposing Metal wallnut restored a little HP using its Leftovers!</small><br></div><div class="spacer battle-history"><br></div><h2 class="battle-history">Turn 15</h2><div class="spacer battle-history"><br></div><div class="battle-history">The opposing Metal wallnut used <strong>Stealth Rock</strong>!<br></div><div class="battle-history"><small>Pointed stones float in the air around your team!</small><br></div><div class="spacer battle-history"><br></div><div class="battle-history">Aurum used <strong>Dragon Tail</strong>!<br></div><div class="battle-history"><small>It's not very effective...</small><br></div><div class="battle-history"><small>(The opposing Metal wallnut lost <abbr title="−17/354">4.8%</abbr> of its health!)</small><br></div><div class="spacer battle-history"><br></div><div class="battle-history">Poof (<strong>Whimsicott</strong>) was dragged out!<br></div><div class="spacer battle-history"><br></div><div class="battle-history"><small>The opposing Poof restored a little HP using its Leftovers!</small><br></div><div class="spacer battle-history"><br></div><h2 class="battle-history">Turn 16</h2><div class="spacer battle-history"><br></div><div class="battle-history">The opposing Poof used <strong>Encore</strong>!<br></div><div class="battle-history"><small>Aurum received an encore!</small><br></div><div class="spacer battle-history"><br></div><div class="battle-history">Aurum used <strong>Dragon Tail</strong>!<br></div><div class="battle-history"><small>It doesn't affect the opposing Poof...</small><br></div><div class="spacer battle-history"><br></div><div class="battle-history"><small>The opposing Poof restored a little HP using its Leftovers!</small><br></div><div class="spacer battle-history"><br></div><h2 class="battle-history">Turn 17</h2><div class="spacer battle-history"><br></div><div class="battle-history">Aurum, come back!<br></div><div class="battle-history">Go! Radio (<strong>Noivern</strong>)!<br></div><div class="battle-history"><small>Pointed stones dug into Radio!</small><br></div><div class="spacer battle-history"><br></div><div class="battle-history">The opposing Poof used <strong>Moonblast</strong>!<br></div><div class="battle-history"><small>It's super effective!</small><br></div><div class="battle-history"><small>(Radio lost <abbr title="−53/311">17.0%</abbr> of its health!)</small><br></div><div class="spacer battle-history"><br></div><div class="battle-history">Radio fainted!<br></div><div class="spacer battle-history"><br></div><div class="battle-history">Go! Aurum (<strong>Steelix</strong>)!<br></div><div class="battle-history"><small>Pointed stones dug into Aurum!</small><br></div><div class="spacer battle-history"><br></div><h2 class="battle-history">Turn 18</h2><div class="spacer battle-history"><br></div><div class="battle-history">The opposing Poof used <strong>U-turn</strong>!<br></div><div class="battle-history"><small>It's not very effective...</small><br></div><div class="battle-history"><small>(Aurum lost <abbr title="−10/354">2.8%</abbr> of its health!)</small><br></div><div class="spacer battle-history"><br></div><div class="battle-history">The opposing Poof went back to The frozen lopunny!<br></div><div class="battle-history">The frozen lopunny sent out Metal wallnut (<strong>Forretress</strong>)!<br></div><div class="spacer battle-history"><br></div><div class="battle-history">Aurum used <strong>Earthquake</strong>!<br></div><div class="battle-history"><small>(The opposing Metal wallnut lost <abbr title="−84/354">23.7%</abbr> of its health!)</small><br></div><div class="spacer battle-history"><br></div><div class="battle-history"><small>The opposing Metal wallnut restored a little HP using its Leftovers!</small><br></div><div class="spacer battle-history"><br></div><h2 class="battle-history">Turn 19</h2><div class="spacer battle-history"><br></div><div class="battle-history">Aurum used <strong>Earthquake</strong>!<br></div><div class="battle-history"><small>(The opposing Metal wallnut lost <abbr title="−76/354">21.5%</abbr> of its health!)</small><br></div><div class="spacer battle-history"><br></div><div class="battle-history">The opposing Metal wallnut used <strong>Rapid Spin</strong>!<br></div><div class="battle-history"><small>It's not very effective...</small><br></div><div class="battle-history"><small>(Aurum lost <abbr title="−4/354">1.1%</abbr> of its health!)</small><br></div><div class="spacer battle-history"><br></div><div class="battle-history"><small>The opposing Metal wallnut restored a little HP using its Leftovers!</small><br></div><div class="spacer battle-history"><br></div><h2 class="battle-history">Turn 20</h2><div class="spacer battle-history"><br></div><div class="battle-history">The frozen lopunny withdrew Metal wallnut!<br></div><div class="battle-history">The frozen lopunny sent out Catfish (<strong>Vaporeon</strong>)!<br></div><div class="spacer battle-history"><br></div><div class="battle-history"><small>Aurum's Steelixite is reacting to JoshPhillips's Mega Bracelet!</small><br>Aurum has Mega Evolved into Mega Steelix!<br></div><div class="spacer battle-history"><br></div><div class="battle-history">Aurum used <strong>Earthquake</strong>!<br></div><div class="battle-history"><small>(The opposing Catfish lost <abbr title="−262/464">56.5%</abbr> of its health!)</small><br></div><div class="spacer battle-history"><br></div><div class="battle-history"><small>The opposing Catfish restored a little HP using its Leftovers!</small><br></div><div class="spacer battle-history"><br></div><h2 class="battle-history">Turn 21</h2><div class="spacer battle-history"><br></div><div class="battle-history">The opposing Catfish used <strong>Scald</strong>!<br></div><div class="battle-history"><small>It's super effective!</small><br></div><div class="battle-history"><small>(Aurum lost <abbr title="−204/354">57.6%</abbr> of its health!)</small><br></div><div class="spacer battle-history"><br></div><div class="battle-history">Aurum used <strong>Earthquake</strong>!<br></div><div class="battle-history"><small>(The opposing Catfish lost <abbr title="−166/464">35.8%</abbr> of its health!)</small><br></div><div class="spacer battle-history"><br></div><div class="battle-history">The opposing Catfish fainted!<br></div><div class="spacer battle-history"><br></div><div class="battle-history">The frozen lopunny sent out Dingodile (<strong>Krookodile</strong>)!<br></div><div class="spacer battle-history"><br></div><h2 class="battle-history">Turn 22</h2><div class="spacer battle-history"><br></div><div class="battle-history">Aurum, come back!<br></div><div class="battle-history">Go! Lacerta (<strong>Sceptile</strong>)!<br></div><div class="battle-history"><small>Lacerta was badly poisoned!</small><br></div><div class="battle-history"><small>Pointed stones dug into Lacerta!</small><br></div><div class="spacer battle-history"><br></div><div class="battle-history">The opposing Dingodile used <strong>Earthquake</strong>!<br></div><div class="battle-history"><small>It's not very effective...</small><br></div><div class="battle-history"><small>(Lacerta lost <abbr title="−122/281">43.4%</abbr> of its health!)</small><br></div><div class="spacer battle-history"><br></div><div class="battle-history"><small>Lacerta was hurt by poison!</small><br></div><div class="spacer battle-history"><br></div><h2 class="battle-history">Turn 23</h2><div class="spacer battle-history"><br></div><div class="battle-history">The frozen lopunny withdrew Dingodile!<br></div><div class="battle-history">The frozen lopunny sent out Poof (<strong>Whimsicott</strong>)!<br></div><div class="spacer battle-history"><br></div><div class="battle-history">Lacerta used <strong>Energy Ball</strong>!<br></div><div class="battle-history"><small>It's not very effective...</small><br></div><div class="battle-history"><small>(The opposing Poof lost <abbr title="−90/311">28.9%</abbr> of its health!)</small><br></div><div class="spacer battle-history"><br></div><div class="battle-history"><small>The opposing Poof restored a little HP using its Leftovers!</small><br></div><div class="battle-history"><small>Lacerta was hurt by poison!</small><br></div><div class="spacer battle-history"><br></div><h2 class="battle-history">Turn 24</h2><div class="spacer battle-history"><br></div><div class="battle-history">Lacerta, come back!<br></div><div class="battle-history">Go! Charon (<strong>Dusknoir</strong>)!<br></div><div class="battle-history"><small>Pointed stones dug into Charon!</small><br></div><div class="battle-history"><small>Charon was badly poisoned!</small><br></div><div class="battle-history"><small>[Charon's Pressure]</small><br><small>Charon is exerting its pressure!</small><br></div><div class="spacer battle-history"><br></div><div class="battle-history">The opposing Poof used <strong>U-turn</strong>!<br></div><div class="battle-history"><small>It's not very effective...</small><br></div><div class="battle-history"><small>(Charon lost <abbr title="−15/294">5.1%</abbr> of its health!)</small><br></div><div class="spacer battle-history"><br></div><div class="battle-history">The opposing Poof went back to The frozen lopunny!<br></div><div class="battle-history">The frozen lopunny sent out Dingodile (<strong>Krookodile</strong>)!<br></div><div class="spacer battle-history"><br></div><div class="battle-history"><small>Charon restored a little HP using its Leftovers!</small><br></div><div class="battle-history"><small>Charon was hurt by poison!</small><br></div><div class="spacer battle-history"><br></div><h2 class="battle-history">Turn 25</h2><div class="spacer battle-history"><br></div><div class="battle-history">The opposing Dingodile used <strong>Knock Off</strong>!<br></div><div class="battle-history"><small>It's super effective!</small><br></div><div class="battle-history"><small>(Charon lost <abbr title="−243/294">82.7%</abbr> of its health!)</small><br></div><div class="battle-history"><small>The opposing Dingodile knocked off Charon's Leftovers!</small><br></div><div class="spacer battle-history"><br></div><div class="battle-history">Charon fainted!<br></div><div class="battle-history"><small>[The opposing Dingodile's Moxie]</small><br></div><div class="battle-history"><small>The opposing Dingodile's Attack rose!</small><br></div><div class="spacer battle-history"><br></div><div class="battle-history">Go! Inner Tube (<strong>Floatzel</strong>)!<br></div><div class="battle-history"><small>Pointed stones dug into Inner Tube!</small><br></div><div class="spacer battle-history"><br></div><div class="battle-history">Inner Tube fainted!<br></div><div class="spacer battle-history"><br></div><div class="battle-history">Go! Sun Wukong (<strong>Infernape</strong>)!<br></div><div class="battle-history"><small>Pointed stones dug into Sun Wukong!</small><br></div><div class="spacer battle-history"><br></div><h2 class="battle-history">Turn 26</h2><div class="spacer battle-history"><br></div><div class="battle-history">The frozen lopunny withdrew Dingodile!<br></div><div class="battle-history">The frozen lopunny sent out Spook (<strong>Chandelure</strong>)!<br></div><div class="spacer battle-history"><br></div><div class="battle-history">Sun Wukong used <strong>Brick Break</strong>!<br></div><div class="battle-history"><small>It doesn't affect the opposing Spook...</small><br></div><div class="spacer battle-history"><br></div><div class="battle-history"><small>Sun Wukong was hurt by poison!</small><br></div><div class="spacer battle-history"><br></div><h2 class="battle-history">Turn 27</h2><div class="spacer battle-history"><br></div><div class="battle-history">Sun Wukong, come back!<br></div><div class="battle-history">Go! Lacerta (<strong>Sceptile</strong>)!<br></div><div class="battle-history"><small>Pointed stones dug into Lacerta!</small><br></div><div class="spacer battle-history"><br></div><div class="battle-history">The frozen lopunny withdrew Spook!<br></div><div class="battle-history">The frozen lopunny sent out Poof (<strong>Whimsicott</strong>)!<br></div><div class="spacer battle-history"><br></div><div class="battle-history"><small>The opposing Poof restored a little HP using its Leftovers!</small><br></div><div class="battle-history"><small>Lacerta was hurt by poison!</small><br></div><div class="spacer battle-history"><br></div><h2 class="battle-history">Turn 28</h2><div class="spacer battle-history"><br></div><div class="battle-history">Lacerta used <strong>Energy Ball</strong>!<br></div><div class="battle-history"><small>It's not very effective...</small><br></div><div class="battle-history"><small>(The opposing Poof lost <abbr title="−133/311">42.8%</abbr> of its health!)</small><br></div><div class="spacer battle-history"><br></div><div class="battle-history">The opposing Poof used <strong>U-turn</strong>!<br></div><div class="battle-history"><small>It's super effective!</small><br></div><div class="battle-history"><small>(Lacerta lost <abbr title="−21/281">7.5%</abbr> of its health!)</small><br></div><div class="spacer battle-history"><br></div><div class="battle-history">Lacerta fainted!<br></div><div class="spacer battle-history"><br></div><div class="battle-history">The opposing Poof went back to The frozen lopunny!<br></div><div class="battle-history">The frozen lopunny sent out ThisIsMyHappyFace (<strong>Mienshao</strong>)!<br></div><div class="spacer battle-history"><br></div><div class="battle-history">Go! Sun Wukong (<strong>Infernape</strong>)!<br></div><div class="battle-history"><small>Pointed stones dug into Sun Wukong!</small><br></div><div class="spacer battle-history"><br></div><h2 class="battle-history">Turn 29</h2><div class="spacer battle-history"><br></div><div class="battle-history">The opposing ThisIsMyHappyFace used <strong>High Jump Kick</strong>!<br></div><div class="battle-history"><small>(Sun Wukong lost <abbr title="−77/293">26.3%</abbr> of its health!)</small><br></div><div class="spacer battle-history"><br></div><div class="battle-history">Sun Wukong fainted!<br></div><div class="spacer battle-history"><br></div><div class="battle-history">Go! Aurum (<strong>Steelix-Mega</strong>)!<br></div><div class="battle-history"><small>Pointed stones dug into Aurum!</small><br></div><div class="spacer battle-history"><br></div><h2 class="battle-history">Turn 30</h2><div class="spacer battle-history"><br></div><div class="battle-history">The opposing ThisIsMyHappyFace used <strong>High Jump Kick</strong>!<br></div><div class="battle-history"><small>It's super effective!</small><br></div><div class="battle-history"><small>(Aurum lost <abbr title="−105/354">29.7%</abbr> of its health!)</small><br></div><div class="spacer battle-history"><br></div><div class="battle-history">Aurum fainted!<br></div><div class="spacer battle-history"><br></div><div class="battle-history"><strong>The frozen lopunny</strong> won the battle!<br></div><div class="chat">JoshPhillips's rating: 1107 → <strong>1101</strong><br>(-6 for losing)</div><div class="chat">The frozen lopunny's rating: 1447 → <strong>1452</strong><br>(+5 for winning)</div><div class="chat chatmessage-thefrozenlopunny"><strong style="color:hsl(18,79%,41.70480063285996%)"><small>☆</small><span class="username" data-name="The frozen lopunny">The frozen lopunny</span>:</strong> <em>gg</em></div><div class="chat"><small>JoshPhillips left.</small></div></div><div class="inner-preempt"></div></div></div>
</div>
<script>
let daily = Math.floor(Date.now()/1000/60/60/24);document.write('<script src="https://play.pokemonshowdown.com/js/replay-embed.js?version'+daily+'"></'+'script>');
</script>
