<!DOCTYPE html>
<meta charset="utf-8" />
<!-- version 1 -->
<title>UU replay: Renfur® vs. Follar</title>
<style>
html,body {font-family:Verdana, sans-serif;font-size:10pt;margin:0;padding:0;}body{padding:12px 0;} .battle-log {font-family:Verdana, sans-serif;font-size:10pt;} .battle-log-inline {border:1px solid #AAAAAA;background:#EEF2F5;color:black;max-width:640px;margin:0 auto 80px;padding-bottom:5px;} .battle-log .inner {padding:4px 8px 0px 8px;} .battle-log .inner-preempt {padding:0 8px 4px 8px;} .battle-log .inner-after {margin-top:0.5em;} .battle-log h2 {margin:0.5em -8px;padding:4px 8px;border:1px solid #AAAAAA;background:#E0E7EA;border-left:0;border-right:0;font-family:Verdana, sans-serif;font-size:13pt;} .battle-log .chat {vertical-align:middle;padding:3px 0 3px 0;font-size:8pt;} .battle-log .chat strong {color:#40576A;} .battle-log .chat em {padding:1px 4px 1px 3px;color:#000000;font-style:normal;} .chat.mine {background:rgba(0,0,0,0.05);margin-left:-8px;margin-right:-8px;padding-left:8px;padding-right:8px;} .spoiler {color:#BBBBBB;background:#BBBBBB;padding:0px 3px;} .spoiler:hover, .spoiler:active, .spoiler-shown {color:#000000;background:#E2E2E2;padding:0px 3px;} .spoiler a {color:#BBBBBB;} .spoiler:hover a, .spoiler:active a, .spoiler-shown a {color:#2288CC;} .chat code, .chat .spoiler:hover code, .chat .spoiler:active code, .chat .spoiler-shown code {border:1px solid #C0C0C0;background:#EEEEEE;color:black;padding:0 2px;} .chat .spoiler code {border:1px solid #CCCCCC;background:#CCCCCC;color:#CCCCCC;} .battle-log .rated {padding:3px 4px;} .battle-log .rated strong {color:white;background:#89A;padding:1px 4px;border-radius:4px;} .spacer {margin-top:0.5em;} .message-announce {background:#6688AA;color:white;padding:1px 4px 2px;} .message-announce a, .broadcast-green a, .broadcast-blue a, .broadcast-red a {color:#DDEEFF;} .broadcast-green {background-color:#559955;color:white;padding:2px 4px;} .broadcast-blue {background-color:#6688AA;color:white;padding:2px 4px;} .infobox {border:1px solid #6688AA;padding:2px 4px;} .infobox-limited {max-height:200px;overflow:auto;overflow-x:hidden;} .broadcast-red {background-color:#AA5544;color:white;padding:2px 4px;} .message-learn-canlearn {font-weight:bold;color:#228822;text-decoration:underline;} .message-learn-cannotlearn {font-weight:bold;color:#CC2222;text-decoration:underline;} .message-effect-weak {font-weight:bold;color:#CC2222;} .message-effect-resist {font-weight:bold;color:#6688AA;} .message-effect-immune {font-weight:bold;color:#666666;} .message-learn-list {margin-top:0;margin-bottom:0;} .message-throttle-notice, .message-error {color:#992222;} .message-overflow, .chat small.message-overflow {font-size:0pt;} .message-overflow::before {font-size:9pt;content:'...';} .subtle {color:#3A4A66;}
</style>
<div class="wrapper replay-wrapper" style="max-width:1180px;margin:0 auto">
<input type="hidden" name="replayid" value="uu-548355321" />
<div class="battle"></div><div class="battle-log"></div><div class="replay-controls"></div><div class="replay-controls-2"></div>
<h1 style="font-weight:normal;text-align:center"><strong>UU</strong><br /><a href="http://pokemonshowdown.com/users/renfur" class="subtle" target="_blank">Renfur®</a> vs. <a href="http://pokemonshowdown.com/users/follar" class="subtle" target="_blank">Follar</a></h1>
<script type="text/plain" class="battle-log-data">|j|Renfur®
|j|Follar
|player|p1|Renfur®|137
|player|p2|Follar|256
|gametype|singles
|gen|6
|tier|UU
|seed|33941,24613,45344,39431
|rule|Sleep Clause Mod: Limit one foe put to sleep
|rule|Species Clause: Limit one of each Pokémon
|rule|OHKO Clause: OHKO moves are banned
|rule|Moody Clause: Moody is banned
|rule|Evasion Moves Clause: Evasion moves are banned
|rule|Endless Battle Clause: Forcing endless battles is banned
|rule|HP Percentage Mod: HP is shown in percentages
|clearpoke
|poke|p1|Empoleon, F, shiny|item
|poke|p1|Aerodactyl, F|item
|poke|p1|Toxicroak, M, shiny|item
|poke|p1|Umbreon, F, shiny|item
|poke|p1|Mamoswine, F|item
|poke|p1|Slurpuff, M|item
|poke|p2|Galvantula, M|item
|poke|p2|Donphan, F|item
|poke|p2|Zangoose, M|item
|poke|p2|Sableye, F|item
|poke|p2|Swellow, F|item
|poke|p2|Sceptile, F|item
|rule|Swagger Clause: Swagger is banned
|rule|Baton Pass Clause: Limit one Baton Passer, can't pass Spe and other stats simultaneously
|teampreview
|c|☆Follar|gl hf
|c|☆Renfur®|gl
|choice|team 1, team 2, team 3, team 4, team 5, team 6|team 1, team 2, team 3, team 4, team 5, team 6
|
|start
|switch|p1a: Emperor|Empoleon, F, shiny|310\/310
|switch|p2a: Galvantula|Galvantula, M|281\/281
|turn|1
|choice|move stealthrock|move stickyweb
|
|move|p2a: Galvantula|Sticky Web|p1a: Emperor
|-sidestart|p1: Renfur®|move: Sticky Web
|move|p1a: Emperor|Stealth Rock|p2a: Galvantula
|-sidestart|p2: Follar|move: Stealth Rock
|
|upkeep
|turn|2
|choice|switch 5|move thunder
|
|switch|p1a: Maouw|Mamoswine, F|361\/361
|-activate|p1a: Maouw|move: Sticky Web
|-unboost|p1a: Maouw|spe|1
|move|p2a: Galvantula|Thunder|p1a: Maouw
|-immune|p1a: Maouw|[msg]
|
|upkeep
|turn|3
|choice|move knockoff|move gigadrain
|
|move|p2a: Galvantula|Giga Drain|p1a: Maouw
|-supereffective|p1a: Maouw
|-damage|p1a: Maouw|121\/361
|move|p1a: Maouw|Knock Off|p2a: Galvantula
|-damage|p2a: Galvantula|46\/281
|-enditem|p2a: Galvantula|Focus Sash|[from] move: Knock Off|[of] p1a: Maouw
|-damage|p1a: Maouw|85\/361|[from] item: Life Orb
|
|upkeep
|turn|4
|choice|move iceshard|switch 2
|
|switch|p2a: Donphan|Donphan, F|384\/384
|-damage|p2a: Donphan|360\/384|[from] Stealth Rock
|move|p1a: Maouw|Ice Shard|p2a: Donphan
|-supereffective|p2a: Donphan
|-damage|p2a: Donphan|240\/384
|-damage|p1a: Maouw|49\/361|[from] item: Life Orb
|
|-heal|p2a: Donphan|264\/384|[from] item: Leftovers
|upkeep
|turn|5
|j|bobspicecow
|choice|move iceshard|move rapidspin
|
|move|p1a: Maouw|Ice Shard|p2a: Donphan
|-supereffective|p2a: Donphan
|-damage|p2a: Donphan|131\/384
|-damage|p1a: Maouw|13\/361|[from] item: Life Orb
|move|p2a: Donphan|Rapid Spin|p1a: Maouw
|-damage|p1a: Maouw|0 fnt
|-sideend|p2: Follar|Stealth Rock|[from] move: Rapid Spin|[of] p2a: Donphan
|faint|p1a: Maouw
|
|-heal|p2a: Donphan|155\/384|[from] item: Leftovers
|upkeep
|choice|switch 5|
|
|switch|p1a: Emperor|Empoleon, F, shiny|310\/310
|-activate|p1a: Emperor|move: Sticky Web
|-unboost|p1a: Emperor|spe|1
|-ability|p1a: Emperor|Defiant|boost
|-boost|p1a: Emperor|atk|2
|turn|6
|choice|move icebeam|move earthquake
|
|move|p1a: Emperor|Ice Beam|p2a: Donphan
|-supereffective|p2a: Donphan
|-damage|p2a: Donphan|0 fnt
|-damage|p1a: Emperor|279\/310|[from] item: Life Orb
|faint|p2a: Donphan
|
|upkeep
|choice||switch 2
|
|switch|p2a: Galvantula|Galvantula, M|46\/281
|turn|7
|choice|move stealthrock|move thunder
|
|move|p2a: Galvantula|Thunder|p1a: Emperor
|-supereffective|p1a: Emperor
|-damage|p1a: Emperor|0 fnt
|faint|p1a: Emperor
|
|upkeep
|choice|switch 3|
|
|switch|p1a: Poison Sac|Toxicroak, M, shiny|307\/307
|-activate|p1a: Poison Sac|move: Sticky Web
|-unboost|p1a: Poison Sac|spe|1
|turn|8
|choice|move fakeout|switch 3
|
|switch|p2a: Shibata|Zangoose, M|288\/288
|move|p1a: Poison Sac|Fake Out|p2a: Shibata
|-damage|p2a: Shibata|214\/288
|-damage|p1a: Poison Sac|277\/307|[from] item: Life Orb
|
|-status|p2a: Shibata|tox|[from] item: Toxic Orb
|upkeep
|turn|9
|choice|move drainpunch|move facade
|
|move|p2a: Shibata|Facade|p1a: Poison Sac
|-damage|p1a: Poison Sac|0 fnt
|faint|p1a: Poison Sac
|
|-damage|p2a: Shibata|196\/288 tox|[from] psn
|upkeep
|choice|switch 2|
|
|switch|p1a: Aerodynamic|Aerodactyl, F|301\/301
|-ability|p1a: Aerodynamic|Pressure
|turn|10
|choice|move aerialace mega|switch 4
|
|switch|p2a: Sableye|Sableye, F|304\/304
|detailschange|p1a: Aerodynamic|Aerodactyl-Mega, F
|-mega|p1a: Aerodynamic|Aerodactyl|Aerodactylite
|move|p1a: Aerodynamic|Aerial Ace|p2a: Sableye
|-damage|p2a: Sableye|123\/304
|
|-heal|p2a: Sableye|142\/304|[from] item: Leftovers
|upkeep
|turn|11
|choice|switch 4|move willowisp
|
|switch|p1a: Blue Rings Dog|Umbreon, F, shiny|394\/394
|-activate|p1a: Blue Rings Dog|move: Sticky Web
|-unboost|p1a: Blue Rings Dog|spe|1
|move|p2a: Sableye|Will-O-Wisp|p1a: Blue Rings Dog
|-status|p1a: Blue Rings Dog|brn
|-activate|p1a: Blue Rings Dog|ability: Synchronize
|-status|p2a: Sableye|brn
|
|-heal|p2a: Sableye|161\/304 brn|[from] item: Leftovers
|-damage|p2a: Sableye|123\/304 brn|[from] brn
|-damage|p1a: Blue Rings Dog|345\/394 brn|[from] brn
|upkeep
|turn|12
|choice|move foulplay|switch 5
|
|switch|p2a: Swellow|Swellow, F|261\/261
|move|p1a: Blue Rings Dog|Foul Play|p2a: Swellow
|-damage|p2a: Swellow|173\/261
|
|-heal|p1a: Blue Rings Dog|369\/394 brn|[from] item: Leftovers
|-damage|p1a: Blue Rings Dog|320\/394 brn|[from] brn
|-status|p2a: Swellow|brn|[from] item: Flame Orb
|upkeep
|turn|13
|choice|move foulplay|move doubleedge
|
|move|p2a: Swellow|Double-Edge|p1a: Blue Rings Dog
|-damage|p1a: Blue Rings Dog|92\/394 brn
|-damage|p2a: Swellow|98\/261 brn|[from] recoil|[of] p1a: Blue Rings Dog
|move|p1a: Blue Rings Dog|Foul Play|p2a: Swellow
|-damage|p2a: Swellow|0 fnt
|faint|p2a: Swellow
|
|-heal|p1a: Blue Rings Dog|116\/394 brn|[from] item: Leftovers
|-damage|p1a: Blue Rings Dog|67\/394 brn|[from] brn
|upkeep
|choice||switch 4
|
|switch|p2a: Shibata|Zangoose, M|196\/288 tox
|turn|14
|choice|move foulplay|move facade
|
|move|p2a: Shibata|Facade|p1a: Blue Rings Dog
|-damage|p1a: Blue Rings Dog|0 fnt
|faint|p1a: Blue Rings Dog
|
|-damage|p2a: Shibata|178\/288 tox|[from] psn
|upkeep
|choice|switch 4|
|
|switch|p1a: Aerodynamic|Aerodactyl-Mega, F|301\/301
|turn|15
|c|☆Renfur®|damm
|c|☆Renfur®|u lose to mega aero
|c|☆Renfur®|or do u...
|j|hugo_cano
|choice|move aerialace|switch 3
|
|switch|p2a: Galvantula|Galvantula, M|46\/281
|move|p1a: Aerodynamic|Aerial Ace|p2a: Galvantula
|-damage|p2a: Galvantula|0 fnt
|faint|p2a: Galvantula
|
|upkeep
|choice||switch 5
|
|switch|p2a: Sableye|Sableye, F|123\/304 brn
|turn|16
|l|hugo_cano
|choice|move aerialace|move willowisp
|
|move|p2a: Sableye|Will-O-Wisp|p1a: Aerodynamic
|-status|p1a: Aerodynamic|brn
|move|p1a: Aerodynamic|Aerial Ace|p2a: Sableye
|-damage|p2a: Sableye|36\/304 brn
|
|-heal|p2a: Sableye|55\/304 brn|[from] item: Leftovers
|-damage|p1a: Aerodynamic|264\/301 brn|[from] brn
|-damage|p2a: Sableye|17\/304 brn|[from] brn
|upkeep
|turn|17
|choice|move aerialace|move recover
|
|move|p2a: Sableye|Recover|p2a: Sableye
|-heal|p2a: Sableye|169\/304 brn
|move|p1a: Aerodynamic|Aerial Ace|p2a: Sableye
|-damage|p2a: Sableye|74\/304 brn
|
|-heal|p2a: Sableye|93\/304 brn|[from] item: Leftovers
|-damage|p1a: Aerodynamic|227\/301 brn|[from] brn
|-damage|p2a: Sableye|55\/304 brn|[from] brn
|upkeep
|turn|18
|choice|move stoneedge|move recover
|
|move|p2a: Sableye|Recover|p2a: Sableye
|-heal|p2a: Sableye|207\/304 brn
|move|p1a: Aerodynamic|Stone Edge|p2a: Sableye
|-damage|p2a: Sableye|90\/304 brn
|
|-heal|p2a: Sableye|109\/304 brn|[from] item: Leftovers
|-damage|p1a: Aerodynamic|190\/301 brn|[from] brn
|-damage|p2a: Sableye|71\/304 brn|[from] brn
|upkeep
|turn|19
|choice|move stoneedge|move recover
|
|move|p2a: Sableye|Recover|p2a: Sableye
|-heal|p2a: Sableye|223\/304 brn
|move|p1a: Aerodynamic|Stone Edge|p2a: Sableye|[miss]
|-miss|p1a: Aerodynamic|p2a: Sableye
|
|-heal|p2a: Sableye|242\/304 brn|[from] item: Leftovers
|-damage|p1a: Aerodynamic|153\/301 brn|[from] brn
|-damage|p2a: Sableye|204\/304 brn|[from] brn
|upkeep
|turn|20
|choice|switch 6|move knockoff
|
|switch|p1a: Sugar Daddy|Slurpuff, M|306\/306
|-activate|p1a: Sugar Daddy|move: Sticky Web
|-unboost|p1a: Sugar Daddy|spe|1
|move|p2a: Sableye|Knock Off|p1a: Sugar Daddy
|-resisted|p1a: Sugar Daddy
|-damage|p1a: Sugar Daddy|279\/306
|-enditem|p1a: Sugar Daddy|Sitrus Berry|[from] move: Knock Off|[of] p2a: Sableye
|
|-heal|p2a: Sableye|223\/304 brn|[from] item: Leftovers
|-damage|p2a: Sableye|185\/304 brn|[from] brn
|upkeep
|turn|21
|choice|move bellydrum|move taunt
|
|move|p2a: Sableye|Taunt|p1a: Sugar Daddy
|-start|p1a: Sugar Daddy|move: Taunt
|cant|p1a: Sugar Daddy|move: Taunt|Belly Drum
|
|-heal|p2a: Sableye|204\/304 brn|[from] item: Leftovers
|-damage|p2a: Sableye|166\/304 brn|[from] brn
|upkeep
|turn|22
|choice|move playrough|move willowisp
|
|move|p2a: Sableye|Will-O-Wisp|p1a: Sugar Daddy
|-status|p1a: Sugar Daddy|brn
|move|p1a: Sugar Daddy|Play Rough|p2a: Sableye
|-supereffective|p2a: Sableye
|-damage|p2a: Sableye|1\/304 brn
|
|-heal|p2a: Sableye|20\/304 brn|[from] item: Leftovers
|-damage|p1a: Sugar Daddy|241\/306 brn|[from] brn
|-damage|p2a: Sableye|0 fnt|[from] brn
|upkeep
|faint|p2a: Sableye
|choice||switch 3
|
|switch|p2a: Shibata|Zangoose, M|178\/288 tox
|turn|23
|choice|move drainpunch|move facade
|
|move|p1a: Sugar Daddy|Drain Punch|p2a: Shibata
|-supereffective|p2a: Shibata
|-damage|p2a: Shibata|68\/288 tox
|-heal|p1a: Sugar Daddy|296\/306 brn|[from] drain|[of] p2a: Shibata
|move|p2a: Shibata|Facade|p1a: Sugar Daddy
|-damage|p1a: Sugar Daddy|0 fnt
|faint|p1a: Sugar Daddy
|
|-damage|p2a: Shibata|50\/288 tox|[from] psn
|upkeep
|choice|switch 6|
|
|switch|p1a: Aerodynamic|Aerodactyl-Mega, F|153\/301 brn
|turn|24
|c|☆Follar|that speed
|choice|move aerialace|move quickattack
|
|move|p2a: Shibata|Quick Attack|p1a: Aerodynamic
|-resisted|p1a: Aerodynamic
|-damage|p1a: Aerodynamic|96\/301 brn
|move|p1a: Aerodynamic|Aerial Ace|p2a: Shibata
|-damage|p2a: Shibata|0 fnt
|faint|p2a: Shibata
|
|-damage|p1a: Aerodynamic|59\/301 brn|[from] brn
|upkeep
|choice||switch 6
|
|switch|p2a: Sceptile|Sceptile, F|281\/281
|turn|25
|c|☆Renfur®|oh jesus
|choice|move icefang|move dragonpulse mega
|
|detailschange|p2a: Sceptile|Sceptile-Mega, F
|-mega|p2a: Sceptile|Sceptile|Sceptilite
|move|p1a: Aerodynamic|Ice Fang|p2a: Sceptile
|-supereffective|p2a: Sceptile
|-damage|p2a: Sceptile|31\/281
|move|p2a: Sceptile|Dragon Pulse|p1a: Aerodynamic
|-damage|p1a: Aerodynamic|0 fnt
|faint|p1a: Aerodynamic
|
|win|Follar
|player|p1
|player|p2
|c|☆Renfur®|aww
|c|☆Renfur®|gg's</script>
</div>
<div class="battle-log battle-log-inline"><div class="inner"><div class="battle-options"></div><div class="inner"><div class="chat"><small>Renfur® joined.</small></div><div class="chat"><small>Follar joined.</small></div><div class=""><small>Format:</small> <br><strong>UU</strong></div><div class=""><small><em>Sleep Clause Mod:</em> Limit one foe put to sleep</small></div><div class=""><small><em>Species Clause:</em> Limit one of each Pokémon</small></div><div class=""><small><em>OHKO Clause:</em> OHKO moves are banned</small></div><div class=""><small><em>Moody Clause:</em> Moody is banned</small></div><div class=""><small><em>Evasion Moves Clause:</em> Evasion moves are banned</small></div><div class=""><small><em>Endless Battle Clause:</em> Forcing endless battles is banned</small></div><div class=""><small><em>HP Percentage Mod:</em> HP is shown in percentages</small></div><div class=""><small><em>Swagger Clause:</em> Swagger is banned</small></div><div class=""><small><em>Baton Pass Clause:</em> Limit one Baton Passer, can't pass Spe and other stats simultaneously</small></div><div class="chat battle-history"><strong>Renfur®'s team:</strong> <em style="color:#445566;display:block;">Empoleon / Aerodactyl / Toxicroak / Umbreon / Mamoswine / Slurpuff</em></div><div class="chat battle-history"><strong>Follar's team:</strong> <em style="color:#445566;display:block;">Galvantula / Donphan / Zangoose / Sableye / Swellow / Sceptile</em></div><div class="chat chatmessage-follar"><strong style="color:hsl(347,72%,45.868509513613425%)"><small>☆</small><span class="username" data-name="Follar">Follar</span>:</strong> <em>gl hf</em></div><div class="chat chatmessage-renfur"><strong style="color:hsl(266,58%,57.97625662678399%)"><small>☆</small><span class="username" data-name="Renfur®">Renfur®</span>:</strong> <em>gl</em></div><div class="spacer battle-history"><br></div><div class="battle-history">Battle started between Renfur® and Follar!<br></div><div class="spacer battle-history"><br></div><div class="battle-history">Go! Emperor (<strong>Empoleon</strong>)!<br></div><div class="spacer battle-history"><br></div><div class="battle-history">Follar sent out <strong>Galvantula</strong>!<br></div><div class="spacer battle-history"><br></div><h2 class="battle-history">Turn 1</h2><div class="spacer battle-history"><br></div><div class="battle-history">The opposing Galvantula used <strong>Sticky Web</strong>!<br></div><div class="battle-history"><small>A sticky web spreads out on the ground around your team!</small><br></div><div class="spacer battle-history"><br></div><div class="battle-history">Emperor used <strong>Stealth Rock</strong>!<br></div><div class="battle-history"><small>Pointed stones float in the air around the opposing team!</small><br></div><div class="spacer battle-history"><br></div><h2 class="battle-history">Turn 2</h2><div class="spacer battle-history"><br></div><div class="battle-history">Emperor, come back!<br></div><div class="battle-history">Go! Maouw (<strong>Mamoswine</strong>)!<br></div><div class="battle-history"><small>Maouw was caught in a sticky web!</small><br></div><div class="battle-history"><small>Maouw's Speed fell!</small><br></div><div class="spacer battle-history"><br></div><div class="battle-history">The opposing Galvantula used <strong>Thunder</strong>!<br></div><div class="battle-history"><small>It doesn't affect Maouw...</small><br></div><div class="spacer battle-history"><br></div><h2 class="battle-history">Turn 3</h2><div class="spacer battle-history"><br></div><div class="battle-history">The opposing Galvantula used <strong>Giga Drain</strong>!<br></div><div class="battle-history"><small>It's super effective!</small><br></div><div class="battle-history"><small>(Maouw lost <abbr title="−240/361">66.5%</abbr> of its health!)</small><br></div><div class="spacer battle-history"><br></div><div class="battle-history">Maouw used <strong>Knock Off</strong>!<br></div><div class="battle-history"><small>(The opposing Galvantula lost <abbr title="−235/281">83.6%</abbr> of its health!)</small><br></div><div class="battle-history"><small>Maouw knocked off the opposing Galvantula's Focus Sash!</small><br></div><div class="battle-history"><small>Maouw lost some of its HP!</small><br></div><div class="spacer battle-history"><br></div><h2 class="battle-history">Turn 4</h2><div class="spacer battle-history"><br></div><div class="battle-history">Follar withdrew Galvantula!<br></div><div class="battle-history">Follar sent out <strong>Donphan</strong>!<br></div><div class="battle-history"><small>Pointed stones dug into the opposing Donphan!</small><br></div><div class="spacer battle-history"><br></div><div class="battle-history">Maouw used <strong>Ice Shard</strong>!<br></div><div class="battle-history"><small>It's super effective!</small><br></div><div class="battle-history"><small>(The opposing Donphan lost <abbr title="−120/384">31.3%</abbr> of its health!)</small><br></div><div class="battle-history"><small>Maouw lost some of its HP!</small><br></div><div class="spacer battle-history"><br></div><div class="battle-history"><small>The opposing Donphan restored a little HP using its Leftovers!</small><br></div><div class="spacer battle-history"><br></div><h2 class="battle-history">Turn 5</h2><div class="chat"><small>bobspicecow joined.</small></div><div class="spacer battle-history"><br></div><div class="battle-history">Maouw used <strong>Ice Shard</strong>!<br></div><div class="battle-history"><small>It's super effective!</small><br></div><div class="battle-history"><small>(The opposing Donphan lost <abbr title="−133/384">34.6%</abbr> of its health!)</small><br></div><div class="battle-history"><small>Maouw lost some of its HP!</small><br></div><div class="spacer battle-history"><br></div><div class="battle-history">The opposing Donphan used <strong>Rapid Spin</strong>!<br></div><div class="battle-history"><small>(Maouw lost <abbr title="−13/361">3.6%</abbr> of its health!)</small><br></div><div class="battle-history"><small>The pointed stones disappeared from around the opposing team!</small><br></div><div class="spacer battle-history"><br></div><div class="battle-history">Maouw fainted!<br></div><div class="spacer battle-history"><br></div><div class="battle-history"><small>The opposing Donphan restored a little HP using its Leftovers!</small><br></div><div class="spacer battle-history"><br></div><div class="battle-history">Go! Emperor (<strong>Empoleon</strong>)!<br></div><div class="battle-history"><small>Emperor was caught in a sticky web!</small><br></div><div class="battle-history"><small>Emperor's Speed fell!</small><br></div><div class="battle-history"><small>[Emperor's Defiant]</small><br></div><div class="battle-history"><small>Emperor's Attack rose sharply!</small><br></div><div class="spacer battle-history"><br></div><h2 class="battle-history">Turn 6</h2><div class="spacer battle-history"><br></div><div class="battle-history">Emperor used <strong>Ice Beam</strong>!<br></div><div class="battle-history"><small>It's super effective!</small><br></div><div class="battle-history"><small>(The opposing Donphan lost <abbr title="−155/384">40.4%</abbr> of its health!)</small><br></div><div class="battle-history"><small>Emperor lost some of its HP!</small><br></div><div class="spacer battle-history"><br></div><div class="battle-history">The opposing Donphan fainted!<br></div><div class="spacer battle-history"><br></div><div class="battle-history">Follar sent out <strong>Galvantula</strong>!<br></div><div class="spacer battle-history"><br></div><h2 class="battle-history">Turn 7</h2><div class="spacer battle-history"><br></div><div class="battle-history">The opposing Galvantula used <strong>Thunder</strong>!<br></div><div class="battle-history"><small>It's super effective!</small><br></div><div class="battle-history"><small>(Emperor lost <abbr title="−279/310">90%</abbr> of its health!)</small><br></div><div class="spacer battle-history"><br></div><div class="battle-history">Emperor fainted!<br></div><div class="spacer battle-history"><br></div><div class="battle-history">Go! Poison Sac (<strong>Toxicroak</strong>)!<br></div><div class="battle-history"><small>Poison Sac was caught in a sticky web!</small><br></div><div class="battle-history"><small>Poison Sac's Speed fell!</small><br></div><div class="spacer battle-history"><br></div><h2 class="battle-history">Turn 8</h2><div class="spacer battle-history"><br></div><div class="battle-history">Follar withdrew Galvantula!<br></div><div class="battle-history">Follar sent out Shibata (<strong>Zangoose</strong>)!<br></div><div class="spacer battle-history"><br></div><div class="battle-history">Poison Sac used <strong>Fake Out</strong>!<br></div><div class="battle-history"><small>(The opposing Shibata lost <abbr title="−74/288">25.7%</abbr> of its health!)</small><br></div><div class="battle-history"><small>Poison Sac lost some of its HP!</small><br></div><div class="spacer battle-history"><br></div><div class="battle-history"><small>The opposing Shibata was badly poisoned!</small><br></div><div class="spacer battle-history"><br></div><h2 class="battle-history">Turn 9</h2><div class="spacer battle-history"><br></div><div class="battle-history">The opposing Shibata used <strong>Facade</strong>!<br></div><div class="battle-history"><small>(Poison Sac lost <abbr title="−277/307">90.2%</abbr> of its health!)</small><br></div><div class="spacer battle-history"><br></div><div class="battle-history">Poison Sac fainted!<br></div><div class="spacer battle-history"><br></div><div class="battle-history"><small>The opposing Shibata was hurt by poison!</small><br></div><div class="spacer battle-history"><br></div><div class="battle-history">Go! Aerodynamic (<strong>Aerodactyl</strong>)!<br></div><div class="battle-history"><small>[Aerodynamic's Pressure]</small><br><small>Aerodynamic is exerting its pressure!</small><br></div><div class="spacer battle-history"><br></div><h2 class="battle-history">Turn 10</h2><div class="spacer battle-history"><br></div><div class="battle-history">Follar withdrew Shibata!<br></div><div class="battle-history">Follar sent out <strong>Sableye</strong>!<br></div><div class="spacer battle-history"><br></div><div class="battle-history"><small>Aerodynamic's Aerodactylite is reacting to Renfur®'s Mega Bracelet!</small><br>Aerodynamic has Mega Evolved into Mega Aerodactyl!<br></div><div class="spacer battle-history"><br></div><div class="battle-history">Aerodynamic used <strong>Aerial Ace</strong>!<br></div><div class="battle-history"><small>(The opposing Sableye lost <abbr title="−181/304">59.5%</abbr> of its health!)</small><br></div><div class="spacer battle-history"><br></div><div class="battle-history"><small>The opposing Sableye restored a little HP using its Leftovers!</small><br></div><div class="spacer battle-history"><br></div><h2 class="battle-history">Turn 11</h2><div class="spacer battle-history"><br></div><div class="battle-history">Aerodynamic, come back!<br></div><div class="battle-history">Go! Blue Rings Dog (<strong>Umbreon</strong>)!<br></div><div class="battle-history"><small>Blue Rings Dog was caught in a sticky web!</small><br></div><div class="battle-history"><small>Blue Rings Dog's Speed fell!</small><br></div><div class="spacer battle-history"><br></div><div class="battle-history">The opposing Sableye used <strong>Will-O-Wisp</strong>!<br></div><div class="battle-history"><small>Blue Rings Dog was burned!</small><br></div><div class="battle-history"><small>[Blue Rings Dog's Synchronize]</small><br></div><div class="battle-history"><small>The opposing Sableye was burned!</small><br></div><div class="spacer battle-history"><br></div><div class="battle-history"><small>The opposing Sableye restored a little HP using its Leftovers!</small><br></div><div class="battle-history"><small>The opposing Sableye was hurt by its burn!</small><br></div><div class="battle-history"><small>Blue Rings Dog was hurt by its burn!</small><br></div><div class="spacer battle-history"><br></div><h2 class="battle-history">Turn 12</h2><div class="spacer battle-history"><br></div><div class="battle-history">Follar withdrew Sableye!<br></div><div class="battle-history">Follar sent out <strong>Swellow</strong>!<br></div><div class="spacer battle-history"><br></div><div class="battle-history">Blue Rings Dog used <strong>Foul Play</strong>!<br></div><div class="battle-history"><small>(The opposing Swellow lost <abbr title="−88/261">33.7%</abbr> of its health!)</small><br></div><div class="spacer battle-history"><br></div><div class="battle-history"><small>Blue Rings Dog restored a little HP using its Leftovers!</small><br></div><div class="battle-history"><small>Blue Rings Dog was hurt by its burn!</small><br></div><div class="battle-history"><small>The opposing Swellow was burned!</small><br></div><div class="spacer battle-history"><br></div><h2 class="battle-history">Turn 13</h2><div class="spacer battle-history"><br></div><div class="battle-history">The opposing Swellow used <strong>Double-Edge</strong>!<br></div><div class="battle-history"><small>(Blue Rings Dog lost <abbr title="−228/394">57.9%</abbr> of its health!)</small><br></div><div class="battle-history"><small>The opposing Swellow is damaged by the recoil!</small><br></div><div class="spacer battle-history"><br></div><div class="battle-history">Blue Rings Dog used <strong>Foul Play</strong>!<br></div><div class="battle-history"><small>(The opposing Swellow lost <abbr title="−98/261">37.5%</abbr> of its health!)</small><br></div><div class="spacer battle-history"><br></div><div class="battle-history">The opposing Swellow fainted!<br></div><div class="spacer battle-history"><br></div><div class="battle-history"><small>Blue Rings Dog restored a little HP using its Leftovers!</small><br></div><div class="battle-history"><small>Blue Rings Dog was hurt by its burn!</small><br></div><div class="spacer battle-history"><br></div><div class="battle-history">Follar sent out Shibata (<strong>Zangoose</strong>)!<br></div><div class="spacer battle-history"><br></div><h2 class="battle-history">Turn 14</h2><div class="spacer battle-history"><br></div><div class="battle-history">The opposing Shibata used <strong>Facade</strong>!<br></div><div class="battle-history"><small>(Blue Rings Dog lost <abbr title="−67/394">17.0%</abbr> of its health!)</small><br></div><div class="spacer battle-history"><br></div><div class="battle-history">Blue Rings Dog fainted!<br></div><div class="spacer battle-history"><br></div><div class="battle-history"><small>The opposing Shibata was hurt by poison!</small><br></div><div class="spacer battle-history"><br></div><div class="battle-history">Go! Aerodynamic (<strong>Aerodactyl-Mega</strong>)!<br></div><div class="spacer battle-history"><br></div><h2 class="battle-history">Turn 15</h2><div class="chat chatmessage-renfur"><strong style="color:hsl(266,58%,57.97625662678399%)"><small>☆</small><span class="username" data-name="Renfur®">Renfur®</span>:</strong> <em>damm</em></div><div class="chat chatmessage-renfur"><strong style="color:hsl(266,58%,57.97625662678399%)"><small>☆</small><span class="username" data-name="Renfur®">Renfur®</span>:</strong> <em>u lose to mega aero</em></div><div class="chat chatmessage-renfur"><strong style="color:hsl(266,58%,57.97625662678399%)"><small>☆</small><span class="username" data-name="Renfur®">Renfur®</span>:</strong> <em>or do u...</em></div><div class="chat"><small>hugo_cano joined.</small></div><div class="spacer battle-history"><br></div><div class="battle-history">Follar withdrew Shibata!<br></div><div class="battle-history">Follar sent out <strong>Galvantula</strong>!<br></div><div class="spacer battle-history"><br></div><div class="battle-history">Aerodynamic used <strong>Aerial Ace</strong>!<br></div><div class="battle-history"><small>(The opposing Galvantula lost <abbr title="−46/281">16.4%</abbr> of its health!)</small><br></div><div class="spacer battle-history"><br></div><div class="battle-history">The opposing Galvantula fainted!<br></div><div class="spacer battle-history"><br></div><div class="battle-history">Follar sent out <strong>Sableye</strong>!<br></div><div class="spacer battle-history"><br></div><h2 class="battle-history">Turn 16</h2><div class="chat"><small>hugo_cano left.</small></div><div class="spacer battle-history"><br></div><div class="battle-history">The opposing Sableye used <strong>Will-O-Wisp</strong>!<br></div><div class="battle-history"><small>Aerodynamic was burned!</small><br></div><div class="spacer battle-history"><br></div><div class="battle-history">Aerodynamic used <strong>Aerial Ace</strong>!<br></div><div class="battle-history"><small>(The opposing Sableye lost <abbr title="−87/304">28.6%</abbr> of its health!)</small><br></div><div class="spacer battle-history"><br></div><div class="battle-history"><small>The opposing Sableye restored a little HP using its Leftovers!</small><br></div><div class="battle-history"><small>Aerodynamic was hurt by its burn!</small><br></div><div class="battle-history"><small>The opposing Sableye was hurt by its burn!</small><br></div><div class="spacer battle-history"><br></div><h2 class="battle-history">Turn 17</h2><div class="spacer battle-history"><br></div><div class="battle-history">The opposing Sableye used <strong>Recover</strong>!<br></div><div class="battle-history"><small>The opposing Sableye restored its HP.</small><br></div><div class="spacer battle-history"><br></div><div class="battle-history">Aerodynamic used <strong>Aerial Ace</strong>!<br></div><div class="battle-history"><small>(The opposing Sableye lost <abbr title="−95/304">31.3%</abbr> of its health!)</small><br></div><div class="spacer battle-history"><br></div><div class="battle-history"><small>The opposing Sableye restored a little HP using its Leftovers!</small><br></div><div class="battle-history"><small>Aerodynamic was hurt by its burn!</small><br></div><div class="battle-history"><small>The opposing Sableye was hurt by its burn!</small><br></div><div class="spacer battle-history"><br></div><h2 class="battle-history">Turn 18</h2><div class="spacer battle-history"><br></div><div class="battle-history">The opposing Sableye used <strong>Recover</strong>!<br></div><div class="battle-history"><small>The opposing Sableye restored its HP.</small><br></div><div class="spacer battle-history"><br></div><div class="battle-history">Aerodynamic used <strong>Stone Edge</strong>!<br></div><div class="battle-history"><small>(The opposing Sableye lost <abbr title="−117/304">38.5%</abbr> of its health!)</small><br></div><div class="spacer battle-history"><br></div><div class="battle-history"><small>The opposing Sableye restored a little HP using its Leftovers!</small><br></div><div class="battle-history"><small>Aerodynamic was hurt by its burn!</small><br></div><div class="battle-history"><small>The opposing Sableye was hurt by its burn!</small><br></div><div class="spacer battle-history"><br></div><h2 class="battle-history">Turn 19</h2><div class="spacer battle-history"><br></div><div class="battle-history">The opposing Sableye used <strong>Recover</strong>!<br></div><div class="battle-history"><small>The opposing Sableye restored its HP.</small><br></div><div class="spacer battle-history"><br></div><div class="battle-history">Aerodynamic used <strong>Stone Edge</strong>!<br></div><div class="battle-history"><small>The opposing Sableye avoided the attack!</small><br></div><div class="spacer battle-history"><br></div><div class="battle-history"><small>The opposing Sableye restored a little HP using its Leftovers!</small><br></div><div class="battle-history"><small>Aerodynamic was hurt by its burn!</small><br></div><div class="battle-history"><small>The opposing Sableye was hurt by its burn!</small><br></div><div class="spacer battle-history"><br></div><h2 class="battle-history">Turn 20</h2><div class="spacer battle-history"><br></div><div class="battle-history">Aerodynamic, come back!<br></div><div class="battle-history">Go! Sugar Daddy (<strong>Slurpuff</strong>)!<br></div><div class="battle-history"><small>Sugar Daddy was caught in a sticky web!</small><br></div><div class="battle-history"><small>Sugar Daddy's Speed fell!</small><br></div><div class="spacer battle-history"><br></div><div class="battle-history">The opposing Sableye used <strong>Knock Off</strong>!<br></div><div class="battle-history"><small>It's not very effective...</small><br></div><div class="battle-history"><small>(Sugar Daddy lost <abbr title="−27/306">8.8%</abbr> of its health!)</small><br></div><div class="battle-history"><small>The opposing Sableye knocked off Sugar Daddy's Sitrus Berry!</small><br></div><div class="spacer battle-history"><br></div><div class="battle-history"><small>The opposing Sableye restored a little HP using its Leftovers!</small><br></div><div class="battle-history"><small>The opposing Sableye was hurt by its burn!</small><br></div><div class="spacer battle-history"><br></div><h2 class="battle-history">Turn 21</h2><div class="spacer battle-history"><br></div><div class="battle-history">The opposing Sableye used <strong>Taunt</strong>!<br></div><div class="battle-history"><small>Sugar Daddy fell for the taunt!</small><br></div><div class="spacer battle-history"><br></div><div class="battle-history">Sugar Daddy can't use Belly Drum after the taunt!<br></div><div class="spacer battle-history"><br></div><div class="battle-history"><small>The opposing Sableye restored a little HP using its Leftovers!</small><br></div><div class="battle-history"><small>The opposing Sableye was hurt by its burn!</small><br></div><div class="spacer battle-history"><br></div><h2 class="battle-history">Turn 22</h2><div class="spacer battle-history"><br></div><div class="battle-history">The opposing Sableye used <strong>Will-O-Wisp</strong>!<br></div><div class="battle-history"><small>Sugar Daddy was burned!</small><br></div><div class="spacer battle-history"><br></div><div class="battle-history">Sugar Daddy used <strong>Play Rough</strong>!<br></div><div class="battle-history"><small>It's super effective!</small><br></div><div class="battle-history"><small>(The opposing Sableye lost <abbr title="−165/304">54.3%</abbr> of its health!)</small><br></div><div class="spacer battle-history"><br></div><div class="battle-history"><small>The opposing Sableye restored a little HP using its Leftovers!</small><br></div><div class="battle-history"><small>Sugar Daddy was hurt by its burn!</small><br></div><div class="battle-history"><small>The opposing Sableye was hurt by its burn!</small><br></div><div class="spacer battle-history"><br></div><div class="battle-history">The opposing Sableye fainted!<br></div><div class="spacer battle-history"><br></div><div class="battle-history">Follar sent out Shibata (<strong>Zangoose</strong>)!<br></div><div class="spacer battle-history"><br></div><h2 class="battle-history">Turn 23</h2><div class="spacer battle-history"><br></div><div class="battle-history">Sugar Daddy used <strong>Drain Punch</strong>!<br></div><div class="battle-history"><small>It's super effective!</small><br></div><div class="battle-history"><small>(The opposing Shibata lost <abbr title="−110/288">38.2%</abbr> of its health!)</small><br></div><div class="battle-history"><small>The opposing Shibata had its energy drained!</small><br></div><div class="spacer battle-history"><br></div><div class="battle-history">The opposing Shibata used <strong>Facade</strong>!<br></div><div class="battle-history"><small>(Sugar Daddy lost <abbr title="−296/306">96.7%</abbr> of its health!)</small><br></div><div class="spacer battle-history"><br></div><div class="battle-history">Sugar Daddy fainted!<br></div><div class="spacer battle-history"><br></div><div class="battle-history"><small>The opposing Shibata was hurt by poison!</small><br></div><div class="spacer battle-history"><br></div><div class="battle-history">Go! Aerodynamic (<strong>Aerodactyl-Mega</strong>)!<br></div><div class="spacer battle-history"><br></div><h2 class="battle-history">Turn 24</h2><div class="chat chatmessage-follar"><strong style="color:hsl(347,72%,45.868509513613425%)"><small>☆</small><span class="username" data-name="Follar">Follar</span>:</strong> <em>that speed</em></div><div class="spacer battle-history"><br></div><div class="battle-history">The opposing Shibata used <strong>Quick Attack</strong>!<br></div><div class="battle-history"><small>It's not very effective...</small><br></div><div class="battle-history"><small>(Aerodynamic lost <abbr title="−57/301">18.9%</abbr> of its health!)</small><br></div><div class="spacer battle-history"><br></div><div class="battle-history">Aerodynamic used <strong>Aerial Ace</strong>!<br></div><div class="battle-history"><small>(The opposing Shibata lost <abbr title="−50/288">17.4%</abbr> of its health!)</small><br></div><div class="spacer battle-history"><br></div><div class="battle-history">The opposing Shibata fainted!<br></div><div class="spacer battle-history"><br></div><div class="battle-history"><small>Aerodynamic was hurt by its burn!</small><br></div><div class="spacer battle-history"><br></div><div class="battle-history">Follar sent out <strong>Sceptile</strong>!<br></div><div class="spacer battle-history"><br></div><h2 class="battle-history">Turn 25</h2><div class="chat chatmessage-renfur"><strong style="color:hsl(266,58%,57.97625662678399%)"><small>☆</small><span class="username" data-name="Renfur®">Renfur®</span>:</strong> <em>oh jesus</em></div><div class="spacer battle-history"><br></div><div class="battle-history"><small>The opposing Sceptile's Sceptilite is reacting to Follar's Mega Bracelet!</small><br>The opposing Sceptile has Mega Evolved into Mega Sceptile!<br></div><div class="spacer battle-history"><br></div><div class="battle-history">Aerodynamic used <strong>Ice Fang</strong>!<br></div><div class="battle-history"><small>It's super effective!</small><br></div><div class="battle-history"><small>(The opposing Sceptile lost <abbr title="−250/281">89.0%</abbr> of its health!)</small><br></div><div class="spacer battle-history"><br></div><div class="battle-history">The opposing Sceptile used <strong>Dragon Pulse</strong>!<br></div><div class="battle-history"><small>(Aerodynamic lost <abbr title="−59/301">19.6%</abbr> of its health!)</small><br></div><div class="spacer battle-history"><br></div><div class="battle-history">Aerodynamic fainted!<br></div><div class="spacer battle-history"><br></div><div class="battle-history"><strong>Follar</strong> won the battle!<br></div><div class="chat chatmessage-renfur"><strong style="color:hsl(266,58%,57.97625662678399%)"><small>☆</small><span class="username" data-name="Renfur®">Renfur®</span>:</strong> <em>aww</em></div><div class="chat chatmessage-renfur"><strong style="color:hsl(266,58%,57.97625662678399%)"><small>☆</small><span class="username" data-name="Renfur®">Renfur®</span>:</strong> <em>gg's</em></div></div><div class="inner-preempt"></div></div></div>
</div>
<script>
let daily = Math.floor(Date.now()/1000/60/60/24);document.write('<script src="https://play.pokemonshowdown.com/js/replay-embed.js?version'+daily+'"></'+'script>');
</script>
