<!DOCTYPE html>
<meta charset="utf-8" />
<!-- version 1 -->
<title>UU replay: arizonagymleader vs. shebaxz</title>
<style>
html,body {font-family:Verdana, sans-serif;font-size:10pt;margin:0;padding:0;}body{padding:12px 0;} .battle-log {font-family:Verdana, sans-serif;font-size:10pt;} .battle-log-inline {border:1px solid #AAAAAA;background:#EEF2F5;color:black;max-width:640px;margin:0 auto 80px;padding-bottom:5px;} .battle-log .inner {padding:4px 8px 0px 8px;} .battle-log .inner-preempt {padding:0 8px 4px 8px;} .battle-log .inner-after {margin-top:0.5em;} .battle-log h2 {margin:0.5em -8px;padding:4px 8px;border:1px solid #AAAAAA;background:#E0E7EA;border-left:0;border-right:0;font-family:Verdana, sans-serif;font-size:13pt;} .battle-log .chat {vertical-align:middle;padding:3px 0 3px 0;font-size:8pt;} .battle-log .chat strong {color:#40576A;} .battle-log .chat em {padding:1px 4px 1px 3px;color:#000000;font-style:normal;} .chat.mine {background:rgba(0,0,0,0.05);margin-left:-8px;margin-right:-8px;padding-left:8px;padding-right:8px;} .spoiler {color:#BBBBBB;background:#BBBBBB;padding:0px 3px;} .spoiler:hover, .spoiler:active, .spoiler-shown {color:#000000;background:#E2E2E2;padding:0px 3px;} .spoiler a {color:#BBBBBB;} .spoiler:hover a, .spoiler:active a, .spoiler-shown a {color:#2288CC;} .chat code, .chat .spoiler:hover code, .chat .spoiler:active code, .chat .spoiler-shown code {border:1px solid #C0C0C0;background:#EEEEEE;color:black;padding:0 2px;} .chat .spoiler code {border:1px solid #CCCCCC;background:#CCCCCC;color:#CCCCCC;} .battle-log .rated {padding:3px 4px;} .battle-log .rated strong {color:white;background:#89A;padding:1px 4px;border-radius:4px;} .spacer {margin-top:0.5em;} .message-announce {background:#6688AA;color:white;padding:1px 4px 2px;} .message-announce a, .broadcast-green a, .broadcast-blue a, .broadcast-red a {color:#DDEEFF;} .broadcast-green {background-color:#559955;color:white;padding:2px 4px;} .broadcast-blue {background-color:#6688AA;color:white;padding:2px 4px;} .infobox {border:1px solid #6688AA;padding:2px 4px;} .infobox-limited {max-height:200px;overflow:auto;overflow-x:hidden;} .broadcast-red {background-color:#AA5544;color:white;padding:2px 4px;} .message-learn-canlearn {font-weight:bold;color:#228822;text-decoration:underline;} .message-learn-cannotlearn {font-weight:bold;color:#CC2222;text-decoration:underline;} .message-effect-weak {font-weight:bold;color:#CC2222;} .message-effect-resist {font-weight:bold;color:#6688AA;} .message-effect-immune {font-weight:bold;color:#666666;} .message-learn-list {margin-top:0;margin-bottom:0;} .message-throttle-notice, .message-error {color:#992222;} .message-overflow, .chat small.message-overflow {font-size:0pt;} .message-overflow::before {font-size:9pt;content:'...';} .subtle {color:#3A4A66;}
</style>
<div class="wrapper replay-wrapper" style="max-width:1180px;margin:0 auto">
<input type="hidden" name="replayid" value="uu-544125252" />
<div class="battle"></div><div class="battle-log"></div><div class="replay-controls"></div><div class="replay-controls-2"></div>
<h1 style="font-weight:normal;text-align:center"><strong>UU</strong><br /><a href="http://pokemonshowdown.com/users/arizonagymleader" class="subtle" target="_blank">arizonagymleader</a> vs. <a href="http://pokemonshowdown.com/users/shebaxz" class="subtle" target="_blank">shebaxz</a></h1>
<script type="text/plain" class="battle-log-data">|j|arizonagymleader
|j|shebaxz
|player|p1|arizonagymleader|11
|player|p2|shebaxz|266
|gametype|singles
|gen|6
|tier|UU
|rated
|seed|42400,4897,25297,59428
|rule|Sleep Clause Mod: Limit one foe put to sleep
|rule|Species Clause: Limit one of each Pokémon
|rule|OHKO Clause: OHKO moves are banned
|rule|Moody Clause: Moody is banned
|rule|Evasion Moves Clause: Evasion moves are banned
|rule|Endless Battle Clause: Forcing endless battles is banned
|rule|HP Percentage Mod: HP is shown in percentages
|clearpoke
|poke|p1|Gardevoir, F|item
|poke|p1|Mamoswine, M|item
|poke|p1|Gyarados, M|item
|poke|p1|Houndoom, M, shiny|item
|poke|p1|Lucario, F|item
|poke|p1|Hydreigon, F|item
|poke|p2|Mamoswine, F|item
|poke|p2|Roserade, M|item
|poke|p2|Infernape, M|item
|poke|p2|Empoleon, M|item
|poke|p2|Aerodactyl, M|item
|poke|p2|Gardevoir, F|item
|rule|Swagger Clause: Swagger is banned
|rule|Baton Pass Clause: Limit one Baton Passer, can't pass Spe and other stats simultaneously
|teampreview
|choice|team 3, team 2, team 1, team 4, team 5, team 6|team 1, team 2, team 3, team 4, team 5, team 6
|
|start
|switch|p1a: Melbourne|Gyarados, M|331\/331
|switch|p2a: Mamuska|Mamoswine, F|362\/362
|-ability|p1a: Melbourne|Intimidate|boost
|-unboost|p2a: Mamuska|atk|1
|turn|1
|choice|move dragondance|switch 6
|
|switch|p2a: Gardenia|Gardevoir, F|340\/340
|-ability|p2a: Gardenia|Intimidate|[from] ability: Trace|[of] p1a: Melbourne
|-ability|p2a: Gardenia|Intimidate|boost
|-unboost|p1a: Melbourne|atk|1
|move|p1a: Melbourne|Dragon Dance|p1a: Melbourne
|-boost|p1a: Melbourne|atk|1
|-boost|p1a: Melbourne|spe|1
|
|upkeep
|turn|2
|choice|move dragondance|move willowisp
|
|move|p1a: Melbourne|Dragon Dance|p1a: Melbourne
|-boost|p1a: Melbourne|atk|1
|-boost|p1a: Melbourne|spe|1
|move|p2a: Gardenia|Will-O-Wisp|p1a: Melbourne
|-status|p1a: Melbourne|brn
|
|-damage|p1a: Melbourne|290\/331 brn|[from] brn
|upkeep
|turn|3
|choice|move dragondance|switch 2
|
|switch|p2a: Albafica|Roserade, M|324\/324
|move|p1a: Melbourne|Dragon Dance|p1a: Melbourne
|-boost|p1a: Melbourne|atk|1
|-boost|p1a: Melbourne|spe|1
|
|-heal|p1a: Melbourne|310\/331 brn|[from] item: Leftovers
|-damage|p1a: Melbourne|269\/331 brn|[from] brn
|upkeep
|turn|4
|choice|move facade|move leafstorm
|
|move|p1a: Melbourne|Facade|p2a: Albafica
|-crit|p2a: Albafica
|-damage|p2a: Albafica|0 fnt
|-damage|p1a: Melbourne|214\/331 brn|[from] item: Rocky Helmet|[of] p2a: Albafica
|faint|p2a: Albafica
|
|-heal|p1a: Melbourne|234\/331 brn|[from] item: Leftovers
|-damage|p1a: Melbourne|193\/331 brn|[from] brn
|upkeep
|choice||switch 6
|
|switch|p2a: Mamuska|Mamoswine, F|362\/362
|turn|5
|choice|move facade|move knockoff
|
|move|p1a: Melbourne|Facade|p2a: Mamuska
|-enditem|p2a: Mamuska|Focus Sash
|-damage|p2a: Mamuska|1\/362
|move|p2a: Mamuska|Knock Off|p1a: Melbourne
|-damage|p1a: Melbourne|65\/331 brn
|-enditem|p1a: Melbourne|Leftovers|[from] move: Knock Off|[of] p2a: Mamuska
|
|-damage|p1a: Melbourne|24\/331 brn|[from] brn
|upkeep
|turn|6
|choice|move facade|move iceshard
|
|move|p2a: Mamuska|Ice Shard|p1a: Melbourne
|-damage|p1a: Melbourne|0 fnt
|faint|p1a: Melbourne
|
|upkeep
|choice|switch 2|
|
|switch|p1a: Tusk|Mamoswine, M|379\/379
|turn|7
|choice|move iceshard|move endeavor
|
|move|p1a: Tusk|Ice Shard|p2a: Mamuska
|-damage|p2a: Mamuska|0 fnt
|faint|p2a: Mamuska
|
|upkeep
|choice||switch 3
|
|switch|p2a: Solaris|Infernape, M|293\/293
|turn|8
|choice|move earthquake|move closecombat
|
|move|p2a: Solaris|Close Combat|p1a: Tusk
|-supereffective|p1a: Tusk
|-damage|p1a: Tusk|0 fnt
|-unboost|p2a: Solaris|def|1
|-unboost|p2a: Solaris|spd|1
|-damage|p2a: Solaris|264\/293|[from] item: Life Orb
|faint|p1a: Tusk
|
|upkeep
|choice|switch 3|
|
|switch|p1a: Super Bae|Gardevoir, F|340\/340
|turn|9
|choice|move reflect|switch 4
|
|switch|p2a: Ocean|Empoleon, M|372\/372
|move|p1a: Super Bae|Reflect|p1a: Super Bae
|-sidestart|p1: arizonagymleader|Reflect
|
|upkeep
|turn|10
|choice|switch 5|move defog
|
|switch|p1a: Justice|Lucario, F|300\/300
|move|p2a: Ocean|Defog|p1a: Justice
|-unboost|p1a: Justice|evasion|1
|-sideend|p1: arizonagymleader|Reflect
|
|upkeep
|turn|11
|choice|move swordsdance|move surf
|
|move|p1a: Justice|Swords Dance|p1a: Justice
|-boost|p1a: Justice|atk|2
|move|p2a: Ocean|Surf|p1a: Justice
|-damage|p1a: Justice|104\/300
|
|upkeep
|turn|12
|choice|move closecombat|move surf
|
|move|p1a: Justice|Close Combat|p2a: Ocean
|-supereffective|p2a: Ocean
|-damage|p2a: Ocean|0 fnt
|-unboost|p1a: Justice|def|1
|-unboost|p1a: Justice|spd|1
|-damage|p1a: Justice|74\/300|[from] item: Life Orb
|faint|p2a: Ocean
|
|upkeep
|choice||switch 4
|
|switch|p2a: Solaris|Infernape, M|264\/293
|turn|13
|choice|move extremespeed|move closecombat
|
|move|p1a: Justice|Extreme Speed|p2a: Solaris
|-damage|p2a: Solaris|0 fnt
|-damage|p1a: Justice|44\/300|[from] item: Life Orb
|faint|p2a: Solaris
|
|upkeep
|choice||switch 5
|
|switch|p2a: Sauron|Aerodactyl, M|301\/301
|-ability|p2a: Sauron|Unnerve|p1: arizonagymleader
|turn|14
|choice|move bulletpunch|move earthquake mega
|
|detailschange|p2a: Sauron|Aerodactyl-Mega, M
|-mega|p2a: Sauron|Aerodactyl|Aerodactylite
|move|p1a: Justice|Bullet Punch|p2a: Sauron
|-supereffective|p2a: Sauron
|-damage|p2a: Sauron|0 fnt
|-damage|p1a: Justice|14\/300|[from] item: Life Orb
|faint|p2a: Sauron
|
|upkeep
|-message|shebaxz forfeited.
|
|win|arizonagymleader
|player|p1
|player|p2
|l|shebaxz
|raw|arizonagymleader's rating: 1454 &rarr; <strong>1466<\/strong><br \/>(+12 for winning)
|raw|shebaxz's rating: 1314 &rarr; <strong>1301<\/strong><br \/>(-13 for losing)</script>
</div>
<div class="battle-log battle-log-inline"><div class="inner"><div class="battle-options"></div><div class="inner"><div class="chat"><small>arizonagymleader joined.</small></div><div class="chat"><small>shebaxz joined.</small></div><div class=""><small>Format:</small> <br><strong>UU</strong></div><div class="rated"><strong>Rated battle</strong></div><div class=""><small><em>Sleep Clause Mod:</em> Limit one foe put to sleep</small></div><div class=""><small><em>Species Clause:</em> Limit one of each Pokémon</small></div><div class=""><small><em>OHKO Clause:</em> OHKO moves are banned</small></div><div class=""><small><em>Moody Clause:</em> Moody is banned</small></div><div class=""><small><em>Evasion Moves Clause:</em> Evasion moves are banned</small></div><div class=""><small><em>Endless Battle Clause:</em> Forcing endless battles is banned</small></div><div class=""><small><em>HP Percentage Mod:</em> HP is shown in percentages</small></div><div class=""><small><em>Swagger Clause:</em> Swagger is banned</small></div><div class=""><small><em>Baton Pass Clause:</em> Limit one Baton Passer, can't pass Spe and other stats simultaneously</small></div><div class="chat battle-history"><strong>arizonagymleader's team:</strong> <em style="color:#445566;display:block;">Gardevoir / Mamoswine / Gyarados / Houndoom / Lucario / Hydreigon</em></div><div class="chat battle-history"><strong>shebaxz's team:</strong> <em style="color:#445566;display:block;">Mamoswine / Roserade / Infernape / Empoleon / Aerodactyl / Gardevoir</em></div><div class="spacer battle-history"><br></div><div class="battle-history">Battle started between arizonagymleader and shebaxz!<br></div><div class="spacer battle-history"><br></div><div class="battle-history">Go! Melbourne (<strong>Gyarados</strong>)!<br></div><div class="spacer battle-history"><br></div><div class="battle-history">shebaxz sent out Mamuska (<strong>Mamoswine</strong>)!<br></div><div class="battle-history"><small>[Melbourne's Intimidate]</small><br></div><div class="battle-history"><small>The opposing Mamuska's Attack fell!</small><br></div><div class="spacer battle-history"><br></div><h2 class="battle-history">Turn 1</h2><div class="spacer battle-history"><br></div><div class="battle-history">shebaxz withdrew Mamuska!<br></div><div class="battle-history">shebaxz sent out Gardenia (<strong>Gardevoir</strong>)!<br></div><div class="battle-history"><small>[The opposing Gardenia's Trace]</small><br><small>[The opposing Gardenia's Intimidate]</small><br><small>The opposing Gardenia traced Melbourne's Intimidate!</small><br></div><div class="battle-history"><small>[The opposing Gardenia's Intimidate]</small><br></div><div class="battle-history"><small>Melbourne's Attack fell!</small><br></div><div class="spacer battle-history"><br></div><div class="battle-history">Melbourne used <strong>Dragon Dance</strong>!<br></div><div class="battle-history"><small>Melbourne's Attack rose!</small><br></div><div class="battle-history"><small>Melbourne's Speed rose!</small><br></div><div class="spacer battle-history"><br></div><h2 class="battle-history">Turn 2</h2><div class="spacer battle-history"><br></div><div class="battle-history">Melbourne used <strong>Dragon Dance</strong>!<br></div><div class="battle-history"><small>Melbourne's Attack rose!</small><br></div><div class="battle-history"><small>Melbourne's Speed rose!</small><br></div><div class="spacer battle-history"><br></div><div class="battle-history">The opposing Gardenia used <strong>Will-O-Wisp</strong>!<br></div><div class="battle-history"><small>Melbourne was burned!</small><br></div><div class="spacer battle-history"><br></div><div class="battle-history"><small>Melbourne was hurt by its burn!</small><br></div><div class="spacer battle-history"><br></div><h2 class="battle-history">Turn 3</h2><div class="spacer battle-history"><br></div><div class="battle-history">shebaxz withdrew Gardenia!<br></div><div class="battle-history">shebaxz sent out Albafica (<strong>Roserade</strong>)!<br></div><div class="spacer battle-history"><br></div><div class="battle-history">Melbourne used <strong>Dragon Dance</strong>!<br></div><div class="battle-history"><small>Melbourne's Attack rose!</small><br></div><div class="battle-history"><small>Melbourne's Speed rose!</small><br></div><div class="spacer battle-history"><br></div><div class="battle-history"><small>Melbourne restored a little HP using its Leftovers!</small><br></div><div class="battle-history"><small>Melbourne was hurt by its burn!</small><br></div><div class="spacer battle-history"><br></div><h2 class="battle-history">Turn 4</h2><div class="spacer battle-history"><br></div><div class="battle-history">Melbourne used <strong>Facade</strong>!<br></div><div class="battle-history"><small>A critical hit!</small><br></div><div class="battle-history"><small>(The opposing Albafica lost <abbr title="−324/324">100%</abbr> of its health!)</small><br></div><div class="battle-history"><small>Melbourne was hurt by the Rocky Helmet!</small><br></div><div class="spacer battle-history"><br></div><div class="battle-history">The opposing Albafica fainted!<br></div><div class="spacer battle-history"><br></div><div class="battle-history"><small>Melbourne restored a little HP using its Leftovers!</small><br></div><div class="battle-history"><small>Melbourne was hurt by its burn!</small><br></div><div class="spacer battle-history"><br></div><div class="battle-history">shebaxz sent out Mamuska (<strong>Mamoswine</strong>)!<br></div><div class="spacer battle-history"><br></div><h2 class="battle-history">Turn 5</h2><div class="spacer battle-history"><br></div><div class="battle-history">Melbourne used <strong>Facade</strong>!<br></div><div class="battle-history"><small>The opposing Mamuska hung on using its Focus Sash!</small><br></div><div class="battle-history"><small>(The opposing Mamuska lost <abbr title="−361/362">99.7%</abbr> of its health!)</small><br></div><div class="spacer battle-history"><br></div><div class="battle-history">The opposing Mamuska used <strong>Knock Off</strong>!<br></div><div class="battle-history"><small>(Melbourne lost <abbr title="−128/331">38.7%</abbr> of its health!)</small><br></div><div class="battle-history"><small>The opposing Mamuska knocked off Melbourne's Leftovers!</small><br></div><div class="spacer battle-history"><br></div><div class="battle-history"><small>Melbourne was hurt by its burn!</small><br></div><div class="spacer battle-history"><br></div><h2 class="battle-history">Turn 6</h2><div class="spacer battle-history"><br></div><div class="battle-history">The opposing Mamuska used <strong>Ice Shard</strong>!<br></div><div class="battle-history"><small>(Melbourne lost <abbr title="−24/331">7.3%</abbr> of its health!)</small><br></div><div class="spacer battle-history"><br></div><div class="battle-history">Melbourne fainted!<br></div><div class="spacer battle-history"><br></div><div class="battle-history">Go! Tusk (<strong>Mamoswine</strong>)!<br></div><div class="spacer battle-history"><br></div><h2 class="battle-history">Turn 7</h2><div class="spacer battle-history"><br></div><div class="battle-history">Tusk used <strong>Ice Shard</strong>!<br></div><div class="battle-history"><small>(The opposing Mamuska lost <abbr title="−1/362">0.3%</abbr> of its health!)</small><br></div><div class="spacer battle-history"><br></div><div class="battle-history">The opposing Mamuska fainted!<br></div><div class="spacer battle-history"><br></div><div class="battle-history">shebaxz sent out Solaris (<strong>Infernape</strong>)!<br></div><div class="spacer battle-history"><br></div><h2 class="battle-history">Turn 8</h2><div class="spacer battle-history"><br></div><div class="battle-history">The opposing Solaris used <strong>Close Combat</strong>!<br></div><div class="battle-history"><small>It's super effective!</small><br></div><div class="battle-history"><small>(Tusk lost <abbr title="−379/379">100%</abbr> of its health!)</small><br></div><div class="battle-history"><small>The opposing Solaris's Defense fell!</small><br></div><div class="battle-history"><small>The opposing Solaris's Special Defense fell!</small><br></div><div class="battle-history"><small>The opposing Solaris lost some of its HP!</small><br></div><div class="spacer battle-history"><br></div><div class="battle-history">Tusk fainted!<br></div><div class="spacer battle-history"><br></div><div class="battle-history">Go! Super Bae (<strong>Gardevoir</strong>)!<br></div><div class="spacer battle-history"><br></div><h2 class="battle-history">Turn 9</h2><div class="spacer battle-history"><br></div><div class="battle-history">shebaxz withdrew Solaris!<br></div><div class="battle-history">shebaxz sent out Ocean (<strong>Empoleon</strong>)!<br></div><div class="spacer battle-history"><br></div><div class="battle-history">Super Bae used <strong>Reflect</strong>!<br></div><div class="battle-history"><small>Reflect made your team stronger against physical moves!</small><br></div><div class="spacer battle-history"><br></div><h2 class="battle-history">Turn 10</h2><div class="spacer battle-history"><br></div><div class="battle-history">Super Bae, come back!<br></div><div class="battle-history">Go! Justice (<strong>Lucario</strong>)!<br></div><div class="spacer battle-history"><br></div><div class="battle-history">The opposing Ocean used <strong>Defog</strong>!<br></div><div class="battle-history"><small>Justice's evasiveness fell!</small><br></div><div class="battle-history"><small>Your team's Reflect wore off!</small><br></div><div class="spacer battle-history"><br></div><h2 class="battle-history">Turn 11</h2><div class="spacer battle-history"><br></div><div class="battle-history">Justice used <strong>Swords Dance</strong>!<br></div><div class="battle-history"><small>Justice's Attack rose sharply!</small><br></div><div class="spacer battle-history"><br></div><div class="battle-history">The opposing Ocean used <strong>Surf</strong>!<br></div><div class="battle-history"><small>(Justice lost <abbr title="−196/300">65.3%</abbr> of its health!)</small><br></div><div class="spacer battle-history"><br></div><h2 class="battle-history">Turn 12</h2><div class="spacer battle-history"><br></div><div class="battle-history">Justice used <strong>Close Combat</strong>!<br></div><div class="battle-history"><small>It's super effective!</small><br></div><div class="battle-history"><small>(The opposing Ocean lost <abbr title="−372/372">100%</abbr> of its health!)</small><br></div><div class="battle-history"><small>Justice's Defense fell!</small><br></div><div class="battle-history"><small>Justice's Special Defense fell!</small><br></div><div class="battle-history"><small>Justice lost some of its HP!</small><br></div><div class="spacer battle-history"><br></div><div class="battle-history">The opposing Ocean fainted!<br></div><div class="spacer battle-history"><br></div><div class="battle-history">shebaxz sent out Solaris (<strong>Infernape</strong>)!<br></div><div class="spacer battle-history"><br></div><h2 class="battle-history">Turn 13</h2><div class="spacer battle-history"><br></div><div class="battle-history">Justice used <strong>Extreme Speed</strong>!<br></div><div class="battle-history"><small>(The opposing Solaris lost <abbr title="−264/293">90.1%</abbr> of its health!)</small><br></div><div class="battle-history"><small>Justice lost some of its HP!</small><br></div><div class="spacer battle-history"><br></div><div class="battle-history">The opposing Solaris fainted!<br></div><div class="spacer battle-history"><br></div><div class="battle-history">shebaxz sent out Sauron (<strong>Aerodactyl</strong>)!<br></div><div class="battle-history"><small>[The opposing Sauron's Unnerve]</small><br><small>Your team is too nervous to eat Berries!</small><br></div><div class="spacer battle-history"><br></div><h2 class="battle-history">Turn 14</h2><div class="spacer battle-history"><br></div><div class="battle-history"><small>The opposing Sauron's Aerodactylite is reacting to shebaxz's Mega Bracelet!</small><br>The opposing Sauron has Mega Evolved into Mega Aerodactyl!<br></div><div class="spacer battle-history"><br></div><div class="battle-history">Justice used <strong>Bullet Punch</strong>!<br></div><div class="battle-history"><small>It's super effective!</small><br></div><div class="battle-history"><small>(The opposing Sauron lost <abbr title="−301/301">100%</abbr> of its health!)</small><br></div><div class="battle-history"><small>Justice lost some of its HP!</small><br></div><div class="spacer battle-history"><br></div><div class="battle-history">The opposing Sauron fainted!<br></div><div class="spacer battle-history"><br></div><div class="battle-history"><small>shebaxz forfeited.</small><br></div><div class="spacer battle-history"><br></div><div class="battle-history"><strong>arizonagymleader</strong> won the battle!<br></div><div class="chat"><small>shebaxz left.</small></div><div class="chat">arizonagymleader's rating: 1454 → <strong>1466</strong><br>(+12 for winning)</div><div class="chat">shebaxz's rating: 1314 → <strong>1301</strong><br>(-13 for losing)</div></div><div class="inner-preempt"></div></div></div>
</div>
<script>
let daily = Math.floor(Date.now()/1000/60/60/24);document.write('<script src="https://play.pokemonshowdown.com/js/replay-embed.js?version'+daily+'"></'+'script>');
</script>
