<!DOCTYPE html>
<meta charset="utf-8" />
<!-- version 1 -->
<title>UU replay: ShadedG vs. No Score</title>
<style>
html,body {font-family:Verdana, sans-serif;font-size:10pt;margin:0;padding:0;}body{padding:12px 0;} .battle-log {font-family:Verdana, sans-serif;font-size:10pt;} .battle-log-inline {border:1px solid #AAAAAA;background:#EEF2F5;color:black;max-width:640px;margin:0 auto 80px;padding-bottom:5px;} .battle-log .inner {padding:4px 8px 0px 8px;} .battle-log .inner-preempt {padding:0 8px 4px 8px;} .battle-log .inner-after {margin-top:0.5em;} .battle-log h2 {margin:0.5em -8px;padding:4px 8px;border:1px solid #AAAAAA;background:#E0E7EA;border-left:0;border-right:0;font-family:Verdana, sans-serif;font-size:13pt;} .battle-log .chat {vertical-align:middle;padding:3px 0 3px 0;font-size:8pt;} .battle-log .chat strong {color:#40576A;} .battle-log .chat em {padding:1px 4px 1px 3px;color:#000000;font-style:normal;} .chat.mine {background:rgba(0,0,0,0.05);margin-left:-8px;margin-right:-8px;padding-left:8px;padding-right:8px;} .spoiler {color:#BBBBBB;background:#BBBBBB;padding:0px 3px;} .spoiler:hover, .spoiler:active, .spoiler-shown {color:#000000;background:#E2E2E2;padding:0px 3px;} .spoiler a {color:#BBBBBB;} .spoiler:hover a, .spoiler:active a, .spoiler-shown a {color:#2288CC;} .chat code, .chat .spoiler:hover code, .chat .spoiler:active code, .chat .spoiler-shown code {border:1px solid #C0C0C0;background:#EEEEEE;color:black;padding:0 2px;} .chat .spoiler code {border:1px solid #CCCCCC;background:#CCCCCC;color:#CCCCCC;} .battle-log .rated {padding:3px 4px;} .battle-log .rated strong {color:white;background:#89A;padding:1px 4px;border-radius:4px;} .spacer {margin-top:0.5em;} .message-announce {background:#6688AA;color:white;padding:1px 4px 2px;} .message-announce a, .broadcast-green a, .broadcast-blue a, .broadcast-red a {color:#DDEEFF;} .broadcast-green {background-color:#559955;color:white;padding:2px 4px;} .broadcast-blue {background-color:#6688AA;color:white;padding:2px 4px;} .infobox {border:1px solid #6688AA;padding:2px 4px;} .infobox-limited {max-height:200px;overflow:auto;overflow-x:hidden;} .broadcast-red {background-color:#AA5544;color:white;padding:2px 4px;} .message-learn-canlearn {font-weight:bold;color:#228822;text-decoration:underline;} .message-learn-cannotlearn {font-weight:bold;color:#CC2222;text-decoration:underline;} .message-effect-weak {font-weight:bold;color:#CC2222;} .message-effect-resist {font-weight:bold;color:#6688AA;} .message-effect-immune {font-weight:bold;color:#666666;} .message-learn-list {margin-top:0;margin-bottom:0;} .message-throttle-notice, .message-error {color:#992222;} .message-overflow, .chat small.message-overflow {font-size:0pt;} .message-overflow::before {font-size:9pt;content:'...';} .subtle {color:#3A4A66;}
</style>
<div class="wrapper replay-wrapper" style="max-width:1180px;margin:0 auto">
<input type="hidden" name="replayid" value="uu-553930926" />
<div class="battle"></div><div class="battle-log"></div><div class="replay-controls"></div><div class="replay-controls-2"></div>
<h1 style="font-weight:normal;text-align:center"><strong>UU</strong><br /><a href="http://pokemonshowdown.com/users/shadedg" class="subtle" target="_blank">ShadedG</a> vs. <a href="http://pokemonshowdown.com/users/noscore" class="subtle" target="_blank">No Score</a></h1>
<script type="text/plain" class="battle-log-data">|j|ShadedG
|j|No Score
|player|p1|ShadedG|101
|player|p2|No Score|167
|gametype|singles
|gen|6
|tier|UU
|rated
|seed|39159,38341,36153,17172
|rule|Sleep Clause Mod: Limit one foe put to sleep
|rule|Species Clause: Limit one of each Pokémon
|rule|OHKO Clause: OHKO moves are banned
|rule|Moody Clause: Moody is banned
|rule|Evasion Moves Clause: Evasion moves are banned
|rule|Endless Battle Clause: Forcing endless battles is banned
|rule|HP Percentage Mod: HP is shown in percentages
|clearpoke
|poke|p1|Luxray, F|item
|poke|p1|Virizion|item
|poke|p1|Uxie|item
|poke|p1|Chandelure, F|item
|poke|p1|Nidoqueen, F|item
|poke|p1|Donphan, F|item
|poke|p2|Blastoise, M|item
|poke|p2|Roserade, F|item
|poke|p2|Cobalion|item
|poke|p2|Gligar, M, shiny|item
|poke|p2|Ninetales, F|item
|poke|p2|Sylveon, F|item
|rule|Swagger Clause: Swagger is banned
|rule|Baton Pass Clause: Limit one Baton Passer, can't pass Spe and other stats simultaneously
|teampreview
|choice|team 6, team 2, team 3, team 4, team 5, team 1|team 4, team 2, team 3, team 1, team 5, team 6
|
|start
|switch|p1a: Donphan|Donphan, F|384\/384
|switch|p2a: Bluie Bluie|Gligar, M, shiny|333\/333
|turn|1
|choice|move iceshard|move stealthrock
|
|move|p1a: Donphan|Ice Shard|p2a: Bluie Bluie
|-supereffective|p2a: Bluie Bluie
|-damage|p2a: Bluie Bluie|257\/333
|move|p2a: Bluie Bluie|Stealth Rock|p1a: Donphan
|-sidestart|p1: ShadedG|move: Stealth Rock
|
|upkeep
|turn|2
|choice|move stealthrock|move earthquake
|
|move|p2a: Bluie Bluie|Earthquake|p1a: Donphan
|-damage|p1a: Donphan|320\/384
|move|p1a: Donphan|Stealth Rock|p2a: Bluie Bluie
|-sidestart|p2: No Score|move: Stealth Rock
|
|-heal|p1a: Donphan|344\/384|[from] item: Leftovers
|upkeep
|turn|3
|choice|move iceshard|move uturn
|
|move|p1a: Donphan|Ice Shard|p2a: Bluie Bluie
|-supereffective|p2a: Bluie Bluie
|-damage|p2a: Bluie Bluie|177\/333
|move|p2a: Bluie Bluie|U-turn|p1a: Donphan
|-damage|p1a: Donphan|313\/384
|choice||switch 4
|
|switch|p2a: Vito|Blastoise, M|345\/345
|-damage|p2a: Vito|302\/345|[from] Stealth Rock
|
|-heal|p1a: Donphan|337\/384|[from] item: Leftovers
|upkeep
|turn|4
|choice|move rapidspin|move icebeam mega
|
|detailschange|p2a: Vito|Blastoise-Mega, M
|-mega|p2a: Vito|Blastoise|Blastoisinite
|move|p2a: Vito|Ice Beam|p1a: Donphan
|-supereffective|p1a: Donphan
|-damage|p1a: Donphan|11\/384
|-status|p1a: Donphan|frz
|cant|p1a: Donphan|frz
|
|-heal|p1a: Donphan|35\/384 frz|[from] item: Leftovers
|upkeep
|turn|5
|choice|move rapidspin|move rapidspin
|
|move|p2a: Vito|Rapid Spin|p1a: Donphan
|-damage|p1a: Donphan|24\/384 frz
|-sideend|p2: No Score|Stealth Rock|[from] move: Rapid Spin|[of] p2a: Vito
|cant|p1a: Donphan|frz
|
|-heal|p1a: Donphan|48\/384 frz|[from] item: Leftovers
|upkeep
|turn|6
|choice|move rapidspin|move scald
|
|move|p2a: Vito|Scald|p1a: Donphan
|-supereffective|p1a: Donphan
|-damage|p1a: Donphan|0 fnt
|faint|p1a: Donphan
|
|upkeep
|choice|switch 2|
|
|switch|p1a: Virizion|Virizion|324\/324
|-damage|p1a: Virizion|304\/324|[from] Stealth Rock
|turn|7
|choice|move swordsdance|switch 4
|
|switch|p2a: Bluie Bluie|Gligar, M, shiny|177\/333
|move|p1a: Virizion|Swords Dance|p1a: Virizion
|-boost|p1a: Virizion|atk|2
|
|upkeep
|turn|8
|choice|move zenheadbutt|move roost
|
|move|p1a: Virizion|Zen Headbutt|p2a: Bluie Bluie
|-damage|p2a: Bluie Bluie|83\/333
|-damage|p1a: Virizion|272\/324|[from] item: Life Orb
|move|p2a: Bluie Bluie|Roost|p2a: Bluie Bluie
|-heal|p2a: Bluie Bluie|250\/333
|
|upkeep
|turn|9
|choice|move swordsdance|move uturn
|
|move|p1a: Virizion|Swords Dance|p1a: Virizion
|-boost|p1a: Virizion|atk|2
|move|p2a: Bluie Bluie|U-turn|p1a: Virizion
|-damage|p1a: Virizion|216\/324
|choice||switch 6
|
|switch|p2a: Sylveon|Sylveon, F|394\/394
|
|upkeep
|turn|10
|choice|move leafblade|move hypervoice
|
|move|p1a: Virizion|Leaf Blade|p2a: Sylveon
|-damage|p2a: Sylveon|0 fnt
|-damage|p1a: Virizion|184\/324|[from] item: Life Orb
|faint|p2a: Sylveon
|
|upkeep
|choice||switch 2
|
|switch|p2a: Belladonna|Roserade, F|321\/321
|turn|11
|choice|move closecombat|move sleeppowder
|
|move|p1a: Virizion|Close Combat|p2a: Belladonna
|-resisted|p2a: Belladonna
|-damage|p2a: Belladonna|0 fnt
|-unboost|p1a: Virizion|def|1
|-unboost|p1a: Virizion|spd|1
|-damage|p1a: Virizion|152\/324|[from] item: Life Orb
|faint|p2a: Belladonna
|
|upkeep
|choice||switch 3
|
|switch|p2a: Cobalion|Cobalion|324\/324
|turn|12
|choice|move closecombat|move substitute
|
|move|p2a: Cobalion|Substitute|p2a: Cobalion
|-start|p2a: Cobalion|Substitute
|-damage|p2a: Cobalion|243\/324
|move|p1a: Virizion|Close Combat|p2a: Cobalion
|-supereffective|p2a: Cobalion
|-end|p2a: Cobalion|Substitute
|-unboost|p1a: Virizion|def|1
|-unboost|p1a: Virizion|spd|1
|-damage|p1a: Virizion|120\/324|[from] item: Life Orb
|
|-heal|p2a: Cobalion|263\/324|[from] item: Leftovers
|upkeep
|turn|13
|choice|move closecombat|move ironhead
|
|move|p2a: Cobalion|Iron Head|p1a: Virizion
|-damage|p1a: Virizion|0 fnt
|faint|p1a: Virizion
|
|-heal|p2a: Cobalion|283\/324|[from] item: Leftovers
|upkeep
|choice|switch 5|
|
|switch|p1a: Nidoqueen|Nidoqueen, F|384\/384
|-damage|p1a: Nidoqueen|360\/384|[from] Stealth Rock
|turn|14
|choice|move drillrun|move substitute
|
|move|p2a: Cobalion|Substitute|p2a: Cobalion
|-start|p2a: Cobalion|Substitute
|-damage|p2a: Cobalion|202\/324
|move|p1a: Nidoqueen|Drill Run|p2a: Cobalion
|-supereffective|p2a: Cobalion
|-crit|p2a: Cobalion
|-end|p2a: Cobalion|Substitute
|
|-heal|p2a: Cobalion|222\/324|[from] item: Leftovers
|-heal|p1a: Nidoqueen|384\/384|[from] item: Leftovers
|upkeep
|turn|15
|choice|move drillrun|switch 6
|
|switch|p2a: Bluie Bluie|Gligar, M, shiny|250\/333
|move|p1a: Nidoqueen|Drill Run|p2a: Bluie Bluie
|-immune|p2a: Bluie Bluie|[msg]
|
|upkeep
|turn|16
|choice|move poisonjab|move earthquake
|
|move|p2a: Bluie Bluie|Earthquake|p1a: Nidoqueen
|-supereffective|p1a: Nidoqueen
|-damage|p1a: Nidoqueen|226\/384
|move|p1a: Nidoqueen|Poison Jab|p2a: Bluie Bluie
|-resisted|p2a: Bluie Bluie
|-crit|p2a: Bluie Bluie
|-damage|p2a: Bluie Bluie|207\/333
|
|-heal|p1a: Nidoqueen|250\/384|[from] item: Leftovers
|upkeep
|turn|17
|choice|switch 4|move roost
|
|switch|p1a: Chandelure|Chandelure, F|262\/262
|-damage|p1a: Chandelure|197\/262|[from] Stealth Rock
|move|p2a: Bluie Bluie|Roost|p2a: Bluie Bluie
|-heal|p2a: Bluie Bluie|333\/333
|
|upkeep
|turn|18
|choice|move shadowball|move earthquake
|
|move|p1a: Chandelure|Shadow Ball|p2a: Bluie Bluie
|-damage|p2a: Bluie Bluie|176\/333
|-unboost|p2a: Bluie Bluie|spd|1
|move|p2a: Bluie Bluie|Earthquake|p1a: Chandelure
|-supereffective|p1a: Chandelure
|-damage|p1a: Chandelure|0 fnt
|faint|p1a: Chandelure
|
|upkeep
|j|Stroak_of_Luck
|choice|switch 3|
|
|switch|p1a: Uxie|Uxie|354\/354
|-damage|p1a: Uxie|310\/354|[from] Stealth Rock
|turn|19
|choice|move psychic|move uturn
|
|move|p1a: Uxie|Psychic|p2a: Bluie Bluie
|-damage|p2a: Bluie Bluie|50\/333
|move|p2a: Bluie Bluie|U-turn|p1a: Uxie
|-supereffective|p1a: Uxie
|-damage|p1a: Uxie|236\/354
|choice||switch 4
|
|switch|p2a: Vito|Blastoise-Mega, M|302\/345
|
|upkeep
|turn|20
|choice|switch 6|move darkpulse
|
|switch|p1a: Luxray|Luxray, F|334\/334
|-damage|p1a: Luxray|293\/334|[from] Stealth Rock
|move|p2a: Vito|Dark Pulse|p1a: Luxray
|-damage|p1a: Luxray|111\/334
|
|-status|p1a: Luxray|brn|[from] item: Flame Orb
|upkeep
|turn|21
|choice|move wildcharge|switch 4
|
|switch|p2a: Bluie Bluie|Gligar, M, shiny|50\/333
|move|p1a: Luxray|Wild Charge|p2a: Bluie Bluie
|-immune|p2a: Bluie Bluie|[msg]
|
|-damage|p1a: Luxray|70\/334 brn|[from] brn
|upkeep
|turn|22
|choice|move facade|move roost
|
|move|p1a: Luxray|Facade|p2a: Bluie Bluie
|-damage|p2a: Bluie Bluie|0 fnt
|faint|p2a: Bluie Bluie
|
|-damage|p1a: Luxray|29\/334 brn|[from] brn
|upkeep
|choice||switch 6
|
|switch|p2a: Cobalion|Cobalion|222\/324
|turn|23
|choice|move wildcharge|move ironhead
|
|move|p2a: Cobalion|Iron Head|p1a: Luxray
|-resisted|p1a: Luxray
|-damage|p1a: Luxray|0 fnt
|faint|p1a: Luxray
|
|-heal|p2a: Cobalion|242\/324|[from] item: Leftovers
|upkeep
|choice|switch 6|
|
|switch|p1a: Uxie|Uxie|236\/354
|-damage|p1a: Uxie|192\/354|[from] Stealth Rock
|turn|24
|choice|move reflect|move ironhead
|
|move|p2a: Cobalion|Iron Head|p1a: Uxie
|-damage|p1a: Uxie|104\/354
|move|p1a: Uxie|Reflect|p1a: Uxie
|-sidestart|p1: ShadedG|Reflect
|
|-heal|p2a: Cobalion|262\/324|[from] item: Leftovers
|upkeep
|turn|25
|choice|move psychic|move swordsdance
|
|move|p2a: Cobalion|Swords Dance|p2a: Cobalion
|-boost|p2a: Cobalion|atk|2
|move|p1a: Uxie|Psychic|p2a: Cobalion
|-damage|p2a: Cobalion|135\/324
|
|-heal|p2a: Cobalion|155\/324|[from] item: Leftovers
|upkeep
|turn|26
|choice|move psychic|move ironhead
|
|move|p2a: Cobalion|Iron Head|p1a: Uxie
|-damage|p1a: Uxie|11\/354
|move|p1a: Uxie|Psychic|p2a: Cobalion
|-damage|p2a: Cobalion|26\/324
|
|-heal|p2a: Cobalion|46\/324|[from] item: Leftovers
|upkeep
|turn|27
|choice|move psychic|move ironhead
|
|move|p2a: Cobalion|Iron Head|p1a: Uxie
|-damage|p1a: Uxie|0 fnt
|faint|p1a: Uxie
|
|-heal|p2a: Cobalion|66\/324|[from] item: Leftovers
|upkeep
|choice|switch 4|
|
|switch|p1a: Nidoqueen|Nidoqueen, F|250\/384
|-damage|p1a: Nidoqueen|226\/384|[from] Stealth Rock
|turn|28
|choice|move drillrun|move closecombat
|
|move|p2a: Cobalion|Close Combat|p1a: Nidoqueen
|-resisted|p1a: Nidoqueen
|-damage|p1a: Nidoqueen|158\/384
|-unboost|p2a: Cobalion|def|1
|-unboost|p2a: Cobalion|spd|1
|move|p1a: Nidoqueen|Drill Run|p2a: Cobalion
|-supereffective|p2a: Cobalion
|-damage|p2a: Cobalion|0 fnt
|faint|p2a: Cobalion
|
|-heal|p1a: Nidoqueen|182\/384|[from] item: Leftovers
|upkeep
|choice||switch 4
|
|switch|p2a: Vito|Blastoise-Mega, M|302\/345
|turn|29
|choice|move protect|move scald
|
|move|p1a: Nidoqueen|Protect|p1a: Nidoqueen
|-singleturn|p1a: Nidoqueen|Protect
|move|p2a: Vito|Scald|p1a: Nidoqueen
|-activate|p1a: Nidoqueen|move: Protect
|
|-heal|p1a: Nidoqueen|206\/384|[from] item: Leftovers
|upkeep
|turn|30
|choice|move thunderpunch|move scald
|
|move|p2a: Vito|Scald|p1a: Nidoqueen
|-supereffective|p1a: Nidoqueen
|-damage|p1a: Nidoqueen|0 fnt
|faint|p1a: Nidoqueen
|
|win|No Score
|raw|ShadedG's rating: 1036 &rarr; <strong>1024<\/strong><br \/>(-12 for losing)
|raw|No Score's rating: 1122 &rarr; <strong>1141<\/strong><br \/>(+19 for winning)
|c|☆No Score|gg
|c|☆ShadedG|gg
|l|ShadedG</script>
</div>
<div class="battle-log battle-log-inline"><div class="inner"><div class="battle-options"></div><div class="inner"><div class="chat"><small>ShadedG joined.</small></div><div class="chat"><small>No Score joined.</small></div><div class=""><small>Format:</small> <br><strong>UU</strong></div><div class="rated"><strong>Rated battle</strong></div><div class=""><small><em>Sleep Clause Mod:</em> Limit one foe put to sleep</small></div><div class=""><small><em>Species Clause:</em> Limit one of each Pokémon</small></div><div class=""><small><em>OHKO Clause:</em> OHKO moves are banned</small></div><div class=""><small><em>Moody Clause:</em> Moody is banned</small></div><div class=""><small><em>Evasion Moves Clause:</em> Evasion moves are banned</small></div><div class=""><small><em>Endless Battle Clause:</em> Forcing endless battles is banned</small></div><div class=""><small><em>HP Percentage Mod:</em> HP is shown in percentages</small></div><div class=""><small><em>Swagger Clause:</em> Swagger is banned</small></div><div class=""><small><em>Baton Pass Clause:</em> Limit one Baton Passer, can't pass Spe and other stats simultaneously</small></div><div class="chat battle-history"><strong>ShadedG's team:</strong> <em style="color:#445566;display:block;">Luxray / Virizion / Uxie / Chandelure / Nidoqueen / Donphan</em></div><div class="chat battle-history"><strong>No Score's team:</strong> <em style="color:#445566;display:block;">Blastoise / Roserade / Cobalion / Gligar / Ninetales / Sylveon</em></div><div class="spacer battle-history"><br></div><div class="battle-history">Battle started between ShadedG and No Score!<br></div><div class="spacer battle-history"><br></div><div class="battle-history">Go! <strong>Donphan</strong>!<br></div><div class="spacer battle-history"><br></div><div class="battle-history">No Score sent out Bluie Bluie (<strong>Gligar</strong>)!<br></div><div class="spacer battle-history"><br></div><h2 class="battle-history">Turn 1</h2><div class="spacer battle-history"><br></div><div class="battle-history">Donphan used <strong>Ice Shard</strong>!<br></div><div class="battle-history"><small>It's super effective!</small><br></div><div class="battle-history"><small>(The opposing Bluie Bluie lost <abbr title="−76/333">22.8%</abbr> of its health!)</small><br></div><div class="spacer battle-history"><br></div><div class="battle-history">The opposing Bluie Bluie used <strong>Stealth Rock</strong>!<br></div><div class="battle-history"><small>Pointed stones float in the air around your team!</small><br></div><div class="spacer battle-history"><br></div><h2 class="battle-history">Turn 2</h2><div class="spacer battle-history"><br></div><div class="battle-history">The opposing Bluie Bluie used <strong>Earthquake</strong>!<br></div><div class="battle-history"><small>(Donphan lost <abbr title="−64/384">16.7%</abbr> of its health!)</small><br></div><div class="spacer battle-history"><br></div><div class="battle-history">Donphan used <strong>Stealth Rock</strong>!<br></div><div class="battle-history"><small>Pointed stones float in the air around the opposing team!</small><br></div><div class="spacer battle-history"><br></div><div class="battle-history"><small>Donphan restored a little HP using its Leftovers!</small><br></div><div class="spacer battle-history"><br></div><h2 class="battle-history">Turn 3</h2><div class="spacer battle-history"><br></div><div class="battle-history">Donphan used <strong>Ice Shard</strong>!<br></div><div class="battle-history"><small>It's super effective!</small><br></div><div class="battle-history"><small>(The opposing Bluie Bluie lost <abbr title="−80/333">24.0%</abbr> of its health!)</small><br></div><div class="spacer battle-history"><br></div><div class="battle-history">The opposing Bluie Bluie used <strong>U-turn</strong>!<br></div><div class="battle-history"><small>(Donphan lost <abbr title="−31/384">8.1%</abbr> of its health!)</small><br></div><div class="spacer battle-history"><br></div><div class="battle-history">The opposing Bluie Bluie went back to No Score!<br></div><div class="battle-history">No Score sent out Vito (<strong>Blastoise</strong>)!<br></div><div class="battle-history"><small>Pointed stones dug into the opposing Vito!</small><br></div><div class="spacer battle-history"><br></div><div class="battle-history"><small>Donphan restored a little HP using its Leftovers!</small><br></div><div class="spacer battle-history"><br></div><h2 class="battle-history">Turn 4</h2><div class="spacer battle-history"><br></div><div class="battle-history"><small>The opposing Vito's Blastoisinite is reacting to No Score's Mega Bracelet!</small><br>The opposing Vito has Mega Evolved into Mega Blastoise!<br></div><div class="spacer battle-history"><br></div><div class="battle-history">The opposing Vito used <strong>Ice Beam</strong>!<br></div><div class="battle-history"><small>It's super effective!</small><br></div><div class="battle-history"><small>(Donphan lost <abbr title="−326/384">84.9%</abbr> of its health!)</small><br></div><div class="battle-history"><small>Donphan was frozen solid!</small><br></div><div class="spacer battle-history"><br></div><div class="battle-history">Donphan is frozen solid!<br></div><div class="spacer battle-history"><br></div><div class="battle-history"><small>Donphan restored a little HP using its Leftovers!</small><br></div><div class="spacer battle-history"><br></div><h2 class="battle-history">Turn 5</h2><div class="spacer battle-history"><br></div><div class="battle-history">The opposing Vito used <strong>Rapid Spin</strong>!<br></div><div class="battle-history"><small>(Donphan lost <abbr title="−11/384">2.9%</abbr> of its health!)</small><br></div><div class="battle-history"><small>The pointed stones disappeared from around the opposing team!</small><br></div><div class="spacer battle-history"><br></div><div class="battle-history">Donphan is frozen solid!<br></div><div class="spacer battle-history"><br></div><div class="battle-history"><small>Donphan restored a little HP using its Leftovers!</small><br></div><div class="spacer battle-history"><br></div><h2 class="battle-history">Turn 6</h2><div class="spacer battle-history"><br></div><div class="battle-history">The opposing Vito used <strong>Scald</strong>!<br></div><div class="battle-history"><small>It's super effective!</small><br></div><div class="battle-history"><small>(Donphan lost <abbr title="−48/384">12.5%</abbr> of its health!)</small><br></div><div class="spacer battle-history"><br></div><div class="battle-history">Donphan fainted!<br></div><div class="spacer battle-history"><br></div><div class="battle-history">Go! <strong>Virizion</strong>!<br></div><div class="battle-history"><small>Pointed stones dug into Virizion!</small><br></div><div class="spacer battle-history"><br></div><h2 class="battle-history">Turn 7</h2><div class="spacer battle-history"><br></div><div class="battle-history">No Score withdrew Vito!<br></div><div class="battle-history">No Score sent out Bluie Bluie (<strong>Gligar</strong>)!<br></div><div class="spacer battle-history"><br></div><div class="battle-history">Virizion used <strong>Swords Dance</strong>!<br></div><div class="battle-history"><small>Virizion's Attack rose sharply!</small><br></div><div class="spacer battle-history"><br></div><h2 class="battle-history">Turn 8</h2><div class="spacer battle-history"><br></div><div class="battle-history">Virizion used <strong>Zen Headbutt</strong>!<br></div><div class="battle-history"><small>(The opposing Bluie Bluie lost <abbr title="−94/333">28.2%</abbr> of its health!)</small><br></div><div class="battle-history"><small>Virizion lost some of its HP!</small><br></div><div class="spacer battle-history"><br></div><div class="battle-history">The opposing Bluie Bluie used <strong>Roost</strong>!<br></div><div class="battle-history"><small>The opposing Bluie Bluie restored its HP.</small><br></div><div class="spacer battle-history"><br></div><h2 class="battle-history">Turn 9</h2><div class="spacer battle-history"><br></div><div class="battle-history">Virizion used <strong>Swords Dance</strong>!<br></div><div class="battle-history"><small>Virizion's Attack rose sharply!</small><br></div><div class="spacer battle-history"><br></div><div class="battle-history">The opposing Bluie Bluie used <strong>U-turn</strong>!<br></div><div class="battle-history"><small>(Virizion lost <abbr title="−56/324">17.3%</abbr> of its health!)</small><br></div><div class="spacer battle-history"><br></div><div class="battle-history">The opposing Bluie Bluie went back to No Score!<br></div><div class="battle-history">No Score sent out <strong>Sylveon</strong>!<br></div><div class="spacer battle-history"><br></div><h2 class="battle-history">Turn 10</h2><div class="spacer battle-history"><br></div><div class="battle-history">Virizion used <strong>Leaf Blade</strong>!<br></div><div class="battle-history"><small>(The opposing Sylveon lost <abbr title="−394/394">100%</abbr> of its health!)</small><br></div><div class="battle-history"><small>Virizion lost some of its HP!</small><br></div><div class="spacer battle-history"><br></div><div class="battle-history">The opposing Sylveon fainted!<br></div><div class="spacer battle-history"><br></div><div class="battle-history">No Score sent out Belladonna (<strong>Roserade</strong>)!<br></div><div class="spacer battle-history"><br></div><h2 class="battle-history">Turn 11</h2><div class="spacer battle-history"><br></div><div class="battle-history">Virizion used <strong>Close Combat</strong>!<br></div><div class="battle-history"><small>It's not very effective...</small><br></div><div class="battle-history"><small>(The opposing Belladonna lost <abbr title="−321/321">100%</abbr> of its health!)</small><br></div><div class="battle-history"><small>Virizion's Defense fell!</small><br></div><div class="battle-history"><small>Virizion's Special Defense fell!</small><br></div><div class="battle-history"><small>Virizion lost some of its HP!</small><br></div><div class="spacer battle-history"><br></div><div class="battle-history">The opposing Belladonna fainted!<br></div><div class="spacer battle-history"><br></div><div class="battle-history">No Score sent out <strong>Cobalion</strong>!<br></div><div class="spacer battle-history"><br></div><h2 class="battle-history">Turn 12</h2><div class="spacer battle-history"><br></div><div class="battle-history">The opposing Cobalion used <strong>Substitute</strong>!<br></div><div class="battle-history"><small>The opposing Cobalion put in a substitute!</small><br></div><div class="battle-history"><small>(The opposing Cobalion lost <abbr title="−81/324">25%</abbr> of its health!)</small><br></div><div class="spacer battle-history"><br></div><div class="battle-history">Virizion used <strong>Close Combat</strong>!<br></div><div class="battle-history"><small>It's super effective!</small><br></div><div class="battle-history"><small>The opposing Cobalion's substitute faded!</small><br></div><div class="battle-history"><small>Virizion's Defense fell!</small><br></div><div class="battle-history"><small>Virizion's Special Defense fell!</small><br></div><div class="battle-history"><small>Virizion lost some of its HP!</small><br></div><div class="spacer battle-history"><br></div><div class="battle-history"><small>The opposing Cobalion restored a little HP using its Leftovers!</small><br></div><div class="spacer battle-history"><br></div><h2 class="battle-history">Turn 13</h2><div class="spacer battle-history"><br></div><div class="battle-history">The opposing Cobalion used <strong>Iron Head</strong>!<br></div><div class="battle-history"><small>(Virizion lost <abbr title="−120/324">37.0%</abbr> of its health!)</small><br></div><div class="spacer battle-history"><br></div><div class="battle-history">Virizion fainted!<br></div><div class="spacer battle-history"><br></div><div class="battle-history"><small>The opposing Cobalion restored a little HP using its Leftovers!</small><br></div><div class="spacer battle-history"><br></div><div class="battle-history">Go! <strong>Nidoqueen</strong>!<br></div><div class="battle-history"><small>Pointed stones dug into Nidoqueen!</small><br></div><div class="spacer battle-history"><br></div><h2 class="battle-history">Turn 14</h2><div class="spacer battle-history"><br></div><div class="battle-history">The opposing Cobalion used <strong>Substitute</strong>!<br></div><div class="battle-history"><small>The opposing Cobalion put in a substitute!</small><br></div><div class="battle-history"><small>(The opposing Cobalion lost <abbr title="−81/324">25%</abbr> of its health!)</small><br></div><div class="spacer battle-history"><br></div><div class="battle-history">Nidoqueen used <strong>Drill Run</strong>!<br></div><div class="battle-history"><small>It's super effective!</small><br></div><div class="battle-history"><small>A critical hit!</small><br></div><div class="battle-history"><small>The opposing Cobalion's substitute faded!</small><br></div><div class="spacer battle-history"><br></div><div class="battle-history"><small>The opposing Cobalion restored a little HP using its Leftovers!</small><br></div><div class="battle-history"><small>Nidoqueen restored a little HP using its Leftovers!</small><br></div><div class="spacer battle-history"><br></div><h2 class="battle-history">Turn 15</h2><div class="spacer battle-history"><br></div><div class="battle-history">No Score withdrew Cobalion!<br></div><div class="battle-history">No Score sent out Bluie Bluie (<strong>Gligar</strong>)!<br></div><div class="spacer battle-history"><br></div><div class="battle-history">Nidoqueen used <strong>Drill Run</strong>!<br></div><div class="battle-history"><small>It doesn't affect the opposing Bluie Bluie...</small><br></div><div class="spacer battle-history"><br></div><h2 class="battle-history">Turn 16</h2><div class="spacer battle-history"><br></div><div class="battle-history">The opposing Bluie Bluie used <strong>Earthquake</strong>!<br></div><div class="battle-history"><small>It's super effective!</small><br></div><div class="battle-history"><small>(Nidoqueen lost <abbr title="−158/384">41.1%</abbr> of its health!)</small><br></div><div class="spacer battle-history"><br></div><div class="battle-history">Nidoqueen used <strong>Poison Jab</strong>!<br></div><div class="battle-history"><small>It's not very effective...</small><br></div><div class="battle-history"><small>A critical hit!</small><br></div><div class="battle-history"><small>(The opposing Bluie Bluie lost <abbr title="−43/333">12.9%</abbr> of its health!)</small><br></div><div class="spacer battle-history"><br></div><div class="battle-history"><small>Nidoqueen restored a little HP using its Leftovers!</small><br></div><div class="spacer battle-history"><br></div><h2 class="battle-history">Turn 17</h2><div class="spacer battle-history"><br></div><div class="battle-history">Nidoqueen, come back!<br></div><div class="battle-history">Go! <strong>Chandelure</strong>!<br></div><div class="battle-history"><small>Pointed stones dug into Chandelure!</small><br></div><div class="spacer battle-history"><br></div><div class="battle-history">The opposing Bluie Bluie used <strong>Roost</strong>!<br></div><div class="battle-history"><small>The opposing Bluie Bluie restored its HP.</small><br></div><div class="spacer battle-history"><br></div><h2 class="battle-history">Turn 18</h2><div class="spacer battle-history"><br></div><div class="battle-history">Chandelure used <strong>Shadow Ball</strong>!<br></div><div class="battle-history"><small>(The opposing Bluie Bluie lost <abbr title="−157/333">47.1%</abbr> of its health!)</small><br></div><div class="battle-history"><small>The opposing Bluie Bluie's Special Defense fell!</small><br></div><div class="spacer battle-history"><br></div><div class="battle-history">The opposing Bluie Bluie used <strong>Earthquake</strong>!<br></div><div class="battle-history"><small>It's super effective!</small><br></div><div class="battle-history"><small>(Chandelure lost <abbr title="−197/262">75.2%</abbr> of its health!)</small><br></div><div class="spacer battle-history"><br></div><div class="battle-history">Chandelure fainted!<br></div><div class="chat"><small>Stroak_of_Luck joined.</small></div><div class="spacer battle-history"><br></div><div class="battle-history">Go! <strong>Uxie</strong>!<br></div><div class="battle-history"><small>Pointed stones dug into Uxie!</small><br></div><div class="spacer battle-history"><br></div><h2 class="battle-history">Turn 19</h2><div class="spacer battle-history"><br></div><div class="battle-history">Uxie used <strong>Psychic</strong>!<br></div><div class="battle-history"><small>(The opposing Bluie Bluie lost <abbr title="−126/333">37.8%</abbr> of its health!)</small><br></div><div class="spacer battle-history"><br></div><div class="battle-history">The opposing Bluie Bluie used <strong>U-turn</strong>!<br></div><div class="battle-history"><small>It's super effective!</small><br></div><div class="battle-history"><small>(Uxie lost <abbr title="−74/354">20.9%</abbr> of its health!)</small><br></div><div class="spacer battle-history"><br></div><div class="battle-history">The opposing Bluie Bluie went back to No Score!<br></div><div class="battle-history">No Score sent out Vito (<strong>Blastoise-Mega</strong>)!<br></div><div class="spacer battle-history"><br></div><h2 class="battle-history">Turn 20</h2><div class="spacer battle-history"><br></div><div class="battle-history">Uxie, come back!<br></div><div class="battle-history">Go! <strong>Luxray</strong>!<br></div><div class="battle-history"><small>Pointed stones dug into Luxray!</small><br></div><div class="spacer battle-history"><br></div><div class="battle-history">The opposing Vito used <strong>Dark Pulse</strong>!<br></div><div class="battle-history"><small>(Luxray lost <abbr title="−182/334">54.5%</abbr> of its health!)</small><br></div><div class="spacer battle-history"><br></div><div class="battle-history"><small>Luxray was burned!</small><br></div><div class="spacer battle-history"><br></div><h2 class="battle-history">Turn 21</h2><div class="spacer battle-history"><br></div><div class="battle-history">No Score withdrew Vito!<br></div><div class="battle-history">No Score sent out Bluie Bluie (<strong>Gligar</strong>)!<br></div><div class="spacer battle-history"><br></div><div class="battle-history">Luxray used <strong>Wild Charge</strong>!<br></div><div class="battle-history"><small>It doesn't affect the opposing Bluie Bluie...</small><br></div><div class="spacer battle-history"><br></div><div class="battle-history"><small>Luxray was hurt by its burn!</small><br></div><div class="spacer battle-history"><br></div><h2 class="battle-history">Turn 22</h2><div class="spacer battle-history"><br></div><div class="battle-history">Luxray used <strong>Facade</strong>!<br></div><div class="battle-history"><small>(The opposing Bluie Bluie lost <abbr title="−50/333">15.0%</abbr> of its health!)</small><br></div><div class="spacer battle-history"><br></div><div class="battle-history">The opposing Bluie Bluie fainted!<br></div><div class="spacer battle-history"><br></div><div class="battle-history"><small>Luxray was hurt by its burn!</small><br></div><div class="spacer battle-history"><br></div><div class="battle-history">No Score sent out <strong>Cobalion</strong>!<br></div><div class="spacer battle-history"><br></div><h2 class="battle-history">Turn 23</h2><div class="spacer battle-history"><br></div><div class="battle-history">The opposing Cobalion used <strong>Iron Head</strong>!<br></div><div class="battle-history"><small>It's not very effective...</small><br></div><div class="battle-history"><small>(Luxray lost <abbr title="−29/334">8.7%</abbr> of its health!)</small><br></div><div class="spacer battle-history"><br></div><div class="battle-history">Luxray fainted!<br></div><div class="spacer battle-history"><br></div><div class="battle-history"><small>The opposing Cobalion restored a little HP using its Leftovers!</small><br></div><div class="spacer battle-history"><br></div><div class="battle-history">Go! <strong>Uxie</strong>!<br></div><div class="battle-history"><small>Pointed stones dug into Uxie!</small><br></div><div class="spacer battle-history"><br></div><h2 class="battle-history">Turn 24</h2><div class="spacer battle-history"><br></div><div class="battle-history">The opposing Cobalion used <strong>Iron Head</strong>!<br></div><div class="battle-history"><small>(Uxie lost <abbr title="−88/354">24.9%</abbr> of its health!)</small><br></div><div class="spacer battle-history"><br></div><div class="battle-history">Uxie used <strong>Reflect</strong>!<br></div><div class="battle-history"><small>Reflect made your team stronger against physical moves!</small><br></div><div class="spacer battle-history"><br></div><div class="battle-history"><small>The opposing Cobalion restored a little HP using its Leftovers!</small><br></div><div class="spacer battle-history"><br></div><h2 class="battle-history">Turn 25</h2><div class="spacer battle-history"><br></div><div class="battle-history">The opposing Cobalion used <strong>Swords Dance</strong>!<br></div><div class="battle-history"><small>The opposing Cobalion's Attack rose sharply!</small><br></div><div class="spacer battle-history"><br></div><div class="battle-history">Uxie used <strong>Psychic</strong>!<br></div><div class="battle-history"><small>(The opposing Cobalion lost <abbr title="−127/324">39.2%</abbr> of its health!)</small><br></div><div class="spacer battle-history"><br></div><div class="battle-history"><small>The opposing Cobalion restored a little HP using its Leftovers!</small><br></div><div class="spacer battle-history"><br></div><h2 class="battle-history">Turn 26</h2><div class="spacer battle-history"><br></div><div class="battle-history">The opposing Cobalion used <strong>Iron Head</strong>!<br></div><div class="battle-history"><small>(Uxie lost <abbr title="−93/354">26.3%</abbr> of its health!)</small><br></div><div class="spacer battle-history"><br></div><div class="battle-history">Uxie used <strong>Psychic</strong>!<br></div><div class="battle-history"><small>(The opposing Cobalion lost <abbr title="−129/324">39.8%</abbr> of its health!)</small><br></div><div class="spacer battle-history"><br></div><div class="battle-history"><small>The opposing Cobalion restored a little HP using its Leftovers!</small><br></div><div class="spacer battle-history"><br></div><h2 class="battle-history">Turn 27</h2><div class="spacer battle-history"><br></div><div class="battle-history">The opposing Cobalion used <strong>Iron Head</strong>!<br></div><div class="battle-history"><small>(Uxie lost <abbr title="−11/354">3.1%</abbr> of its health!)</small><br></div><div class="spacer battle-history"><br></div><div class="battle-history">Uxie fainted!<br></div><div class="spacer battle-history"><br></div><div class="battle-history"><small>The opposing Cobalion restored a little HP using its Leftovers!</small><br></div><div class="spacer battle-history"><br></div><div class="battle-history">Go! <strong>Nidoqueen</strong>!<br></div><div class="battle-history"><small>Pointed stones dug into Nidoqueen!</small><br></div><div class="spacer battle-history"><br></div><h2 class="battle-history">Turn 28</h2><div class="spacer battle-history"><br></div><div class="battle-history">The opposing Cobalion used <strong>Close Combat</strong>!<br></div><div class="battle-history"><small>It's not very effective...</small><br></div><div class="battle-history"><small>(Nidoqueen lost <abbr title="−68/384">17.7%</abbr> of its health!)</small><br></div><div class="battle-history"><small>The opposing Cobalion's Defense fell!</small><br></div><div class="battle-history"><small>The opposing Cobalion's Special Defense fell!</small><br></div><div class="spacer battle-history"><br></div><div class="battle-history">Nidoqueen used <strong>Drill Run</strong>!<br></div><div class="battle-history"><small>It's super effective!</small><br></div><div class="battle-history"><small>(The opposing Cobalion lost <abbr title="−66/324">20.4%</abbr> of its health!)</small><br></div><div class="spacer battle-history"><br></div><div class="battle-history">The opposing Cobalion fainted!<br></div><div class="spacer battle-history"><br></div><div class="battle-history"><small>Nidoqueen restored a little HP using its Leftovers!</small><br></div><div class="spacer battle-history"><br></div><div class="battle-history">No Score sent out Vito (<strong>Blastoise-Mega</strong>)!<br></div><div class="spacer battle-history"><br></div><h2 class="battle-history">Turn 29</h2><div class="spacer battle-history"><br></div><div class="battle-history">Nidoqueen used <strong>Protect</strong>!<br></div><div class="battle-history"><small>Nidoqueen protected itself!</small><br></div><div class="spacer battle-history"><br></div><div class="battle-history">The opposing Vito used <strong>Scald</strong>!<br></div><div class="battle-history"><small>Nidoqueen protected itself!</small><br></div><div class="spacer battle-history"><br></div><div class="battle-history"><small>Nidoqueen restored a little HP using its Leftovers!</small><br></div><div class="spacer battle-history"><br></div><h2 class="battle-history">Turn 30</h2><div class="spacer battle-history"><br></div><div class="battle-history">The opposing Vito used <strong>Scald</strong>!<br></div><div class="battle-history"><small>It's super effective!</small><br></div><div class="battle-history"><small>(Nidoqueen lost <abbr title="−206/384">53.6%</abbr> of its health!)</small><br></div><div class="spacer battle-history"><br></div><div class="battle-history">Nidoqueen fainted!<br></div><div class="spacer battle-history"><br></div><div class="battle-history"><strong>No Score</strong> won the battle!<br></div><div class="chat">ShadedG's rating: 1036 → <strong>1024</strong><br>(-12 for losing)</div><div class="chat">No Score's rating: 1122 → <strong>1141</strong><br>(+19 for winning)</div><div class="chat chatmessage-noscore"><strong style="color:hsl(337,74%,43%)"><small>☆</small><span class="username" data-name="No Score">No Score</span>:</strong> <em>gg</em></div><div class="chat chatmessage-shadedg"><strong style="color:hsl(42,74%,42.96629292255612%)"><small>☆</small><span class="username" data-name="ShadedG">ShadedG</span>:</strong> <em>gg</em></div><div class="chat"><small>ShadedG left.</small></div></div><div class="inner-preempt"></div></div></div>
</div>
<script>
let daily = Math.floor(Date.now()/1000/60/60/24);document.write('<script src="https://play.pokemonshowdown.com/js/replay-embed.js?version'+daily+'"></'+'script>');
</script>
