<!DOCTYPE html>
<meta charset="utf-8" />
<!-- version 1 -->
<title>UU replay: Pearl ★ vs. Omfuga</title>
<style>
html,body {font-family:Verdana, sans-serif;font-size:10pt;margin:0;padding:0;}body{padding:12px 0;} .battle-log {font-family:Verdana, sans-serif;font-size:10pt;} .battle-log-inline {border:1px solid #AAAAAA;background:#EEF2F5;color:black;max-width:640px;margin:0 auto 80px;padding-bottom:5px;} .battle-log .inner {padding:4px 8px 0px 8px;} .battle-log .inner-preempt {padding:0 8px 4px 8px;} .battle-log .inner-after {margin-top:0.5em;} .battle-log h2 {margin:0.5em -8px;padding:4px 8px;border:1px solid #AAAAAA;background:#E0E7EA;border-left:0;border-right:0;font-family:Verdana, sans-serif;font-size:13pt;} .battle-log .chat {vertical-align:middle;padding:3px 0 3px 0;font-size:8pt;} .battle-log .chat strong {color:#40576A;} .battle-log .chat em {padding:1px 4px 1px 3px;color:#000000;font-style:normal;} .chat.mine {background:rgba(0,0,0,0.05);margin-left:-8px;margin-right:-8px;padding-left:8px;padding-right:8px;} .spoiler {color:#BBBBBB;background:#BBBBBB;padding:0px 3px;} .spoiler:hover, .spoiler:active, .spoiler-shown {color:#000000;background:#E2E2E2;padding:0px 3px;} .spoiler a {color:#BBBBBB;} .spoiler:hover a, .spoiler:active a, .spoiler-shown a {color:#2288CC;} .chat code, .chat .spoiler:hover code, .chat .spoiler:active code, .chat .spoiler-shown code {border:1px solid #C0C0C0;background:#EEEEEE;color:black;padding:0 2px;} .chat .spoiler code {border:1px solid #CCCCCC;background:#CCCCCC;color:#CCCCCC;} .battle-log .rated {padding:3px 4px;} .battle-log .rated strong {color:white;background:#89A;padding:1px 4px;border-radius:4px;} .spacer {margin-top:0.5em;} .message-announce {background:#6688AA;color:white;padding:1px 4px 2px;} .message-announce a, .broadcast-green a, .broadcast-blue a, .broadcast-red a {color:#DDEEFF;} .broadcast-green {background-color:#559955;color:white;padding:2px 4px;} .broadcast-blue {background-color:#6688AA;color:white;padding:2px 4px;} .infobox {border:1px solid #6688AA;padding:2px 4px;} .infobox-limited {max-height:200px;overflow:auto;overflow-x:hidden;} .broadcast-red {background-color:#AA5544;color:white;padding:2px 4px;} .message-learn-canlearn {font-weight:bold;color:#228822;text-decoration:underline;} .message-learn-cannotlearn {font-weight:bold;color:#CC2222;text-decoration:underline;} .message-effect-weak {font-weight:bold;color:#CC2222;} .message-effect-resist {font-weight:bold;color:#6688AA;} .message-effect-immune {font-weight:bold;color:#666666;} .message-learn-list {margin-top:0;margin-bottom:0;} .message-throttle-notice, .message-error {color:#992222;} .message-overflow, .chat small.message-overflow {font-size:0pt;} .message-overflow::before {font-size:9pt;content:'...';} .subtle {color:#3A4A66;}
</style>
<div class="wrapper replay-wrapper" style="max-width:1180px;margin:0 auto">
<input type="hidden" name="replayid" value="smogtours-uu-286743" />
<div class="battle"></div><div class="battle-log"></div><div class="replay-controls"></div><div class="replay-controls-2"></div>
<h1 style="font-weight:normal;text-align:center"><strong>UU</strong><br /><a href="http://pokemonshowdown.com/users/pearl" class="subtle" target="_blank">Pearl ★</a> vs. <a href="http://pokemonshowdown.com/users/omfuga" class="subtle" target="_blank">Omfuga</a></h1>
<script type="text/plain" class="battle-log-data">|inactive|Battle timer is ON: inactive players will automatically lose when time's up.
|J|Pearl ★
|J|Omfuga
|player|p1|Pearl ★|34
|player|p2|Omfuga|251
|gametype|singles
|gen|6
|tier|UU
|seed|38535,10654,29732,60250
|rule|Sleep Clause Mod: Limit one foe put to sleep
|rule|Species Clause: Limit one of each Pokémon
|rule|OHKO Clause: OHKO moves are banned
|rule|Moody Clause: Moody is banned
|rule|Evasion Moves Clause: Evasion moves are banned
|rule|Endless Battle Clause: Forcing endless battles is banned
|rule|HP Percentage Mod: HP is shown in percentages
|clearpoke
|poke|p1|Blastoise, M|item
|poke|p1|Gligar, F, shiny|item
|poke|p1|Toxicroak, M|item
|poke|p1|Hydreigon, F|item
|poke|p1|Klefki, F, shiny|item
|poke|p1|Hoopa|item
|poke|p2|Aerodactyl, F|item
|poke|p2|Conkeldurr, F|item
|poke|p2|Swampert, M|item
|poke|p2|Porygon2|item
|poke|p2|Celebi|item
|poke|p2|Forretress, F|item
|rule|Swagger Clause: Swagger is banned
|rule|Baton Pass Clause: Limit one Baton Passer, can't pass Spe and other stats simultaneously
|teampreview
|J|W3K
|c|☆Omfuga|idek that things typing
|J|Ernes
|c|☆Omfuga|its 4x weak to suit right
|J|Jardem
|c|☆Pearl ★|y
|L|W3K
|c|☆Pearl ★|!dt hoopa
|c|~|\/data-pokemon Hoopa
|raw|<font size="1"><font color="#686868">Dex#:<\/font> 720&nbsp;|&ThickSpace;<font color="#686868">Gen:<\/font> 6&nbsp;|&ThickSpace;<font color="#686868">Height:<\/font> 0.5 m&nbsp;|&ThickSpace;<font color="#686868">Weight:<\/font> 9 kg <em>(20 BP)<\/em>&nbsp;|&ThickSpace;<font color="#686868">Dex Colour:<\/font> Purple&nbsp;|&ThickSpace;<font color="#686868">Egg Group(s):<\/font> Undiscovered&nbsp;|&ThickSpace;<font color="#686868">Does Not Evolve<\/font><\/font>
|choice|team 5, team 2, team 3, team 4, team 1, team 6|team 3, team 2, team 1, team 4, team 5, team 6
|
|start
|switch|p1a: Before The Future|Klefki, F, shiny|318\/318
|switch|p2a: Swampert|Swampert, M|403\/403
|turn|1
|choice|switch 4|move scald
|
|switch|p1a: Beautiful Ruin|Hydreigon, F|325\/325
|move|p2a: Swampert|Scald|p1a: Beautiful Ruin
|-resisted|p1a: Beautiful Ruin
|-damage|p1a: Beautiful Ruin|282\/325
|
|upkeep
|turn|2
|J|Lcans
|choice|move uturn|move protect
|
|move|p2a: Swampert|Protect|p2a: Swampert
|-singleturn|p2a: Swampert|Protect
|move|p1a: Beautiful Ruin|U-turn|p2a: Swampert
|-activate|p2a: Swampert|move: Protect
|
|upkeep
|turn|3
|J|sSantu ♠☁
|choice|move uturn|move scald
|
|move|p1a: Beautiful Ruin|U-turn|p2a: Swampert
|-damage|p2a: Swampert|363\/403
|choice|switch 5|
|
|switch|p1a: Setting Sail|Blastoise, M|325\/325
|move|p2a: Swampert|Scald|p1a: Setting Sail
|-resisted|p1a: Setting Sail
|-crit|p1a: Setting Sail
|-damage|p1a: Setting Sail|270\/325
|
|-heal|p2a: Swampert|388\/403|[from] item: Leftovers
|upkeep
|turn|4
|L|sSantu ♠☁
|J|ict ️
|choice|move scald mega|move protect
|
|detailschange|p1a: Setting Sail|Blastoise-Mega, M
|-mega|p1a: Setting Sail|Blastoise|Blastoisinite
|move|p2a: Swampert|Protect|p2a: Swampert
|-singleturn|p2a: Swampert|Protect
|move|p1a: Setting Sail|Scald|p2a: Swampert
|-activate|p2a: Swampert|move: Protect
|
|-heal|p2a: Swampert|403\/403|[from] item: Leftovers
|upkeep
|turn|5
|choice|move scald|switch 5
|
|switch|p2a: Celebi|Celebi|341\/341
|move|p1a: Setting Sail|Scald|p2a: Celebi
|-resisted|p2a: Celebi
|-damage|p2a: Celebi|260\/341
|
|-heal|p2a: Celebi|281\/341|[from] item: Leftovers
|upkeep
|turn|6
|choice|switch 2|switch 5
|
|switch|p2a: Swampert|Swampert, M|403\/403
|switch|p1a: Ms.Monomi's Lesson|Gligar, F, shiny|333\/333
|
|upkeep
|turn|7
|J|Pak
|choice|move stealthrock|move scald
|
|move|p1a: Ms.Monomi's Lesson|Stealth Rock|p2a: Swampert
|-sidestart|p2: Omfuga|move: Stealth Rock
|move|p2a: Swampert|Scald|p1a: Ms.Monomi's Lesson
|-supereffective|p1a: Ms.Monomi's Lesson
|-damage|p1a: Ms.Monomi's Lesson|217\/333
|
|upkeep
|turn|8
|choice|move uturn|move stealthrock
|
|move|p1a: Ms.Monomi's Lesson|U-turn|p2a: Swampert
|-damage|p2a: Swampert|371\/403
|choice|switch 2|
|
|switch|p1a: Setting Sail|Blastoise-Mega, M|270\/325
|move|p2a: Swampert|Stealth Rock|p1a: Setting Sail
|-sidestart|p1: Pearl ★|move: Stealth Rock
|
|-heal|p2a: Swampert|396\/403|[from] item: Leftovers
|upkeep
|turn|9
|choice|move scald|move protect
|
|move|p2a: Swampert|Protect|p2a: Swampert
|-singleturn|p2a: Swampert|Protect
|move|p1a: Setting Sail|Scald|p2a: Swampert
|-activate|p2a: Swampert|move: Protect
|
|-heal|p2a: Swampert|403\/403|[from] item: Leftovers
|upkeep
|turn|10
|J|Accelgor
|J|Corazan..
|choice|move scald|move scald
|
|move|p1a: Setting Sail|Scald|p2a: Swampert
|-damage|p2a: Swampert|217\/403
|move|p2a: Swampert|Scald|p1a: Setting Sail
|-resisted|p1a: Setting Sail
|-damage|p1a: Setting Sail|236\/325
|
|-heal|p2a: Swampert|242\/403|[from] item: Leftovers
|upkeep
|turn|11
|choice|move scald|move protect
|
|move|p2a: Swampert|Protect|p2a: Swampert
|-singleturn|p2a: Swampert|Protect
|move|p1a: Setting Sail|Scald|p2a: Swampert
|-activate|p2a: Swampert|move: Protect
|
|-heal|p2a: Swampert|267\/403|[from] item: Leftovers
|upkeep
|turn|12
|choice|move rapidspin|switch 5
|
|switch|p2a: Celebi|Celebi|281\/341
|-damage|p2a: Celebi|239\/341|[from] Stealth Rock
|move|p1a: Setting Sail|Rapid Spin|p2a: Celebi
|-damage|p2a: Celebi|226\/341
|-sideend|p1: Pearl ★|Stealth Rock|[from] move: Rapid Spin|[of] p1a: Setting Sail
|
|-heal|p2a: Celebi|247\/341|[from] item: Leftovers
|upkeep
|turn|13
|choice|switch 4|switch 5
|
|switch|p2a: Swampert|Swampert, M|267\/403
|-damage|p2a: Swampert|242\/403|[from] Stealth Rock
|switch|p1a: Before The Future|Klefki, F, shiny|318\/318
|
|-heal|p2a: Swampert|267\/403|[from] item: Leftovers
|upkeep
|turn|14
|J|Patasola
|L|Patasola
|choice|move switcheroo|move earthquake
|
|move|p1a: Before The Future|Switcheroo|p2a: Swampert
|-activate|p1a: Before The Future|move: Trick|[of] p2a: Swampert
|-item|p2a: Swampert|Choice Band|[from] move: Switcheroo
|-item|p1a: Before The Future|Leftovers|[from] move: Switcheroo
|move|p2a: Swampert|Earthquake|p1a: Before The Future
|-supereffective|p1a: Before The Future
|-damage|p1a: Before The Future|0 fnt
|faint|p1a: Before The Future
|
|upkeep
|choice|switch 5|
|
|switch|p1a: Beautiful Ruin|Hydreigon, F|282\/325
|turn|15
|choice|move uturn|move earthquake
|
|move|p1a: Beautiful Ruin|U-turn|p2a: Swampert
|-damage|p2a: Swampert|228\/403
|choice|switch 2|
|
|switch|p1a: Ms.Monomi's Lesson|Gligar, F, shiny|217\/333
|move|p2a: Swampert|Earthquake|p1a: Ms.Monomi's Lesson
|-immune|p1a: Ms.Monomi's Lesson|[msg]
|
|upkeep
|turn|16
|choice|move uturn|move earthquake
|
|move|p1a: Ms.Monomi's Lesson|U-turn|p2a: Swampert
|-damage|p2a: Swampert|193\/403
|choice|switch 2|
|
|switch|p1a: Beautiful Ruin|Hydreigon, F|282\/325
|move|p2a: Swampert|Earthquake|p1a: Beautiful Ruin
|-immune|p1a: Beautiful Ruin|[msg]|[from] ability: Levitate
|
|upkeep
|turn|17
|choice|move uturn|switch 4
|
|switch|p2a: Porygon2|Porygon2|373\/373
|-damage|p2a: Porygon2|327\/373|[from] Stealth Rock
|-ability|p2a: Porygon2|Levitate|[from] ability: Trace|[of] p1a: Beautiful Ruin
|move|p1a: Beautiful Ruin|U-turn|p2a: Porygon2
|-damage|p2a: Porygon2|287\/373
|choice|switch 6|
|
|switch|p1a: -HOPE VS DESPAIR-|Hoopa|308\/308
|
|upkeep
|turn|18
|choice|move substitute|move thunderwave
|
|move|p1a: -HOPE VS DESPAIR-|Substitute|p1a: -HOPE VS DESPAIR-
|-start|p1a: -HOPE VS DESPAIR-|Substitute
|-damage|p1a: -HOPE VS DESPAIR-|231\/308
|move|p2a: Porygon2|Thunder Wave|p1a: -HOPE VS DESPAIR-
|-fail|p1a: -HOPE VS DESPAIR-
|
|upkeep
|turn|19
|choice|move nastyplot|move icebeam
|
|move|p1a: -HOPE VS DESPAIR-|Nasty Plot|p1a: -HOPE VS DESPAIR-
|-boost|p1a: -HOPE VS DESPAIR-|spa|2
|move|p2a: Porygon2|Ice Beam|p1a: -HOPE VS DESPAIR-
|-activate|p1a: -HOPE VS DESPAIR-|move: Substitute|[damage]
|
|upkeep
|turn|20
|choice|move focusblast|switch 5
|
|switch|p2a: Celebi|Celebi|247\/341
|-damage|p2a: Celebi|205\/341|[from] Stealth Rock
|move|p1a: -HOPE VS DESPAIR-|Focus Blast|p2a: Celebi
|-resisted|p2a: Celebi
|-damage|p2a: Celebi|22\/341
|
|-heal|p2a: Celebi|43\/341|[from] item: Leftovers
|upkeep
|turn|21
|choice|move substitute|move gigadrain
|
|move|p2a: Celebi|Giga Drain|p1a: -HOPE VS DESPAIR-
|-end|p1a: -HOPE VS DESPAIR-|Substitute
|-heal|p2a: Celebi|52\/341|[from] drain|[of] p1a: -HOPE VS DESPAIR-
|move|p1a: -HOPE VS DESPAIR-|Substitute|p1a: -HOPE VS DESPAIR-
|-start|p1a: -HOPE VS DESPAIR-|Substitute
|-damage|p1a: -HOPE VS DESPAIR-|154\/308
|
|-heal|p2a: Celebi|73\/341|[from] item: Leftovers
|upkeep
|turn|22
|choice|move substitute|move nastyplot
|
|move|p2a: Celebi|Nasty Plot|p2a: Celebi
|-boost|p2a: Celebi|spa|2
|move|p1a: -HOPE VS DESPAIR-|Substitute|p1a: -HOPE VS DESPAIR-
|-fail|p1a: -HOPE VS DESPAIR-|move: Substitute
|
|-heal|p2a: Celebi|94\/341|[from] item: Leftovers
|upkeep
|turn|23
|choice|move substitute|move nastyplot
|
|move|p2a: Celebi|Nasty Plot|p2a: Celebi
|-boost|p2a: Celebi|spa|2
|move|p1a: -HOPE VS DESPAIR-|Substitute|p1a: -HOPE VS DESPAIR-
|-fail|p1a: -HOPE VS DESPAIR-|move: Substitute
|
|-heal|p2a: Celebi|115\/341|[from] item: Leftovers
|upkeep
|turn|24
|choice|move substitute|move nastyplot
|
|move|p2a: Celebi|Nasty Plot|p2a: Celebi
|-boost|p2a: Celebi|spa|2
|move|p1a: -HOPE VS DESPAIR-|Substitute|p1a: -HOPE VS DESPAIR-
|-fail|p1a: -HOPE VS DESPAIR-|move: Substitute
|
|-heal|p2a: Celebi|136\/341|[from] item: Leftovers
|upkeep
|turn|25
|choice|move substitute|move nastyplot
|
|move|p2a: Celebi|Nasty Plot|p2a: Celebi
|-boost|p2a: Celebi|spa|0
|move|p1a: -HOPE VS DESPAIR-|Substitute|p1a: -HOPE VS DESPAIR-
|-fail|p1a: -HOPE VS DESPAIR-|move: Substitute
|
|-heal|p2a: Celebi|157\/341|[from] item: Leftovers
|upkeep
|turn|26
|choice|move substitute|move nastyplot
|
|move|p2a: Celebi|Nasty Plot|p2a: Celebi
|-boost|p2a: Celebi|spa|0
|move|p1a: -HOPE VS DESPAIR-|Substitute|p1a: -HOPE VS DESPAIR-
|-fail|p1a: -HOPE VS DESPAIR-|move: Substitute
|
|-heal|p2a: Celebi|178\/341|[from] item: Leftovers
|upkeep
|turn|27
|choice|move substitute|move gigadrain
|
|move|p2a: Celebi|Giga Drain|p1a: -HOPE VS DESPAIR-
|-end|p1a: -HOPE VS DESPAIR-|Substitute
|-heal|p2a: Celebi|217\/341|[from] drain|[of] p1a: -HOPE VS DESPAIR-
|move|p1a: -HOPE VS DESPAIR-|Substitute|p1a: -HOPE VS DESPAIR-
|-start|p1a: -HOPE VS DESPAIR-|Substitute
|-damage|p1a: -HOPE VS DESPAIR-|77\/308
|
|-heal|p2a: Celebi|238\/341|[from] item: Leftovers
|upkeep
|turn|28
|J|Amaroq
|choice|move shadowball|move nastyplot
|-enditem|p1a: -HOPE VS DESPAIR-|Custap Berry|[eat]
|-activate|p1a: -HOPE VS DESPAIR-|item: Custap Berry
|
|move|p1a: -HOPE VS DESPAIR-|Shadow Ball|p2a: Celebi
|-supereffective|p2a: Celebi
|-damage|p2a: Celebi|0 fnt
|-item|p1a: -HOPE VS DESPAIR-|Leftovers|[from] ability: Magician|[of] p2a: Celebi
|faint|p2a: Celebi
|
|-heal|p1a: -HOPE VS DESPAIR-|96\/308|[from] item: Leftovers
|upkeep
|c|☆Omfuga|oh
|J|Sacri !!_!!
|c|☆Omfuga|shit
|c|☆Omfuga|I should've win this
|c|☆Omfuga|I suck
|L|Amaroq
|choice||switch 5
|
|switch|p2a: Porygon2|Porygon2|287\/373
|-damage|p2a: Porygon2|241\/373|[from] Stealth Rock
|-ability|p2a: Porygon2|Magician|[from] ability: Trace|[of] p1a: -HOPE VS DESPAIR-
|turn|29
|choice|move focusblast|move icebeam
|
|move|p1a: -HOPE VS DESPAIR-|Focus Blast|p2a: Porygon2
|-supereffective|p2a: Porygon2
|-damage|p2a: Porygon2|0 fnt
|faint|p2a: Porygon2
|
|-heal|p1a: -HOPE VS DESPAIR-|115\/308|[from] item: Leftovers
|upkeep
|choice||switch 3
|
|switch|p2a: Aerodactyl|Aerodactyl, F|341\/341
|-damage|p2a: Aerodactyl|256\/341|[from] Stealth Rock
|turn|30
|choice|move shadowball|move aerialace mega
|
|detailschange|p2a: Aerodactyl|Aerodactyl-Mega, F
|-mega|p2a: Aerodactyl|Aerodactyl|Aerodactylite
|move|p2a: Aerodactyl|Aerial Ace|p1a: -HOPE VS DESPAIR-
|-end|p1a: -HOPE VS DESPAIR-|Substitute
|move|p1a: -HOPE VS DESPAIR-|Shadow Ball|p2a: Aerodactyl
|-damage|p2a: Aerodactyl|0 fnt
|faint|p2a: Aerodactyl
|
|-heal|p1a: -HOPE VS DESPAIR-|134\/308|[from] item: Leftovers
|upkeep
|-message|Omfuga forfeited.
|
|win|Pearl ★</script>
</div>
<div class="battle-log battle-log-inline"><div class="inner"><div class="battle-options"></div><div class="inner"><div class="chat message-error">Battle timer is ON: inactive players will automatically lose when time's up.</div><div class=""><small>Format:</small> <br><strong>UU</strong></div><div class=""><small><em>Sleep Clause Mod:</em> Limit one foe put to sleep</small></div><div class=""><small><em>Species Clause:</em> Limit one of each Pokémon</small></div><div class=""><small><em>OHKO Clause:</em> OHKO moves are banned</small></div><div class=""><small><em>Moody Clause:</em> Moody is banned</small></div><div class=""><small><em>Evasion Moves Clause:</em> Evasion moves are banned</small></div><div class=""><small><em>Endless Battle Clause:</em> Forcing endless battles is banned</small></div><div class=""><small><em>HP Percentage Mod:</em> HP is shown in percentages</small></div><div class=""><small><em>Swagger Clause:</em> Swagger is banned</small></div><div class=""><small><em>Baton Pass Clause:</em> Limit one Baton Passer, can't pass Spe and other stats simultaneously</small></div><div class="chat battle-history"><strong>Pearl ★'s team:</strong> <em style="color:#445566;display:block;">Blastoise / Gligar / Toxicroak / Hydreigon / Klefki / Hoopa</em></div><div class="chat battle-history"><strong>Omfuga's team:</strong> <em style="color:#445566;display:block;">Aerodactyl / Conkeldurr / Swampert / Porygon2 / Celebi / Forretress</em></div><div class="chat chatmessage-omfuga"><strong style="color:hsl(319,50%,48.93417352725278%)"><small>☆</small><span class="username" data-name="Omfuga">Omfuga</span>:</strong> <em>idek that things typing</em></div><div class="chat chatmessage-omfuga"><strong style="color:hsl(319,50%,48.93417352725278%)"><small>☆</small><span class="username" data-name="Omfuga">Omfuga</span>:</strong> <em>its 4x weak to suit right</em></div><div class="chat chatmessage-pearl"><strong style="color:hsl(137,70%,38.48887992080507%)"><small>☆</small><span class="username" data-name="Pearl ★">Pearl ★</span>:</strong> <em>y</em></div><div class="chat chatmessage-pearl"><strong style="color:hsl(137,70%,38.48887992080507%)"><small>☆</small><span class="username" data-name="Pearl ★">Pearl ★</span>:</strong> <em>!dt hoopa</em></div><div class="chat message-error">[outdated code no longer supported]</div><div class="chat"><font size="1"><font color="#686868">Dex#:</font> 720&nbsp;|  <font color="#686868">Gen:</font> 6&nbsp;|  <font color="#686868">Height:</font> 0.5 m&nbsp;|  <font color="#686868">Weight:</font> 9 kg <em>(20 BP)</em>&nbsp;|  <font color="#686868">Dex Colour:</font> Purple&nbsp;|  <font color="#686868">Egg Group(s):</font> Undiscovered&nbsp;|  <font color="#686868">Does Not Evolve</font></font></div><div class="spacer battle-history"><br></div><div class="battle-history">Battle started between Pearl ★ and Omfuga!<br></div><div class="spacer battle-history"><br></div><div class="battle-history">Go! Before The Future (<strong>Klefki</strong>)!<br></div><div class="spacer battle-history"><br></div><div class="battle-history">Omfuga sent out <strong>Swampert</strong>!<br></div><div class="spacer battle-history"><br></div><h2 class="battle-history">Turn 1</h2><div class="spacer battle-history"><br></div><div class="battle-history">Before The Future, come back!<br></div><div class="battle-history">Go! Beautiful Ruin (<strong>Hydreigon</strong>)!<br></div><div class="spacer battle-history"><br></div><div class="battle-history">The opposing Swampert used <strong>Scald</strong>!<br></div><div class="battle-history"><small>It's not very effective...</small><br></div><div class="battle-history"><small>(Beautiful Ruin lost <abbr title="−43/325">13.2%</abbr> of its health!)</small><br></div><div class="spacer battle-history"><br></div><h2 class="battle-history">Turn 2</h2><div class="spacer battle-history"><br></div><div class="battle-history">The opposing Swampert used <strong>Protect</strong>!<br></div><div class="battle-history"><small>The opposing Swampert protected itself!</small><br></div><div class="spacer battle-history"><br></div><div class="battle-history">Beautiful Ruin used <strong>U-turn</strong>!<br></div><div class="battle-history"><small>The opposing Swampert protected itself!</small><br></div><div class="spacer battle-history"><br></div><h2 class="battle-history">Turn 3</h2><div class="spacer battle-history"><br></div><div class="battle-history">Beautiful Ruin used <strong>U-turn</strong>!<br></div><div class="battle-history"><small>(The opposing Swampert lost <abbr title="−40/403">9.9%</abbr> of its health!)</small><br></div><div class="spacer battle-history"><br></div><div class="battle-history">Beautiful Ruin went back to Pearl ★!<br></div><div class="battle-history">Go! Setting Sail (<strong>Blastoise</strong>)!<br></div><div class="spacer battle-history"><br></div><div class="battle-history">The opposing Swampert used <strong>Scald</strong>!<br></div><div class="battle-history"><small>It's not very effective...</small><br></div><div class="battle-history"><small>A critical hit!</small><br></div><div class="battle-history"><small>(Setting Sail lost <abbr title="−55/325">16.9%</abbr> of its health!)</small><br></div><div class="spacer battle-history"><br></div><div class="battle-history"><small>The opposing Swampert restored a little HP using its Leftovers!</small><br></div><div class="spacer battle-history"><br></div><h2 class="battle-history">Turn 4</h2><div class="spacer battle-history"><br></div><div class="battle-history"><small>Setting Sail's Blastoisinite is reacting to Pearl ★'s Mega Bracelet!</small><br>Setting Sail has Mega Evolved into Mega Blastoise!<br></div><div class="spacer battle-history"><br></div><div class="battle-history">The opposing Swampert used <strong>Protect</strong>!<br></div><div class="battle-history"><small>The opposing Swampert protected itself!</small><br></div><div class="spacer battle-history"><br></div><div class="battle-history">Setting Sail used <strong>Scald</strong>!<br></div><div class="battle-history"><small>The opposing Swampert protected itself!</small><br></div><div class="spacer battle-history"><br></div><div class="battle-history"><small>The opposing Swampert restored a little HP using its Leftovers!</small><br></div><div class="spacer battle-history"><br></div><h2 class="battle-history">Turn 5</h2><div class="spacer battle-history"><br></div><div class="battle-history">Omfuga withdrew Swampert!<br></div><div class="battle-history">Omfuga sent out <strong>Celebi</strong>!<br></div><div class="spacer battle-history"><br></div><div class="battle-history">Setting Sail used <strong>Scald</strong>!<br></div><div class="battle-history"><small>It's not very effective...</small><br></div><div class="battle-history"><small>(The opposing Celebi lost <abbr title="−81/341">23.8%</abbr> of its health!)</small><br></div><div class="spacer battle-history"><br></div><div class="battle-history"><small>The opposing Celebi restored a little HP using its Leftovers!</small><br></div><div class="spacer battle-history"><br></div><h2 class="battle-history">Turn 6</h2><div class="spacer battle-history"><br></div><div class="battle-history">Omfuga withdrew Celebi!<br></div><div class="battle-history">Omfuga sent out <strong>Swampert</strong>!<br></div><div class="spacer battle-history"><br></div><div class="battle-history">Setting Sail, come back!<br></div><div class="battle-history">Go! Ms.Monomi's Lesson (<strong>Gligar</strong>)!<br></div><div class="spacer battle-history"><br></div><h2 class="battle-history">Turn 7</h2><div class="spacer battle-history"><br></div><div class="battle-history">Ms.Monomi's Lesson used <strong>Stealth Rock</strong>!<br></div><div class="battle-history"><small>Pointed stones float in the air around the opposing team!</small><br></div><div class="spacer battle-history"><br></div><div class="battle-history">The opposing Swampert used <strong>Scald</strong>!<br></div><div class="battle-history"><small>It's super effective!</small><br></div><div class="battle-history"><small>(Ms.Monomi's Lesson lost <abbr title="−116/333">34.8%</abbr> of its health!)</small><br></div><div class="spacer battle-history"><br></div><h2 class="battle-history">Turn 8</h2><div class="spacer battle-history"><br></div><div class="battle-history">Ms.Monomi's Lesson used <strong>U-turn</strong>!<br></div><div class="battle-history"><small>(The opposing Swampert lost <abbr title="−32/403">7.9%</abbr> of its health!)</small><br></div><div class="spacer battle-history"><br></div><div class="battle-history">Ms.Monomi's Lesson went back to Pearl ★!<br></div><div class="battle-history">Go! Setting Sail (<strong>Blastoise-Mega</strong>)!<br></div><div class="spacer battle-history"><br></div><div class="battle-history">The opposing Swampert used <strong>Stealth Rock</strong>!<br></div><div class="battle-history"><small>Pointed stones float in the air around your team!</small><br></div><div class="spacer battle-history"><br></div><div class="battle-history"><small>The opposing Swampert restored a little HP using its Leftovers!</small><br></div><div class="spacer battle-history"><br></div><h2 class="battle-history">Turn 9</h2><div class="spacer battle-history"><br></div><div class="battle-history">The opposing Swampert used <strong>Protect</strong>!<br></div><div class="battle-history"><small>The opposing Swampert protected itself!</small><br></div><div class="spacer battle-history"><br></div><div class="battle-history">Setting Sail used <strong>Scald</strong>!<br></div><div class="battle-history"><small>The opposing Swampert protected itself!</small><br></div><div class="spacer battle-history"><br></div><div class="battle-history"><small>The opposing Swampert restored a little HP using its Leftovers!</small><br></div><div class="spacer battle-history"><br></div><h2 class="battle-history">Turn 10</h2><div class="spacer battle-history"><br></div><div class="battle-history">Setting Sail used <strong>Scald</strong>!<br></div><div class="battle-history"><small>(The opposing Swampert lost <abbr title="−186/403">46.2%</abbr> of its health!)</small><br></div><div class="spacer battle-history"><br></div><div class="battle-history">The opposing Swampert used <strong>Scald</strong>!<br></div><div class="battle-history"><small>It's not very effective...</small><br></div><div class="battle-history"><small>(Setting Sail lost <abbr title="−34/325">10.5%</abbr> of its health!)</small><br></div><div class="spacer battle-history"><br></div><div class="battle-history"><small>The opposing Swampert restored a little HP using its Leftovers!</small><br></div><div class="spacer battle-history"><br></div><h2 class="battle-history">Turn 11</h2><div class="spacer battle-history"><br></div><div class="battle-history">The opposing Swampert used <strong>Protect</strong>!<br></div><div class="battle-history"><small>The opposing Swampert protected itself!</small><br></div><div class="spacer battle-history"><br></div><div class="battle-history">Setting Sail used <strong>Scald</strong>!<br></div><div class="battle-history"><small>The opposing Swampert protected itself!</small><br></div><div class="spacer battle-history"><br></div><div class="battle-history"><small>The opposing Swampert restored a little HP using its Leftovers!</small><br></div><div class="spacer battle-history"><br></div><h2 class="battle-history">Turn 12</h2><div class="spacer battle-history"><br></div><div class="battle-history">Omfuga withdrew Swampert!<br></div><div class="battle-history">Omfuga sent out <strong>Celebi</strong>!<br></div><div class="battle-history"><small>Pointed stones dug into the opposing Celebi!</small><br></div><div class="spacer battle-history"><br></div><div class="battle-history">Setting Sail used <strong>Rapid Spin</strong>!<br></div><div class="battle-history"><small>(The opposing Celebi lost <abbr title="−13/341">3.8%</abbr> of its health!)</small><br></div><div class="battle-history"><small>The pointed stones disappeared from around your team!</small><br></div><div class="spacer battle-history"><br></div><div class="battle-history"><small>The opposing Celebi restored a little HP using its Leftovers!</small><br></div><div class="spacer battle-history"><br></div><h2 class="battle-history">Turn 13</h2><div class="spacer battle-history"><br></div><div class="battle-history">Omfuga withdrew Celebi!<br></div><div class="battle-history">Omfuga sent out <strong>Swampert</strong>!<br></div><div class="battle-history"><small>Pointed stones dug into the opposing Swampert!</small><br></div><div class="spacer battle-history"><br></div><div class="battle-history">Setting Sail, come back!<br></div><div class="battle-history">Go! Before The Future (<strong>Klefki</strong>)!<br></div><div class="spacer battle-history"><br></div><div class="battle-history"><small>The opposing Swampert restored a little HP using its Leftovers!</small><br></div><div class="spacer battle-history"><br></div><h2 class="battle-history">Turn 14</h2><div class="spacer battle-history"><br></div><div class="battle-history">Before The Future used <strong>Switcheroo</strong>!<br></div><div class="battle-history"><small>Before The Future switched items with its target!</small><br></div><div class="battle-history"><small>The opposing Swampert obtained one Choice Band.</small><br></div><div class="battle-history"><small>Before The Future obtained one Leftovers.</small><br></div><div class="spacer battle-history"><br></div><div class="battle-history">The opposing Swampert used <strong>Earthquake</strong>!<br></div><div class="battle-history"><small>It's super effective!</small><br></div><div class="battle-history"><small>(Before The Future lost <abbr title="−318/318">100%</abbr> of its health!)</small><br></div><div class="spacer battle-history"><br></div><div class="battle-history">Before The Future fainted!<br></div><div class="spacer battle-history"><br></div><div class="battle-history">Go! Beautiful Ruin (<strong>Hydreigon</strong>)!<br></div><div class="spacer battle-history"><br></div><h2 class="battle-history">Turn 15</h2><div class="spacer battle-history"><br></div><div class="battle-history">Beautiful Ruin used <strong>U-turn</strong>!<br></div><div class="battle-history"><small>(The opposing Swampert lost <abbr title="−39/403">9.7%</abbr> of its health!)</small><br></div><div class="spacer battle-history"><br></div><div class="battle-history">Beautiful Ruin went back to Pearl ★!<br></div><div class="battle-history">Go! Ms.Monomi's Lesson (<strong>Gligar</strong>)!<br></div><div class="spacer battle-history"><br></div><div class="battle-history">The opposing Swampert used <strong>Earthquake</strong>!<br></div><div class="battle-history"><small>It doesn't affect Ms.Monomi's Lesson...</small><br></div><div class="spacer battle-history"><br></div><h2 class="battle-history">Turn 16</h2><div class="spacer battle-history"><br></div><div class="battle-history">Ms.Monomi's Lesson used <strong>U-turn</strong>!<br></div><div class="battle-history"><small>(The opposing Swampert lost <abbr title="−35/403">8.7%</abbr> of its health!)</small><br></div><div class="spacer battle-history"><br></div><div class="battle-history">Ms.Monomi's Lesson went back to Pearl ★!<br></div><div class="battle-history">Go! Beautiful Ruin (<strong>Hydreigon</strong>)!<br></div><div class="spacer battle-history"><br></div><div class="battle-history">The opposing Swampert used <strong>Earthquake</strong>!<br></div><div class="battle-history"><small>[Beautiful Ruin's Levitate]</small><br><small>It doesn't affect Beautiful Ruin...</small><br></div><div class="spacer battle-history"><br></div><h2 class="battle-history">Turn 17</h2><div class="spacer battle-history"><br></div><div class="battle-history">Omfuga withdrew Swampert!<br></div><div class="battle-history">Omfuga sent out <strong>Porygon2</strong>!<br></div><div class="battle-history"><small>Pointed stones dug into the opposing Porygon2!</small><br></div><div class="battle-history"><small>[The opposing Porygon2's Trace]</small><br><small>[The opposing Porygon2's Levitate]</small><br><small>The opposing Porygon2 traced Beautiful Ruin's Levitate!</small><br></div><div class="spacer battle-history"><br></div><div class="battle-history">Beautiful Ruin used <strong>U-turn</strong>!<br></div><div class="battle-history"><small>(The opposing Porygon2 lost <abbr title="−40/373">10.7%</abbr> of its health!)</small><br></div><div class="spacer battle-history"><br></div><div class="battle-history">Beautiful Ruin went back to Pearl ★!<br></div><div class="battle-history">Go! -HOPE VS DESPAIR- (<strong>Hoopa</strong>)!<br></div><div class="spacer battle-history"><br></div><h2 class="battle-history">Turn 18</h2><div class="spacer battle-history"><br></div><div class="battle-history">-HOPE VS DESPAIR- used <strong>Substitute</strong>!<br></div><div class="battle-history"><small>-HOPE VS DESPAIR- put in a substitute!</small><br></div><div class="battle-history"><small>(-HOPE VS DESPAIR- lost <abbr title="−77/308">25%</abbr> of its health!)</small><br></div><div class="spacer battle-history"><br></div><div class="battle-history">The opposing Porygon2 used <strong>Thunder Wave</strong>!<br></div><div class="battle-history"><small>But it failed!</small><br></div><div class="spacer battle-history"><br></div><h2 class="battle-history">Turn 19</h2><div class="spacer battle-history"><br></div><div class="battle-history">-HOPE VS DESPAIR- used <strong>Nasty Plot</strong>!<br></div><div class="battle-history"><small>-HOPE VS DESPAIR-'s Special Attack rose sharply!</small><br></div><div class="spacer battle-history"><br></div><div class="battle-history">The opposing Porygon2 used <strong>Ice Beam</strong>!<br></div><div class="battle-history"><small>The substitute took damage for -HOPE VS DESPAIR-!</small><br></div><div class="spacer battle-history"><br></div><h2 class="battle-history">Turn 20</h2><div class="spacer battle-history"><br></div><div class="battle-history">Omfuga withdrew Porygon2!<br></div><div class="battle-history">Omfuga sent out <strong>Celebi</strong>!<br></div><div class="battle-history"><small>Pointed stones dug into the opposing Celebi!</small><br></div><div class="spacer battle-history"><br></div><div class="battle-history">-HOPE VS DESPAIR- used <strong>Focus Blast</strong>!<br></div><div class="battle-history"><small>It's not very effective...</small><br></div><div class="battle-history"><small>(The opposing Celebi lost <abbr title="−183/341">53.7%</abbr> of its health!)</small><br></div><div class="spacer battle-history"><br></div><div class="battle-history"><small>The opposing Celebi restored a little HP using its Leftovers!</small><br></div><div class="spacer battle-history"><br></div><h2 class="battle-history">Turn 21</h2><div class="spacer battle-history"><br></div><div class="battle-history">The opposing Celebi used <strong>Giga Drain</strong>!<br></div><div class="battle-history"><small>-HOPE VS DESPAIR-'s substitute faded!</small><br></div><div class="battle-history"><small>-HOPE VS DESPAIR- had its energy drained!</small><br></div><div class="spacer battle-history"><br></div><div class="battle-history">-HOPE VS DESPAIR- used <strong>Substitute</strong>!<br></div><div class="battle-history"><small>-HOPE VS DESPAIR- put in a substitute!</small><br></div><div class="battle-history"><small>(-HOPE VS DESPAIR- lost <abbr title="−77/308">25%</abbr> of its health!)</small><br></div><div class="spacer battle-history"><br></div><div class="battle-history"><small>The opposing Celebi restored a little HP using its Leftovers!</small><br></div><div class="spacer battle-history"><br></div><h2 class="battle-history">Turn 22</h2><div class="spacer battle-history"><br></div><div class="battle-history">The opposing Celebi used <strong>Nasty Plot</strong>!<br></div><div class="battle-history"><small>The opposing Celebi's Special Attack rose sharply!</small><br></div><div class="spacer battle-history"><br></div><div class="battle-history">-HOPE VS DESPAIR- used <strong>Substitute</strong>!<br></div><div class="battle-history"><small>-HOPE VS DESPAIR- already has a substitute!</small><br></div><div class="spacer battle-history"><br></div><div class="battle-history"><small>The opposing Celebi restored a little HP using its Leftovers!</small><br></div><div class="spacer battle-history"><br></div><h2 class="battle-history">Turn 23</h2><div class="spacer battle-history"><br></div><div class="battle-history">The opposing Celebi used <strong>Nasty Plot</strong>!<br></div><div class="battle-history"><small>The opposing Celebi's Special Attack rose sharply!</small><br></div><div class="spacer battle-history"><br></div><div class="battle-history">-HOPE VS DESPAIR- used <strong>Substitute</strong>!<br></div><div class="battle-history"><small>-HOPE VS DESPAIR- already has a substitute!</small><br></div><div class="spacer battle-history"><br></div><div class="battle-history"><small>The opposing Celebi restored a little HP using its Leftovers!</small><br></div><div class="spacer battle-history"><br></div><h2 class="battle-history">Turn 24</h2><div class="spacer battle-history"><br></div><div class="battle-history">The opposing Celebi used <strong>Nasty Plot</strong>!<br></div><div class="battle-history"><small>The opposing Celebi's Special Attack rose sharply!</small><br></div><div class="spacer battle-history"><br></div><div class="battle-history">-HOPE VS DESPAIR- used <strong>Substitute</strong>!<br></div><div class="battle-history"><small>-HOPE VS DESPAIR- already has a substitute!</small><br></div><div class="spacer battle-history"><br></div><div class="battle-history"><small>The opposing Celebi restored a little HP using its Leftovers!</small><br></div><div class="spacer battle-history"><br></div><h2 class="battle-history">Turn 25</h2><div class="spacer battle-history"><br></div><div class="battle-history">The opposing Celebi used <strong>Nasty Plot</strong>!<br></div><div class="battle-history"><small>The opposing Celebi's Special Attack won't go any higher!</small><br></div><div class="spacer battle-history"><br></div><div class="battle-history">-HOPE VS DESPAIR- used <strong>Substitute</strong>!<br></div><div class="battle-history"><small>-HOPE VS DESPAIR- already has a substitute!</small><br></div><div class="spacer battle-history"><br></div><div class="battle-history"><small>The opposing Celebi restored a little HP using its Leftovers!</small><br></div><div class="spacer battle-history"><br></div><h2 class="battle-history">Turn 26</h2><div class="spacer battle-history"><br></div><div class="battle-history">The opposing Celebi used <strong>Nasty Plot</strong>!<br></div><div class="battle-history"><small>The opposing Celebi's Special Attack won't go any higher!</small><br></div><div class="spacer battle-history"><br></div><div class="battle-history">-HOPE VS DESPAIR- used <strong>Substitute</strong>!<br></div><div class="battle-history"><small>-HOPE VS DESPAIR- already has a substitute!</small><br></div><div class="spacer battle-history"><br></div><div class="battle-history"><small>The opposing Celebi restored a little HP using its Leftovers!</small><br></div><div class="spacer battle-history"><br></div><h2 class="battle-history">Turn 27</h2><div class="spacer battle-history"><br></div><div class="battle-history">The opposing Celebi used <strong>Giga Drain</strong>!<br></div><div class="battle-history"><small>-HOPE VS DESPAIR-'s substitute faded!</small><br></div><div class="battle-history"><small>-HOPE VS DESPAIR- had its energy drained!</small><br></div><div class="spacer battle-history"><br></div><div class="battle-history">-HOPE VS DESPAIR- used <strong>Substitute</strong>!<br></div><div class="battle-history"><small>-HOPE VS DESPAIR- put in a substitute!</small><br></div><div class="battle-history"><small>(-HOPE VS DESPAIR- lost <abbr title="−77/308">25%</abbr> of its health!)</small><br></div><div class="spacer battle-history"><br></div><div class="battle-history"><small>The opposing Celebi restored a little HP using its Leftovers!</small><br></div><div class="spacer battle-history"><br></div><h2 class="battle-history">Turn 28</h2><div class="spacer battle-history"><br></div><div class="battle-history"><small>-HOPE VS DESPAIR- ate its Custap Berry!</small><br></div><div class="battle-history"><small>-HOPE VS DESPAIR-'s Custap Berry let it move first!</small><br></div><div class="spacer battle-history"><br></div><div class="battle-history">-HOPE VS DESPAIR- used <strong>Shadow Ball</strong>!<br></div><div class="battle-history"><small>It's super effective!</small><br></div><div class="battle-history"><small>(The opposing Celebi lost <abbr title="−238/341">69.8%</abbr> of its health!)</small><br></div><div class="battle-history"><small>[-HOPE VS DESPAIR-'s Magician]</small><br><small>-HOPE VS DESPAIR- stole the opposing Celebi's Leftovers!</small><br></div><div class="spacer battle-history"><br></div><div class="battle-history">The opposing Celebi fainted!<br></div><div class="spacer battle-history"><br></div><div class="battle-history"><small>-HOPE VS DESPAIR- restored a little HP using its Leftovers!</small><br></div><div class="chat chatmessage-omfuga"><strong style="color:hsl(319,50%,48.93417352725278%)"><small>☆</small><span class="username" data-name="Omfuga">Omfuga</span>:</strong> <em>oh</em></div><div class="chat chatmessage-omfuga"><strong style="color:hsl(319,50%,48.93417352725278%)"><small>☆</small><span class="username" data-name="Omfuga">Omfuga</span>:</strong> <em>shit</em></div><div class="chat chatmessage-omfuga"><strong style="color:hsl(319,50%,48.93417352725278%)"><small>☆</small><span class="username" data-name="Omfuga">Omfuga</span>:</strong> <em>I should've win this</em></div><div class="chat chatmessage-omfuga"><strong style="color:hsl(319,50%,48.93417352725278%)"><small>☆</small><span class="username" data-name="Omfuga">Omfuga</span>:</strong> <em>I suck</em></div><div class="spacer battle-history"><br></div><div class="battle-history">Omfuga sent out <strong>Porygon2</strong>!<br></div><div class="battle-history"><small>Pointed stones dug into the opposing Porygon2!</small><br></div><div class="battle-history"><small>[The opposing Porygon2's Trace]</small><br><small>[The opposing Porygon2's Magician]</small><br><small>The opposing Porygon2 traced -HOPE VS DESPAIR-'s Magician!</small><br></div><div class="spacer battle-history"><br></div><h2 class="battle-history">Turn 29</h2><div class="spacer battle-history"><br></div><div class="battle-history">-HOPE VS DESPAIR- used <strong>Focus Blast</strong>!<br></div><div class="battle-history"><small>It's super effective!</small><br></div><div class="battle-history"><small>(The opposing Porygon2 lost <abbr title="−241/373">64.6%</abbr> of its health!)</small><br></div><div class="spacer battle-history"><br></div><div class="battle-history">The opposing Porygon2 fainted!<br></div><div class="spacer battle-history"><br></div><div class="battle-history"><small>-HOPE VS DESPAIR- restored a little HP using its Leftovers!</small><br></div><div class="spacer battle-history"><br></div><div class="battle-history">Omfuga sent out <strong>Aerodactyl</strong>!<br></div><div class="battle-history"><small>Pointed stones dug into the opposing Aerodactyl!</small><br></div><div class="spacer battle-history"><br></div><h2 class="battle-history">Turn 30</h2><div class="spacer battle-history"><br></div><div class="battle-history"><small>The opposing Aerodactyl's Aerodactylite is reacting to Omfuga's Mega Bracelet!</small><br>The opposing Aerodactyl has Mega Evolved into Mega Aerodactyl!<br></div><div class="spacer battle-history"><br></div><div class="battle-history">The opposing Aerodactyl used <strong>Aerial Ace</strong>!<br></div><div class="battle-history"><small>-HOPE VS DESPAIR-'s substitute faded!</small><br></div><div class="spacer battle-history"><br></div><div class="battle-history">-HOPE VS DESPAIR- used <strong>Shadow Ball</strong>!<br></div><div class="battle-history"><small>(The opposing Aerodactyl lost <abbr title="−256/341">75.1%</abbr> of its health!)</small><br></div><div class="spacer battle-history"><br></div><div class="battle-history">The opposing Aerodactyl fainted!<br></div><div class="spacer battle-history"><br></div><div class="battle-history"><small>-HOPE VS DESPAIR- restored a little HP using its Leftovers!</small><br></div><div class="spacer battle-history"><br></div><div class="battle-history"><small>Omfuga forfeited.</small><br></div><div class="spacer battle-history"><br></div><div class="battle-history"><strong>Pearl ★</strong> won the battle!<br></div></div><div class="inner-preempt"></div></div></div>
</div>
<script>
let daily = Math.floor(Date.now()/1000/60/60/24);document.write('<script src="https://play.pokemonshowdown.com/js/replay-embed.js?version'+daily+'"></'+'script>');
</script>
