<!DOCTYPE html>
<meta charset="utf-8" />
<!-- version 1 -->
<title>UU replay: Sandostorm vs. Qofol</title>
<style>
html,body {font-family:Verdana, sans-serif;font-size:10pt;margin:0;padding:0;}body{padding:12px 0;} .battle-log {font-family:Verdana, sans-serif;font-size:10pt;} .battle-log-inline {border:1px solid #AAAAAA;background:#EEF2F5;color:black;max-width:640px;margin:0 auto 80px;padding-bottom:5px;} .battle-log .inner {padding:4px 8px 0px 8px;} .battle-log .inner-preempt {padding:0 8px 4px 8px;} .battle-log .inner-after {margin-top:0.5em;} .battle-log h2 {margin:0.5em -8px;padding:4px 8px;border:1px solid #AAAAAA;background:#E0E7EA;border-left:0;border-right:0;font-family:Verdana, sans-serif;font-size:13pt;} .battle-log .chat {vertical-align:middle;padding:3px 0 3px 0;font-size:8pt;} .battle-log .chat strong {color:#40576A;} .battle-log .chat em {padding:1px 4px 1px 3px;color:#000000;font-style:normal;} .chat.mine {background:rgba(0,0,0,0.05);margin-left:-8px;margin-right:-8px;padding-left:8px;padding-right:8px;} .spoiler {color:#BBBBBB;background:#BBBBBB;padding:0px 3px;} .spoiler:hover, .spoiler:active, .spoiler-shown {color:#000000;background:#E2E2E2;padding:0px 3px;} .spoiler a {color:#BBBBBB;} .spoiler:hover a, .spoiler:active a, .spoiler-shown a {color:#2288CC;} .chat code, .chat .spoiler:hover code, .chat .spoiler:active code, .chat .spoiler-shown code {border:1px solid #C0C0C0;background:#EEEEEE;color:black;padding:0 2px;} .chat .spoiler code {border:1px solid #CCCCCC;background:#CCCCCC;color:#CCCCCC;} .battle-log .rated {padding:3px 4px;} .battle-log .rated strong {color:white;background:#89A;padding:1px 4px;border-radius:4px;} .spacer {margin-top:0.5em;} .message-announce {background:#6688AA;color:white;padding:1px 4px 2px;} .message-announce a, .broadcast-green a, .broadcast-blue a, .broadcast-red a {color:#DDEEFF;} .broadcast-green {background-color:#559955;color:white;padding:2px 4px;} .broadcast-blue {background-color:#6688AA;color:white;padding:2px 4px;} .infobox {border:1px solid #6688AA;padding:2px 4px;} .infobox-limited {max-height:200px;overflow:auto;overflow-x:hidden;} .broadcast-red {background-color:#AA5544;color:white;padding:2px 4px;} .message-learn-canlearn {font-weight:bold;color:#228822;text-decoration:underline;} .message-learn-cannotlearn {font-weight:bold;color:#CC2222;text-decoration:underline;} .message-effect-weak {font-weight:bold;color:#CC2222;} .message-effect-resist {font-weight:bold;color:#6688AA;} .message-effect-immune {font-weight:bold;color:#666666;} .message-learn-list {margin-top:0;margin-bottom:0;} .message-throttle-notice, .message-error {color:#992222;} .message-overflow, .chat small.message-overflow {font-size:0pt;} .message-overflow::before {font-size:9pt;content:'...';} .subtle {color:#3A4A66;}
</style>
<div class="wrapper replay-wrapper" style="max-width:1180px;margin:0 auto">
<input type="hidden" name="replayid" value="uu-557546495" />
<div class="battle"></div><div class="battle-log"></div><div class="replay-controls"></div><div class="replay-controls-2"></div>
<h1 style="font-weight:normal;text-align:center"><strong>UU</strong><br /><a href="http://pokemonshowdown.com/users/sandostorm" class="subtle" target="_blank">Sandostorm</a> vs. <a href="http://pokemonshowdown.com/users/qofol" class="subtle" target="_blank">Qofol</a></h1>
<script type="text/plain" class="battle-log-data">|j|Sandostorm
|j|Qofol
|player|p1|Sandostorm|218
|player|p2|Qofol|224
|gametype|singles
|gen|6
|tier|UU
|rated
|seed|20647,49421,47506,31086
|rule|Sleep Clause Mod: Limit one foe put to sleep
|rule|Species Clause: Limit one of each Pokémon
|rule|OHKO Clause: OHKO moves are banned
|rule|Moody Clause: Moody is banned
|rule|Evasion Moves Clause: Evasion moves are banned
|rule|Endless Battle Clause: Forcing endless battles is banned
|rule|HP Percentage Mod: HP is shown in percentages
|clearpoke
|poke|p1|Mamoswine, M|item
|poke|p1|Espeon, F|item
|poke|p1|Suicune|item
|poke|p1|Aggron, F|item
|poke|p1|Blissey, F|item
|poke|p1|Mandibuzz, F|item
|poke|p2|Magneton|item
|poke|p2|Blastoise, M|item
|poke|p2|Machamp, F|item
|poke|p2|Masquerain, F|item
|poke|p2|Mamoswine, F|item
|poke|p2|Dusclops, F|item
|rule|Swagger Clause: Swagger is banned
|rule|Baton Pass Clause: Limit one Baton Passer, can't pass Spe and other stats simultaneously
|teampreview
|choice|team 1, team 2, team 3, team 4, team 5, team 6|team 4, team 2, team 3, team 1, team 5, team 6
|
|start
|switch|p1a: Mamoswine|Mamoswine, M|389\/389
|switch|p2a: Masquerain|Masquerain, F|281\/281
|-ability|p2a: Masquerain|Intimidate|boost
|-unboost|p1a: Mamoswine|atk|1
|turn|1
|choice|move iciclecrash|move stickyweb
|
|move|p2a: Masquerain|Sticky Web|p1a: Mamoswine
|-sidestart|p1: Sandostorm|move: Sticky Web
|move|p1a: Mamoswine|Icicle Crash|p2a: Masquerain
|-supereffective|p2a: Masquerain
|-enditem|p2a: Masquerain|Focus Sash
|-damage|p2a: Masquerain|1\/281
|
|upkeep
|turn|2
|choice|move iceshard|switch 6
|
|switch|p2a: Dusclops|Dusclops, F|284\/284
|-item|p1a: Mamoswine|Focus Sash|[from] ability: Frisk|[of] p2a: Dusclops|[identify]
|move|p1a: Mamoswine|Ice Shard|p2a: Dusclops
|-damage|p2a: Dusclops|262\/284
|
|upkeep
|turn|3
|choice|switch 4|move willowisp
|
|switch|p1a: Aggron|Aggron, F|343\/343
|-activate|p1a: Aggron|move: Sticky Web
|-unboost|p1a: Aggron|spe|1
|move|p2a: Dusclops|Will-O-Wisp|p1a: Aggron|[miss]
|-miss|p2a: Dusclops|p1a: Aggron
|
|upkeep
|turn|4
|choice|move stealthrock mega|move willowisp
|
|detailschange|p1a: Aggron|Aggron-Mega, F
|-mega|p1a: Aggron|Aggron|Aggronite
|move|p1a: Aggron|Stealth Rock|p2a: Dusclops
|-sidestart|p2: Qofol|move: Stealth Rock
|move|p2a: Dusclops|Will-O-Wisp|p1a: Aggron
|-status|p1a: Aggron|brn
|
|-damage|p1a: Aggron|301\/343 brn|[from] brn
|upkeep
|turn|5
|choice|switch 5|switch 2
|
|switch|p1a: Blissey|Blissey, F|714\/714
|-activate|p1a: Blissey|move: Sticky Web
|-unboost|p1a: Blissey|spe|1
|switch|p2a: Blastoise|Blastoise, M|362\/362
|-damage|p2a: Blastoise|317\/362|[from] Stealth Rock
|
|upkeep
|turn|6
|choice|move toxic|move rapidspin mega
|
|detailschange|p2a: Blastoise|Blastoise-Mega, M
|-mega|p2a: Blastoise|Blastoise|Blastoisinite
|move|p2a: Blastoise|Rapid Spin|p1a: Blissey
|-damage|p1a: Blissey|688\/714
|-sideend|p2: Qofol|Stealth Rock|[from] move: Rapid Spin|[of] p2a: Blastoise
|move|p1a: Blissey|Toxic|p2a: Blastoise|[miss]
|-miss|p1a: Blissey|p2a: Blastoise
|
|-heal|p1a: Blissey|714\/714|[from] item: Leftovers
|upkeep
|turn|7
|choice|move toxic|switch 3
|
|switch|p2a: Machamp|Machamp, F|326\/326
|move|p1a: Blissey|Toxic|p2a: Machamp
|-status|p2a: Machamp|tox
|
|-damage|p2a: Machamp|306\/326 tox|[from] psn
|upkeep
|turn|8
|choice|switch 3|move knockoff
|
|switch|p1a: Suicune|Suicune|404\/404
|-activate|p1a: Suicune|move: Sticky Web
|-unboost|p1a: Suicune|spe|1
|-ability|p1a: Suicune|Pressure
|move|p2a: Machamp|Knock Off|p1a: Suicune
|-damage|p1a: Suicune|274\/404
|-enditem|p1a: Suicune|Leftovers|[from] move: Knock Off|[of] p2a: Machamp
|
|-damage|p2a: Machamp|266\/326 tox|[from] psn
|upkeep
|turn|9
|choice|move rest|move closecombat
|
|move|p2a: Machamp|Close Combat|p1a: Suicune
|-damage|p1a: Suicune|31\/404
|-unboost|p2a: Machamp|def|1
|-unboost|p2a: Machamp|spd|1
|move|p1a: Suicune|Rest|p1a: Suicune
|-status|p1a: Suicune|slp
|-heal|p1a: Suicune|404\/404 slp|[silent]
|-status|p1a: Suicune|slp|[from] move: Rest
|
|-damage|p2a: Machamp|206\/326 tox|[from] psn
|upkeep
|turn|10
|choice|switch 6|switch 4
|
|switch|p2a: Magneton|Magneton|241\/241
|switch|p1a: Mandibuzz|Mandibuzz, F|423\/423
|
|upkeep
|turn|11
|choice|switch 3|move flashcannon
|
|switch|p1a: Blissey|Blissey, F|714\/714
|-activate|p1a: Blissey|move: Sticky Web
|-unboost|p1a: Blissey|spe|1
|move|p2a: Magneton|Flash Cannon|p1a: Blissey
|-damage|p1a: Blissey|626\/714
|
|-heal|p1a: Blissey|670\/714|[from] item: Leftovers
|upkeep
|turn|12
|choice|move seismictoss|switch 4
|
|switch|p2a: Machamp|Machamp, F|206\/326 tox
|move|p1a: Blissey|Seismic Toss|p2a: Machamp
|-damage|p2a: Machamp|106\/326 tox
|
|-heal|p1a: Blissey|714\/714|[from] item: Leftovers
|-damage|p2a: Machamp|86\/326 tox|[from] psn
|upkeep
|turn|13
|choice|switch 3|move closecombat
|
|switch|p1a: Mandibuzz|Mandibuzz, F|423\/423
|move|p2a: Machamp|Close Combat|p1a: Mandibuzz
|-damage|p1a: Mandibuzz|161\/423
|-damage|p2a: Machamp|32\/326 tox|[from] item: Rocky Helmet|[of] p1a: Mandibuzz
|-unboost|p2a: Machamp|def|1
|-unboost|p2a: Machamp|spd|1
|
|-damage|p2a: Machamp|0 fnt|[from] psn
|upkeep
|faint|p2a: Machamp
|choice||switch 5
|
|switch|p2a: Mamoswine|Mamoswine, F|361\/361
|turn|14
|choice|move roost|move iciclecrash
|
|move|p2a: Mamoswine|Icicle Crash|p1a: Mandibuzz
|-supereffective|p1a: Mandibuzz
|-damage|p1a: Mandibuzz|0 fnt
|-damage|p2a: Mamoswine|325\/361|[from] item: Life Orb
|faint|p1a: Mandibuzz
|
|upkeep
|choice|switch 2|
|
|switch|p1a: Espeon|Espeon, F|271\/271
|-activate|p1a: Espeon|move: Sticky Web
|-unboost|p1a: Espeon|spe|1
|turn|15
|choice|move grassknot|move knockoff
|
|move|p1a: Espeon|Grass Knot|p2a: Mamoswine
|-supereffective|p2a: Mamoswine
|-damage|p2a: Mamoswine|0 fnt
|faint|p2a: Mamoswine
|
|upkeep
|choice||switch 4
|
|switch|p2a: Magneton|Magneton|241\/241
|turn|16
|choice|switch 3|move flashcannon
|
|switch|p1a: Blissey|Blissey, F|714\/714
|-activate|p1a: Blissey|move: Sticky Web
|-unboost|p1a: Blissey|spe|1
|move|p2a: Magneton|Flash Cannon|p1a: Blissey
|-damage|p1a: Blissey|618\/714
|
|-heal|p1a: Blissey|662\/714|[from] item: Leftovers
|upkeep
|turn|17
|choice|move toxic|switch 2
|
|switch|p2a: Dusclops|Dusclops, F|262\/284
|-item|p1a: Blissey|Leftovers|[from] ability: Frisk|[of] p2a: Dusclops|[identify]
|move|p1a: Blissey|Toxic|p2a: Dusclops
|-status|p2a: Dusclops|tox
|
|-heal|p1a: Blissey|706\/714|[from] item: Leftovers
|-damage|p2a: Dusclops|245\/284 tox|[from] psn
|upkeep
|turn|18
|choice|switch 5|move painsplit
|
|switch|p1a: Aggron|Aggron-Mega, F|301\/343 brn
|-activate|p1a: Aggron|move: Sticky Web
|-unboost|p1a: Aggron|spe|1
|move|p2a: Dusclops|Pain Split|p1a: Aggron
|-sethp|p1a: Aggron|273\/343 brn|p2a: Dusclops|273\/284 tox|[from] move: Pain Split
|
|-damage|p1a: Aggron|231\/343 brn|[from] brn
|-damage|p2a: Dusclops|239\/284 tox|[from] psn
|upkeep
|turn|19
|choice|move rest|switch 3
|
|switch|p2a: Blastoise|Blastoise-Mega, M|317\/362
|move|p1a: Aggron|Rest|p1a: Aggron
|-status|p1a: Aggron|slp
|-heal|p1a: Aggron|343\/343 slp|[silent]
|-status|p1a: Aggron|slp|[from] move: Rest
|
|upkeep
|turn|20
|choice|switch 5|move scald
|
|switch|p1a: Blissey|Blissey, F|706\/714
|-activate|p1a: Blissey|move: Sticky Web
|-unboost|p1a: Blissey|spe|1
|move|p2a: Blastoise|Scald|p1a: Blissey
|-damage|p1a: Blissey|615\/714
|
|-heal|p1a: Blissey|659\/714|[from] item: Leftovers
|upkeep
|turn|21
|choice|move healbell|switch 3
|
|switch|p2a: Dusclops|Dusclops, F|239\/284 tox
|-item|p1a: Blissey|Leftovers|[from] ability: Frisk|[of] p2a: Dusclops|[identify]
|move|p1a: Blissey|Heal Bell|p1a: Blissey
|-activate|p1a: Blissey|move: Heal Bell
|-curestatus|p1: Aggron|slp|[msg]
|-curestatus|p1: Suicune|slp|[msg]
|
|-heal|p1a: Blissey|703\/714|[from] item: Leftovers
|-damage|p2a: Dusclops|222\/284 tox|[from] psn
|upkeep
|turn|22
|choice|switch 3|move willowisp
|
|switch|p1a: Espeon|Espeon, F|271\/271
|-activate|p1a: Espeon|move: Sticky Web
|-unboost|p1a: Espeon|spe|1
|move|p2a: Dusclops|Will-O-Wisp|p1a: Espeon
|move|p1a: Espeon|Will-O-Wisp|p2a: Dusclops|[from]Magic Bounce
|-fail|p2a: Dusclops
|
|-damage|p2a: Dusclops|188\/284 tox|[from] psn
|upkeep
|turn|23
|choice|move trick|switch 6
|
|switch|p2a: Masquerain|Masquerain, F|1\/281
|-ability|p2a: Masquerain|Intimidate|boost
|-unboost|p1a: Espeon|atk|1
|move|p1a: Espeon|Trick|p2a: Masquerain
|-activate|p1a: Espeon|move: Trick|[of] p2a: Masquerain
|-item|p2a: Masquerain|Choice Scarf|[from] move: Trick
|-enditem|p1a: Espeon|Choice Scarf|[silent]|[from] move: Trick
|
|upkeep
|turn|24
|choice|switch 6|move uturn
|
|switch|p1a: Suicune|Suicune|404\/404
|-activate|p1a: Suicune|move: Sticky Web
|-unboost|p1a: Suicune|spe|1
|-ability|p1a: Suicune|Pressure
|move|p2a: Masquerain|U-turn|p1a: Suicune
|-damage|p1a: Suicune|371\/404
|choice||switch 2
|
|switch|p2a: Magneton|Magneton|241\/241
|
|upkeep
|turn|25
|choice|switch 3|move voltswitch
|
|switch|p1a: Blissey|Blissey, F|703\/714
|-activate|p1a: Blissey|move: Sticky Web
|-unboost|p1a: Blissey|spe|1
|move|p2a: Magneton|Volt Switch|p1a: Blissey
|-damage|p1a: Blissey|625\/714
|choice||switch 6
|
|switch|p2a: Dusclops|Dusclops, F|188\/284 tox
|-item|p1a: Blissey|Leftovers|[from] ability: Frisk|[of] p2a: Dusclops|[identify]
|
|-heal|p1a: Blissey|669\/714|[from] item: Leftovers
|-damage|p2a: Dusclops|171\/284 tox|[from] psn
|upkeep
|turn|26
|choice|switch 3|move painsplit
|
|switch|p1a: Suicune|Suicune|371\/404
|-activate|p1a: Suicune|move: Sticky Web
|-unboost|p1a: Suicune|spe|1
|-ability|p1a: Suicune|Pressure
|move|p2a: Dusclops|Pain Split|p1a: Suicune
|-sethp|p1a: Suicune|271\/404|p2a: Dusclops|271\/284 tox|[from] move: Pain Split
|
|-damage|p2a: Dusclops|237\/284 tox|[from] psn
|upkeep
|turn|27
|choice|move scald|move thunderpunch
|
|move|p1a: Suicune|Scald|p2a: Dusclops
|-damage|p2a: Dusclops|189\/284 tox
|move|p2a: Dusclops|Thunder Punch|p1a: Suicune
|-supereffective|p1a: Suicune
|-damage|p1a: Suicune|215\/404
|
|-damage|p2a: Dusclops|138\/284 tox|[from] psn
|upkeep
|turn|28
|choice|move rest|move willowisp
|
|move|p1a: Suicune|Rest|p1a: Suicune
|-status|p1a: Suicune|slp
|-heal|p1a: Suicune|404\/404 slp|[silent]
|-status|p1a: Suicune|slp|[from] move: Rest
|move|p2a: Dusclops|Will-O-Wisp|p1a: Suicune
|-fail|p1a: Suicune
|
|-damage|p2a: Dusclops|70\/284 tox|[from] psn
|upkeep
|turn|29
|choice|switch 6|move painsplit
|
|switch|p1a: Espeon|Espeon, F|271\/271
|-activate|p1a: Espeon|move: Sticky Web
|-unboost|p1a: Espeon|spe|1
|move|p2a: Dusclops|Pain Split|p1a: Espeon
|-sethp|p1a: Espeon|170\/271|p2a: Dusclops|170\/284 tox|[from] move: Pain Split
|
|-damage|p2a: Dusclops|85\/284 tox|[from] psn
|upkeep
|turn|30
|choice|move psychic|switch 6
|
|switch|p2a: Magneton|Magneton|241\/241
|move|p1a: Espeon|Psychic|p2a: Magneton
|-resisted|p2a: Magneton
|-damage|p2a: Magneton|143\/241
|
|upkeep
|turn|31
|choice|move psychic|move voltswitch
|
|move|p2a: Magneton|Volt Switch|p1a: Espeon
|-damage|p1a: Espeon|40\/271
|choice||switch 2
|
|switch|p2a: Masquerain|Masquerain, F|1\/281
|-ability|p2a: Masquerain|Intimidate|boost
|-unboost|p1a: Espeon|atk|1
|move|p1a: Espeon|Psychic|p2a: Masquerain
|-crit|p2a: Masquerain
|-damage|p2a: Masquerain|0 fnt
|faint|p2a: Masquerain
|
|upkeep
|choice||switch 2
|
|switch|p2a: Magneton|Magneton|143\/241
|turn|32
|choice|switch 3|move voltswitch
|
|switch|p1a: Blissey|Blissey, F|669\/714
|-activate|p1a: Blissey|move: Sticky Web
|-unboost|p1a: Blissey|spe|1
|move|p2a: Magneton|Volt Switch|p1a: Blissey
|-damage|p1a: Blissey|581\/714
|choice||switch 6
|
|switch|p2a: Dusclops|Dusclops, F|85\/284 tox
|-item|p1a: Blissey|Leftovers|[from] ability: Frisk|[of] p2a: Dusclops|[identify]
|
|-heal|p1a: Blissey|625\/714|[from] item: Leftovers
|-damage|p2a: Dusclops|68\/284 tox|[from] psn
|upkeep
|turn|33
|choice|switch 6|move thunderpunch
|
|switch|p1a: Suicune|Suicune|404\/404 slp
|-activate|p1a: Suicune|move: Sticky Web
|-unboost|p1a: Suicune|spe|1
|-ability|p1a: Suicune|Pressure
|move|p2a: Dusclops|Thunder Punch|p1a: Suicune
|-supereffective|p1a: Suicune
|-damage|p1a: Suicune|340\/404 slp
|
|-damage|p2a: Dusclops|34\/284 tox|[from] psn
|upkeep
|turn|34
|choice|switch 3|move painsplit
|
|switch|p1a: Espeon|Espeon, F|40\/271
|-activate|p1a: Espeon|move: Sticky Web
|-unboost|p1a: Espeon|spe|1
|move|p2a: Dusclops|Pain Split|p1a: Espeon
|-sethp|p1a: Espeon|37\/271|p2a: Dusclops|37\/284 tox|[from] move: Pain Split
|
|-damage|p2a: Dusclops|0 fnt|[from] psn
|upkeep
|faint|p2a: Dusclops
|choice||switch 6
|
|switch|p2a: Magneton|Magneton|143\/241
|turn|35
|choice|switch 6|move voltswitch
|
|switch|p1a: Blissey|Blissey, F|625\/714
|-activate|p1a: Blissey|move: Sticky Web
|-unboost|p1a: Blissey|spe|1
|move|p2a: Magneton|Volt Switch|p1a: Blissey
|-damage|p1a: Blissey|546\/714
|choice||switch 3
|
|switch|p2a: Blastoise|Blastoise-Mega, M|317\/362
|
|-heal|p1a: Blissey|590\/714|[from] item: Leftovers
|upkeep
|turn|36
|choice|move seismictoss|move darkpulse
|
|move|p2a: Blastoise|Dark Pulse|p1a: Blissey
|-damage|p1a: Blissey|505\/714
|move|p1a: Blissey|Seismic Toss|p2a: Blastoise
|-damage|p2a: Blastoise|217\/362
|
|-heal|p1a: Blissey|549\/714|[from] item: Leftovers
|upkeep
|turn|37
|choice|move toxic|move scald
|
|move|p2a: Blastoise|Scald|p1a: Blissey
|-damage|p1a: Blissey|458\/714
|-status|p1a: Blissey|brn
|move|p1a: Blissey|Toxic|p2a: Blastoise
|-status|p2a: Blastoise|tox
|
|-heal|p1a: Blissey|502\/714 brn|[from] item: Leftovers
|-damage|p2a: Blastoise|195\/362 tox|[from] psn
|-damage|p1a: Blissey|413\/714 brn|[from] brn
|upkeep
|turn|38
|choice|move healbell|move scald
|
|move|p2a: Blastoise|Scald|p1a: Blissey
|-damage|p1a: Blissey|334\/714 brn
|move|p1a: Blissey|Heal Bell|p1a: Blissey
|-activate|p1a: Blissey|move: Heal Bell
|-curestatus|p1a: Blissey|brn|[msg]
|-curestatus|p1: Suicune|slp|[msg]
|
|-heal|p1a: Blissey|378\/714|[from] item: Leftovers
|-damage|p2a: Blastoise|151\/362 tox|[from] psn
|upkeep
|turn|39
|choice|move softboiled|move scald
|
|move|p2a: Blastoise|Scald|p1a: Blissey
|-damage|p1a: Blissey|287\/714
|move|p1a: Blissey|Soft-Boiled|p1a: Blissey
|-heal|p1a: Blissey|644\/714
|
|-heal|p1a: Blissey|688\/714|[from] item: Leftovers
|-damage|p2a: Blastoise|85\/362 tox|[from] psn
|upkeep
|turn|40
|c|☆Sandostorm|gg
|choice|move softboiled|move rest
|
|move|p2a: Blastoise|Rest|p2a: Blastoise
|-status|p2a: Blastoise|slp
|-heal|p2a: Blastoise|362\/362 slp|[silent]
|-status|p2a: Blastoise|slp|[from] move: Rest
|move|p1a: Blissey|Soft-Boiled|p1a: Blissey
|-heal|p1a: Blissey|714\/714
|
|upkeep
|turn|41
|choice|switch 6|move scald
|
|switch|p1a: Espeon|Espeon, F|37\/271
|-activate|p1a: Espeon|move: Sticky Web
|-unboost|p1a: Espeon|spe|1
|cant|p2a: Blastoise|slp
|
|upkeep
|turn|42
|choice|move grassknot|switch 3
|
|switch|p2a: Magneton|Magneton|143\/241
|move|p1a: Espeon|Grass Knot|p2a: Magneton
|-resisted|p2a: Magneton
|-damage|p2a: Magneton|82\/241
|
|upkeep
|turn|43
|choice|switch 6|move voltswitch
|
|switch|p1a: Blissey|Blissey, F|714\/714
|-activate|p1a: Blissey|move: Sticky Web
|-unboost|p1a: Blissey|spe|1
|move|p2a: Magneton|Volt Switch|p1a: Blissey
|-damage|p1a: Blissey|635\/714
|choice||switch 3
|
|switch|p2a: Blastoise|Blastoise-Mega, M|362\/362 slp
|
|-heal|p1a: Blissey|679\/714|[from] item: Leftovers
|upkeep
|turn|44
|choice|switch 3|move scald
|
|switch|p1a: Suicune|Suicune|340\/404
|-activate|p1a: Suicune|move: Sticky Web
|-unboost|p1a: Suicune|spe|1
|-ability|p1a: Suicune|Pressure
|cant|p2a: Blastoise|slp
|
|upkeep
|turn|45
|choice|switch 3|move darkpulse
|
|switch|p1a: Blissey|Blissey, F|679\/714
|-activate|p1a: Blissey|move: Sticky Web
|-unboost|p1a: Blissey|spe|1
|-curestatus|p2a: Blastoise|slp|[msg]
|move|p2a: Blastoise|Dark Pulse|p1a: Blissey
|-damage|p1a: Blissey|595\/714
|
|-heal|p1a: Blissey|639\/714|[from] item: Leftovers
|upkeep
|turn|46
|choice|move seismictoss|move scald
|
|move|p2a: Blastoise|Scald|p1a: Blissey
|-damage|p1a: Blissey|560\/714
|move|p1a: Blissey|Seismic Toss|p2a: Blastoise
|-damage|p2a: Blastoise|262\/362
|
|-heal|p1a: Blissey|604\/714|[from] item: Leftovers
|upkeep
|turn|47
|choice|move toxic|move scald
|
|move|p2a: Blastoise|Scald|p1a: Blissey
|-damage|p1a: Blissey|511\/714
|move|p1a: Blissey|Toxic|p2a: Blastoise
|-status|p2a: Blastoise|tox
|
|-heal|p1a: Blissey|555\/714|[from] item: Leftovers
|-damage|p2a: Blastoise|240\/362 tox|[from] psn
|upkeep
|turn|48
|choice|switch 3|move scald
|
|switch|p1a: Suicune|Suicune|340\/404
|-activate|p1a: Suicune|move: Sticky Web
|-unboost|p1a: Suicune|spe|1
|-ability|p1a: Suicune|Pressure
|move|p2a: Blastoise|Scald|p1a: Suicune
|-resisted|p1a: Suicune
|-damage|p1a: Suicune|281\/404
|-status|p1a: Suicune|brn
|
|-damage|p2a: Blastoise|196\/362 tox|[from] psn
|-damage|p1a: Suicune|231\/404 brn|[from] brn
|upkeep
|turn|49
|l|Sandostorm
|player|p1|
|j|Sandostorm
|player|p1|Sandostorm|218
|l|Sandostorm
|player|p1|
|j|Sandostorm
|player|p1|Sandostorm|218
|c|☆Sandostorm|WTF
|-message|Sandostorm lost due to inactivity.
|
|win|Qofol
|raw|Sandostorm's rating: 1575 &rarr; <strong>1544<\/strong><br \/>(-31 for losing)
|raw|Qofol's rating: 1359 &rarr; <strong>1390<\/strong><br \/>(+31 for winning)
|c|☆Sandostorm|im done with this game lol
|j|King÷SwordYT
|l|King÷SwordYT
|l|Sandostorm
|j|Sandostorm</script>
</div>
<div class="battle-log battle-log-inline"><div class="inner"><div class="battle-options"></div><div class="inner"><div class="chat"><small>Sandostorm joined.</small></div><div class="chat"><small>Qofol joined.</small></div><div class=""><small>Format:</small> <br><strong>UU</strong></div><div class="rated"><strong>Rated battle</strong></div><div class=""><small><em>Sleep Clause Mod:</em> Limit one foe put to sleep</small></div><div class=""><small><em>Species Clause:</em> Limit one of each Pokémon</small></div><div class=""><small><em>OHKO Clause:</em> OHKO moves are banned</small></div><div class=""><small><em>Moody Clause:</em> Moody is banned</small></div><div class=""><small><em>Evasion Moves Clause:</em> Evasion moves are banned</small></div><div class=""><small><em>Endless Battle Clause:</em> Forcing endless battles is banned</small></div><div class=""><small><em>HP Percentage Mod:</em> HP is shown in percentages</small></div><div class=""><small><em>Swagger Clause:</em> Swagger is banned</small></div><div class=""><small><em>Baton Pass Clause:</em> Limit one Baton Passer, can't pass Spe and other stats simultaneously</small></div><div class="chat battle-history"><strong>Sandostorm's team:</strong> <em style="color:#445566;display:block;">Mamoswine / Espeon / Suicune / Aggron / Blissey / Mandibuzz</em></div><div class="chat battle-history"><strong>Qofol's team:</strong> <em style="color:#445566;display:block;">Magneton / Blastoise / Machamp / Masquerain / Mamoswine / Dusclops</em></div><div class="spacer battle-history"><br></div><div class="battle-history">Battle started between Sandostorm and Qofol!<br></div><div class="spacer battle-history"><br></div><div class="battle-history">Go! <strong>Mamoswine</strong>!<br></div><div class="spacer battle-history"><br></div><div class="battle-history">Qofol sent out <strong>Masquerain</strong>!<br></div><div class="battle-history"><small>[The opposing Masquerain's Intimidate]</small><br></div><div class="battle-history"><small>Mamoswine's Attack fell!</small><br></div><div class="spacer battle-history"><br></div><h2 class="battle-history">Turn 1</h2><div class="spacer battle-history"><br></div><div class="battle-history">The opposing Masquerain used <strong>Sticky Web</strong>!<br></div><div class="battle-history"><small>A sticky web spreads out on the ground around your team!</small><br></div><div class="spacer battle-history"><br></div><div class="battle-history">Mamoswine used <strong>Icicle Crash</strong>!<br></div><div class="battle-history"><small>It's super effective!</small><br></div><div class="battle-history"><small>The opposing Masquerain hung on using its Focus Sash!</small><br></div><div class="battle-history"><small>(The opposing Masquerain lost <abbr title="−280/281">99.6%</abbr> of its health!)</small><br></div><div class="spacer battle-history"><br></div><h2 class="battle-history">Turn 2</h2><div class="spacer battle-history"><br></div><div class="battle-history">Qofol withdrew Masquerain!<br></div><div class="battle-history">Qofol sent out <strong>Dusclops</strong>!<br></div><div class="battle-history"><small>[The opposing Dusclops's Frisk]</small><br><small>The opposing Dusclops frisked Mamoswine and found its Focus Sash!</small><br></div><div class="spacer battle-history"><br></div><div class="battle-history">Mamoswine used <strong>Ice Shard</strong>!<br></div><div class="battle-history"><small>(The opposing Dusclops lost <abbr title="−22/284">7.7%</abbr> of its health!)</small><br></div><div class="spacer battle-history"><br></div><h2 class="battle-history">Turn 3</h2><div class="spacer battle-history"><br></div><div class="battle-history">Mamoswine, come back!<br></div><div class="battle-history">Go! <strong>Aggron</strong>!<br></div><div class="battle-history"><small>Aggron was caught in a sticky web!</small><br></div><div class="battle-history"><small>Aggron's Speed fell!</small><br></div><div class="spacer battle-history"><br></div><div class="battle-history">The opposing Dusclops used <strong>Will-O-Wisp</strong>!<br></div><div class="battle-history"><small>Aggron avoided the attack!</small><br></div><div class="spacer battle-history"><br></div><h2 class="battle-history">Turn 4</h2><div class="spacer battle-history"><br></div><div class="battle-history"><small>Aggron's Aggronite is reacting to Sandostorm's Mega Bracelet!</small><br>Aggron has Mega Evolved into Mega Aggron!<br></div><div class="spacer battle-history"><br></div><div class="battle-history">Aggron used <strong>Stealth Rock</strong>!<br></div><div class="battle-history"><small>Pointed stones float in the air around the opposing team!</small><br></div><div class="spacer battle-history"><br></div><div class="battle-history">The opposing Dusclops used <strong>Will-O-Wisp</strong>!<br></div><div class="battle-history"><small>Aggron was burned!</small><br></div><div class="spacer battle-history"><br></div><div class="battle-history"><small>Aggron was hurt by its burn!</small><br></div><div class="spacer battle-history"><br></div><h2 class="battle-history">Turn 5</h2><div class="spacer battle-history"><br></div><div class="battle-history">Aggron, come back!<br></div><div class="battle-history">Go! <strong>Blissey</strong>!<br></div><div class="battle-history"><small>Blissey was caught in a sticky web!</small><br></div><div class="battle-history"><small>Blissey's Speed fell!</small><br></div><div class="spacer battle-history"><br></div><div class="battle-history">Qofol withdrew Dusclops!<br></div><div class="battle-history">Qofol sent out <strong>Blastoise</strong>!<br></div><div class="battle-history"><small>Pointed stones dug into the opposing Blastoise!</small><br></div><div class="spacer battle-history"><br></div><h2 class="battle-history">Turn 6</h2><div class="spacer battle-history"><br></div><div class="battle-history"><small>The opposing Blastoise's Blastoisinite is reacting to Qofol's Mega Bracelet!</small><br>The opposing Blastoise has Mega Evolved into Mega Blastoise!<br></div><div class="spacer battle-history"><br></div><div class="battle-history">The opposing Blastoise used <strong>Rapid Spin</strong>!<br></div><div class="battle-history"><small>(Blissey lost <abbr title="−26/714">3.6%</abbr> of its health!)</small><br></div><div class="battle-history"><small>The pointed stones disappeared from around the opposing team!</small><br></div><div class="spacer battle-history"><br></div><div class="battle-history">Blissey used <strong>Toxic</strong>!<br></div><div class="battle-history"><small>The opposing Blastoise avoided the attack!</small><br></div><div class="spacer battle-history"><br></div><div class="battle-history"><small>Blissey restored a little HP using its Leftovers!</small><br></div><div class="spacer battle-history"><br></div><h2 class="battle-history">Turn 7</h2><div class="spacer battle-history"><br></div><div class="battle-history">Qofol withdrew Blastoise!<br></div><div class="battle-history">Qofol sent out <strong>Machamp</strong>!<br></div><div class="spacer battle-history"><br></div><div class="battle-history">Blissey used <strong>Toxic</strong>!<br></div><div class="battle-history"><small>The opposing Machamp was badly poisoned!</small><br></div><div class="spacer battle-history"><br></div><div class="battle-history"><small>The opposing Machamp was hurt by poison!</small><br></div><div class="spacer battle-history"><br></div><h2 class="battle-history">Turn 8</h2><div class="spacer battle-history"><br></div><div class="battle-history">Blissey, come back!<br></div><div class="battle-history">Go! <strong>Suicune</strong>!<br></div><div class="battle-history"><small>Suicune was caught in a sticky web!</small><br></div><div class="battle-history"><small>Suicune's Speed fell!</small><br></div><div class="battle-history"><small>[Suicune's Pressure]</small><br><small>Suicune is exerting its pressure!</small><br></div><div class="spacer battle-history"><br></div><div class="battle-history">The opposing Machamp used <strong>Knock Off</strong>!<br></div><div class="battle-history"><small>(Suicune lost <abbr title="−130/404">32.2%</abbr> of its health!)</small><br></div><div class="battle-history"><small>The opposing Machamp knocked off Suicune's Leftovers!</small><br></div><div class="spacer battle-history"><br></div><div class="battle-history"><small>The opposing Machamp was hurt by poison!</small><br></div><div class="spacer battle-history"><br></div><h2 class="battle-history">Turn 9</h2><div class="spacer battle-history"><br></div><div class="battle-history">The opposing Machamp used <strong>Close Combat</strong>!<br></div><div class="battle-history"><small>(Suicune lost <abbr title="−243/404">60.1%</abbr> of its health!)</small><br></div><div class="battle-history"><small>The opposing Machamp's Defense fell!</small><br></div><div class="battle-history"><small>The opposing Machamp's Special Defense fell!</small><br></div><div class="spacer battle-history"><br></div><div class="battle-history">Suicune used <strong>Rest</strong>!<br></div><div class="battle-history"><small>Suicune fell asleep!</small><br></div><div class="battle-history"><small>Suicune slept and became healthy!</small><br></div><div class="spacer battle-history"><br></div><div class="battle-history"><small>The opposing Machamp was hurt by poison!</small><br></div><div class="spacer battle-history"><br></div><h2 class="battle-history">Turn 10</h2><div class="spacer battle-history"><br></div><div class="battle-history">Qofol withdrew Machamp!<br></div><div class="battle-history">Qofol sent out <strong>Magneton</strong>!<br></div><div class="spacer battle-history"><br></div><div class="battle-history">Suicune, come back!<br></div><div class="battle-history">Go! <strong>Mandibuzz</strong>!<br></div><div class="spacer battle-history"><br></div><h2 class="battle-history">Turn 11</h2><div class="spacer battle-history"><br></div><div class="battle-history">Mandibuzz, come back!<br></div><div class="battle-history">Go! <strong>Blissey</strong>!<br></div><div class="battle-history"><small>Blissey was caught in a sticky web!</small><br></div><div class="battle-history"><small>Blissey's Speed fell!</small><br></div><div class="spacer battle-history"><br></div><div class="battle-history">The opposing Magneton used <strong>Flash Cannon</strong>!<br></div><div class="battle-history"><small>(Blissey lost <abbr title="−88/714">12.3%</abbr> of its health!)</small><br></div><div class="spacer battle-history"><br></div><div class="battle-history"><small>Blissey restored a little HP using its Leftovers!</small><br></div><div class="spacer battle-history"><br></div><h2 class="battle-history">Turn 12</h2><div class="spacer battle-history"><br></div><div class="battle-history">Qofol withdrew Magneton!<br></div><div class="battle-history">Qofol sent out <strong>Machamp</strong>!<br></div><div class="spacer battle-history"><br></div><div class="battle-history">Blissey used <strong>Seismic Toss</strong>!<br></div><div class="battle-history"><small>(The opposing Machamp lost <abbr title="−100/326">30.7%</abbr> of its health!)</small><br></div><div class="spacer battle-history"><br></div><div class="battle-history"><small>Blissey restored a little HP using its Leftovers!</small><br></div><div class="battle-history"><small>The opposing Machamp was hurt by poison!</small><br></div><div class="spacer battle-history"><br></div><h2 class="battle-history">Turn 13</h2><div class="spacer battle-history"><br></div><div class="battle-history">Blissey, come back!<br></div><div class="battle-history">Go! <strong>Mandibuzz</strong>!<br></div><div class="spacer battle-history"><br></div><div class="battle-history">The opposing Machamp used <strong>Close Combat</strong>!<br></div><div class="battle-history"><small>(Mandibuzz lost <abbr title="−262/423">61.9%</abbr> of its health!)</small><br></div><div class="battle-history"><small>The opposing Machamp was hurt by the Rocky Helmet!</small><br></div><div class="battle-history"><small>The opposing Machamp's Defense fell!</small><br></div><div class="battle-history"><small>The opposing Machamp's Special Defense fell!</small><br></div><div class="spacer battle-history"><br></div><div class="battle-history"><small>The opposing Machamp was hurt by poison!</small><br></div><div class="spacer battle-history"><br></div><div class="battle-history">The opposing Machamp fainted!<br></div><div class="spacer battle-history"><br></div><div class="battle-history">Qofol sent out <strong>Mamoswine</strong>!<br></div><div class="spacer battle-history"><br></div><h2 class="battle-history">Turn 14</h2><div class="spacer battle-history"><br></div><div class="battle-history">The opposing Mamoswine used <strong>Icicle Crash</strong>!<br></div><div class="battle-history"><small>It's super effective!</small><br></div><div class="battle-history"><small>(Mandibuzz lost <abbr title="−161/423">38.1%</abbr> of its health!)</small><br></div><div class="battle-history"><small>The opposing Mamoswine lost some of its HP!</small><br></div><div class="spacer battle-history"><br></div><div class="battle-history">Mandibuzz fainted!<br></div><div class="spacer battle-history"><br></div><div class="battle-history">Go! <strong>Espeon</strong>!<br></div><div class="battle-history"><small>Espeon was caught in a sticky web!</small><br></div><div class="battle-history"><small>Espeon's Speed fell!</small><br></div><div class="spacer battle-history"><br></div><h2 class="battle-history">Turn 15</h2><div class="spacer battle-history"><br></div><div class="battle-history">Espeon used <strong>Grass Knot</strong>!<br></div><div class="battle-history"><small>It's super effective!</small><br></div><div class="battle-history"><small>(The opposing Mamoswine lost <abbr title="−325/361">90.0%</abbr> of its health!)</small><br></div><div class="spacer battle-history"><br></div><div class="battle-history">The opposing Mamoswine fainted!<br></div><div class="spacer battle-history"><br></div><div class="battle-history">Qofol sent out <strong>Magneton</strong>!<br></div><div class="spacer battle-history"><br></div><h2 class="battle-history">Turn 16</h2><div class="spacer battle-history"><br></div><div class="battle-history">Espeon, come back!<br></div><div class="battle-history">Go! <strong>Blissey</strong>!<br></div><div class="battle-history"><small>Blissey was caught in a sticky web!</small><br></div><div class="battle-history"><small>Blissey's Speed fell!</small><br></div><div class="spacer battle-history"><br></div><div class="battle-history">The opposing Magneton used <strong>Flash Cannon</strong>!<br></div><div class="battle-history"><small>(Blissey lost <abbr title="−96/714">13.4%</abbr> of its health!)</small><br></div><div class="spacer battle-history"><br></div><div class="battle-history"><small>Blissey restored a little HP using its Leftovers!</small><br></div><div class="spacer battle-history"><br></div><h2 class="battle-history">Turn 17</h2><div class="spacer battle-history"><br></div><div class="battle-history">Qofol withdrew Magneton!<br></div><div class="battle-history">Qofol sent out <strong>Dusclops</strong>!<br></div><div class="battle-history"><small>[The opposing Dusclops's Frisk]</small><br><small>The opposing Dusclops frisked Blissey and found its Leftovers!</small><br></div><div class="spacer battle-history"><br></div><div class="battle-history">Blissey used <strong>Toxic</strong>!<br></div><div class="battle-history"><small>The opposing Dusclops was badly poisoned!</small><br></div><div class="spacer battle-history"><br></div><div class="battle-history"><small>Blissey restored a little HP using its Leftovers!</small><br></div><div class="battle-history"><small>The opposing Dusclops was hurt by poison!</small><br></div><div class="spacer battle-history"><br></div><h2 class="battle-history">Turn 18</h2><div class="spacer battle-history"><br></div><div class="battle-history">Blissey, come back!<br></div><div class="battle-history">Go! Aggron (<strong>Aggron-Mega</strong>)!<br></div><div class="battle-history"><small>Aggron was caught in a sticky web!</small><br></div><div class="battle-history"><small>Aggron's Speed fell!</small><br></div><div class="spacer battle-history"><br></div><div class="battle-history">The opposing Dusclops used <strong>Pain Split</strong>!<br></div><div class="battle-history"><small>The battlers shared their pain!</small><br></div><div class="spacer battle-history"><br></div><div class="battle-history"><small>Aggron was hurt by its burn!</small><br></div><div class="battle-history"><small>The opposing Dusclops was hurt by poison!</small><br></div><div class="spacer battle-history"><br></div><h2 class="battle-history">Turn 19</h2><div class="spacer battle-history"><br></div><div class="battle-history">Qofol withdrew Dusclops!<br></div><div class="battle-history">Qofol sent out Blastoise (<strong>Blastoise-Mega</strong>)!<br></div><div class="spacer battle-history"><br></div><div class="battle-history">Aggron used <strong>Rest</strong>!<br></div><div class="battle-history"><small>Aggron fell asleep!</small><br></div><div class="battle-history"><small>Aggron slept and became healthy!</small><br></div><div class="spacer battle-history"><br></div><h2 class="battle-history">Turn 20</h2><div class="spacer battle-history"><br></div><div class="battle-history">Aggron, come back!<br></div><div class="battle-history">Go! <strong>Blissey</strong>!<br></div><div class="battle-history"><small>Blissey was caught in a sticky web!</small><br></div><div class="battle-history"><small>Blissey's Speed fell!</small><br></div><div class="spacer battle-history"><br></div><div class="battle-history">The opposing Blastoise used <strong>Scald</strong>!<br></div><div class="battle-history"><small>(Blissey lost <abbr title="−91/714">12.7%</abbr> of its health!)</small><br></div><div class="spacer battle-history"><br></div><div class="battle-history"><small>Blissey restored a little HP using its Leftovers!</small><br></div><div class="spacer battle-history"><br></div><h2 class="battle-history">Turn 21</h2><div class="spacer battle-history"><br></div><div class="battle-history">Qofol withdrew Blastoise!<br></div><div class="battle-history">Qofol sent out <strong>Dusclops</strong>!<br></div><div class="battle-history"><small>[The opposing Dusclops's Frisk]</small><br><small>The opposing Dusclops frisked Blissey and found its Leftovers!</small><br></div><div class="spacer battle-history"><br></div><div class="battle-history">Blissey used <strong>Heal Bell</strong>!<br></div><div class="battle-history"><small>A bell chimed!</small><br></div><div class="battle-history"><small>Aggron woke up!</small><br></div><div class="battle-history"><small>Suicune woke up!</small><br></div><div class="spacer battle-history"><br></div><div class="battle-history"><small>Blissey restored a little HP using its Leftovers!</small><br></div><div class="battle-history"><small>The opposing Dusclops was hurt by poison!</small><br></div><div class="spacer battle-history"><br></div><h2 class="battle-history">Turn 22</h2><div class="spacer battle-history"><br></div><div class="battle-history">Blissey, come back!<br></div><div class="battle-history">Go! <strong>Espeon</strong>!<br></div><div class="battle-history"><small>Espeon was caught in a sticky web!</small><br></div><div class="battle-history"><small>Espeon's Speed fell!</small><br></div><div class="spacer battle-history"><br></div><div class="battle-history">The opposing Dusclops used <strong>Will-O-Wisp</strong>!<br></div><div class="spacer battle-history"><br></div><div class="battle-history"><small>[Espeon's Magic Bounce]</small><br>Espeon bounced the Will-O-Wisp back!<br></div><div class="battle-history"><small>But it failed!</small><br></div><div class="spacer battle-history"><br></div><div class="battle-history"><small>The opposing Dusclops was hurt by poison!</small><br></div><div class="spacer battle-history"><br></div><h2 class="battle-history">Turn 23</h2><div class="spacer battle-history"><br></div><div class="battle-history">Qofol withdrew Dusclops!<br></div><div class="battle-history">Qofol sent out <strong>Masquerain</strong>!<br></div><div class="battle-history"><small>[The opposing Masquerain's Intimidate]</small><br></div><div class="battle-history"><small>Espeon's Attack fell!</small><br></div><div class="spacer battle-history"><br></div><div class="battle-history">Espeon used <strong>Trick</strong>!<br></div><div class="battle-history"><small>Espeon switched items with its target!</small><br></div><div class="battle-history"><small>The opposing Masquerain obtained one Choice Scarf.</small><br></div><div class="spacer battle-history"><br></div><h2 class="battle-history">Turn 24</h2><div class="spacer battle-history"><br></div><div class="battle-history">Espeon, come back!<br></div><div class="battle-history">Go! <strong>Suicune</strong>!<br></div><div class="battle-history"><small>Suicune was caught in a sticky web!</small><br></div><div class="battle-history"><small>Suicune's Speed fell!</small><br></div><div class="battle-history"><small>[Suicune's Pressure]</small><br><small>Suicune is exerting its pressure!</small><br></div><div class="spacer battle-history"><br></div><div class="battle-history">The opposing Masquerain used <strong>U-turn</strong>!<br></div><div class="battle-history"><small>(Suicune lost <abbr title="−33/404">8.2%</abbr> of its health!)</small><br></div><div class="spacer battle-history"><br></div><div class="battle-history">The opposing Masquerain went back to Qofol!<br></div><div class="battle-history">Qofol sent out <strong>Magneton</strong>!<br></div><div class="spacer battle-history"><br></div><h2 class="battle-history">Turn 25</h2><div class="spacer battle-history"><br></div><div class="battle-history">Suicune, come back!<br></div><div class="battle-history">Go! <strong>Blissey</strong>!<br></div><div class="battle-history"><small>Blissey was caught in a sticky web!</small><br></div><div class="battle-history"><small>Blissey's Speed fell!</small><br></div><div class="spacer battle-history"><br></div><div class="battle-history">The opposing Magneton used <strong>Volt Switch</strong>!<br></div><div class="battle-history"><small>(Blissey lost <abbr title="−78/714">10.9%</abbr> of its health!)</small><br></div><div class="spacer battle-history"><br></div><div class="battle-history">The opposing Magneton went back to Qofol!<br></div><div class="battle-history">Qofol sent out <strong>Dusclops</strong>!<br></div><div class="battle-history"><small>[The opposing Dusclops's Frisk]</small><br><small>The opposing Dusclops frisked Blissey and found its Leftovers!</small><br></div><div class="spacer battle-history"><br></div><div class="battle-history"><small>Blissey restored a little HP using its Leftovers!</small><br></div><div class="battle-history"><small>The opposing Dusclops was hurt by poison!</small><br></div><div class="spacer battle-history"><br></div><h2 class="battle-history">Turn 26</h2><div class="spacer battle-history"><br></div><div class="battle-history">Blissey, come back!<br></div><div class="battle-history">Go! <strong>Suicune</strong>!<br></div><div class="battle-history"><small>Suicune was caught in a sticky web!</small><br></div><div class="battle-history"><small>Suicune's Speed fell!</small><br></div><div class="battle-history"><small>[Suicune's Pressure]</small><br><small>Suicune is exerting its pressure!</small><br></div><div class="spacer battle-history"><br></div><div class="battle-history">The opposing Dusclops used <strong>Pain Split</strong>!<br></div><div class="battle-history"><small>The battlers shared their pain!</small><br></div><div class="spacer battle-history"><br></div><div class="battle-history"><small>The opposing Dusclops was hurt by poison!</small><br></div><div class="spacer battle-history"><br></div><h2 class="battle-history">Turn 27</h2><div class="spacer battle-history"><br></div><div class="battle-history">Suicune used <strong>Scald</strong>!<br></div><div class="battle-history"><small>(The opposing Dusclops lost <abbr title="−48/284">16.9%</abbr> of its health!)</small><br></div><div class="spacer battle-history"><br></div><div class="battle-history">The opposing Dusclops used <strong>Thunder Punch</strong>!<br></div><div class="battle-history"><small>It's super effective!</small><br></div><div class="battle-history"><small>(Suicune lost <abbr title="−56/404">13.9%</abbr> of its health!)</small><br></div><div class="spacer battle-history"><br></div><div class="battle-history"><small>The opposing Dusclops was hurt by poison!</small><br></div><div class="spacer battle-history"><br></div><h2 class="battle-history">Turn 28</h2><div class="spacer battle-history"><br></div><div class="battle-history">Suicune used <strong>Rest</strong>!<br></div><div class="battle-history"><small>Suicune fell asleep!</small><br></div><div class="battle-history"><small>Suicune slept and became healthy!</small><br></div><div class="spacer battle-history"><br></div><div class="battle-history">The opposing Dusclops used <strong>Will-O-Wisp</strong>!<br></div><div class="battle-history"><small>But it failed!</small><br></div><div class="spacer battle-history"><br></div><div class="battle-history"><small>The opposing Dusclops was hurt by poison!</small><br></div><div class="spacer battle-history"><br></div><h2 class="battle-history">Turn 29</h2><div class="spacer battle-history"><br></div><div class="battle-history">Suicune, come back!<br></div><div class="battle-history">Go! <strong>Espeon</strong>!<br></div><div class="battle-history"><small>Espeon was caught in a sticky web!</small><br></div><div class="battle-history"><small>Espeon's Speed fell!</small><br></div><div class="spacer battle-history"><br></div><div class="battle-history">The opposing Dusclops used <strong>Pain Split</strong>!<br></div><div class="battle-history"><small>The battlers shared their pain!</small><br></div><div class="spacer battle-history"><br></div><div class="battle-history"><small>The opposing Dusclops was hurt by poison!</small><br></div><div class="spacer battle-history"><br></div><h2 class="battle-history">Turn 30</h2><div class="spacer battle-history"><br></div><div class="battle-history">Qofol withdrew Dusclops!<br></div><div class="battle-history">Qofol sent out <strong>Magneton</strong>!<br></div><div class="spacer battle-history"><br></div><div class="battle-history">Espeon used <strong>Psychic</strong>!<br></div><div class="battle-history"><small>It's not very effective...</small><br></div><div class="battle-history"><small>(The opposing Magneton lost <abbr title="−98/241">40.7%</abbr> of its health!)</small><br></div><div class="spacer battle-history"><br></div><h2 class="battle-history">Turn 31</h2><div class="spacer battle-history"><br></div><div class="battle-history">The opposing Magneton used <strong>Volt Switch</strong>!<br></div><div class="battle-history"><small>(Espeon lost <abbr title="−130/271">48.0%</abbr> of its health!)</small><br></div><div class="spacer battle-history"><br></div><div class="battle-history">The opposing Magneton went back to Qofol!<br></div><div class="battle-history">Qofol sent out <strong>Masquerain</strong>!<br></div><div class="battle-history"><small>[The opposing Masquerain's Intimidate]</small><br></div><div class="battle-history"><small>Espeon's Attack fell!</small><br></div><div class="spacer battle-history"><br></div><div class="battle-history">Espeon used <strong>Psychic</strong>!<br></div><div class="battle-history"><small>A critical hit!</small><br></div><div class="battle-history"><small>(The opposing Masquerain lost <abbr title="−1/281">0.4%</abbr> of its health!)</small><br></div><div class="spacer battle-history"><br></div><div class="battle-history">The opposing Masquerain fainted!<br></div><div class="spacer battle-history"><br></div><div class="battle-history">Qofol sent out <strong>Magneton</strong>!<br></div><div class="spacer battle-history"><br></div><h2 class="battle-history">Turn 32</h2><div class="spacer battle-history"><br></div><div class="battle-history">Espeon, come back!<br></div><div class="battle-history">Go! <strong>Blissey</strong>!<br></div><div class="battle-history"><small>Blissey was caught in a sticky web!</small><br></div><div class="battle-history"><small>Blissey's Speed fell!</small><br></div><div class="spacer battle-history"><br></div><div class="battle-history">The opposing Magneton used <strong>Volt Switch</strong>!<br></div><div class="battle-history"><small>(Blissey lost <abbr title="−88/714">12.3%</abbr> of its health!)</small><br></div><div class="spacer battle-history"><br></div><div class="battle-history">The opposing Magneton went back to Qofol!<br></div><div class="battle-history">Qofol sent out <strong>Dusclops</strong>!<br></div><div class="battle-history"><small>[The opposing Dusclops's Frisk]</small><br><small>The opposing Dusclops frisked Blissey and found its Leftovers!</small><br></div><div class="spacer battle-history"><br></div><div class="battle-history"><small>Blissey restored a little HP using its Leftovers!</small><br></div><div class="battle-history"><small>The opposing Dusclops was hurt by poison!</small><br></div><div class="spacer battle-history"><br></div><h2 class="battle-history">Turn 33</h2><div class="spacer battle-history"><br></div><div class="battle-history">Blissey, come back!<br></div><div class="battle-history">Go! <strong>Suicune</strong>!<br></div><div class="battle-history"><small>Suicune was caught in a sticky web!</small><br></div><div class="battle-history"><small>Suicune's Speed fell!</small><br></div><div class="battle-history"><small>[Suicune's Pressure]</small><br><small>Suicune is exerting its pressure!</small><br></div><div class="spacer battle-history"><br></div><div class="battle-history">The opposing Dusclops used <strong>Thunder Punch</strong>!<br></div><div class="battle-history"><small>It's super effective!</small><br></div><div class="battle-history"><small>(Suicune lost <abbr title="−64/404">15.8%</abbr> of its health!)</small><br></div><div class="spacer battle-history"><br></div><div class="battle-history"><small>The opposing Dusclops was hurt by poison!</small><br></div><div class="spacer battle-history"><br></div><h2 class="battle-history">Turn 34</h2><div class="spacer battle-history"><br></div><div class="battle-history">Suicune, come back!<br></div><div class="battle-history">Go! <strong>Espeon</strong>!<br></div><div class="battle-history"><small>Espeon was caught in a sticky web!</small><br></div><div class="battle-history"><small>Espeon's Speed fell!</small><br></div><div class="spacer battle-history"><br></div><div class="battle-history">The opposing Dusclops used <strong>Pain Split</strong>!<br></div><div class="battle-history"><small>The battlers shared their pain!</small><br></div><div class="spacer battle-history"><br></div><div class="battle-history"><small>The opposing Dusclops was hurt by poison!</small><br></div><div class="spacer battle-history"><br></div><div class="battle-history">The opposing Dusclops fainted!<br></div><div class="spacer battle-history"><br></div><div class="battle-history">Qofol sent out <strong>Magneton</strong>!<br></div><div class="spacer battle-history"><br></div><h2 class="battle-history">Turn 35</h2><div class="spacer battle-history"><br></div><div class="battle-history">Espeon, come back!<br></div><div class="battle-history">Go! <strong>Blissey</strong>!<br></div><div class="battle-history"><small>Blissey was caught in a sticky web!</small><br></div><div class="battle-history"><small>Blissey's Speed fell!</small><br></div><div class="spacer battle-history"><br></div><div class="battle-history">The opposing Magneton used <strong>Volt Switch</strong>!<br></div><div class="battle-history"><small>(Blissey lost <abbr title="−79/714">11.1%</abbr> of its health!)</small><br></div><div class="spacer battle-history"><br></div><div class="battle-history">The opposing Magneton went back to Qofol!<br></div><div class="battle-history">Qofol sent out Blastoise (<strong>Blastoise-Mega</strong>)!<br></div><div class="spacer battle-history"><br></div><div class="battle-history"><small>Blissey restored a little HP using its Leftovers!</small><br></div><div class="spacer battle-history"><br></div><h2 class="battle-history">Turn 36</h2><div class="spacer battle-history"><br></div><div class="battle-history">The opposing Blastoise used <strong>Dark Pulse</strong>!<br></div><div class="battle-history"><small>(Blissey lost <abbr title="−85/714">11.9%</abbr> of its health!)</small><br></div><div class="spacer battle-history"><br></div><div class="battle-history">Blissey used <strong>Seismic Toss</strong>!<br></div><div class="battle-history"><small>(The opposing Blastoise lost <abbr title="−100/362">27.6%</abbr> of its health!)</small><br></div><div class="spacer battle-history"><br></div><div class="battle-history"><small>Blissey restored a little HP using its Leftovers!</small><br></div><div class="spacer battle-history"><br></div><h2 class="battle-history">Turn 37</h2><div class="spacer battle-history"><br></div><div class="battle-history">The opposing Blastoise used <strong>Scald</strong>!<br></div><div class="battle-history"><small>(Blissey lost <abbr title="−91/714">12.7%</abbr> of its health!)</small><br></div><div class="battle-history"><small>Blissey was burned!</small><br></div><div class="spacer battle-history"><br></div><div class="battle-history">Blissey used <strong>Toxic</strong>!<br></div><div class="battle-history"><small>The opposing Blastoise was badly poisoned!</small><br></div><div class="spacer battle-history"><br></div><div class="battle-history"><small>Blissey restored a little HP using its Leftovers!</small><br></div><div class="battle-history"><small>The opposing Blastoise was hurt by poison!</small><br></div><div class="battle-history"><small>Blissey was hurt by its burn!</small><br></div><div class="spacer battle-history"><br></div><h2 class="battle-history">Turn 38</h2><div class="spacer battle-history"><br></div><div class="battle-history">The opposing Blastoise used <strong>Scald</strong>!<br></div><div class="battle-history"><small>(Blissey lost <abbr title="−79/714">11.1%</abbr> of its health!)</small><br></div><div class="spacer battle-history"><br></div><div class="battle-history">Blissey used <strong>Heal Bell</strong>!<br></div><div class="battle-history"><small>A bell chimed!</small><br></div><div class="battle-history"><small>Blissey's burn was healed.</small><br></div><div class="battle-history"><small>Suicune woke up!</small><br></div><div class="spacer battle-history"><br></div><div class="battle-history"><small>Blissey restored a little HP using its Leftovers!</small><br></div><div class="battle-history"><small>The opposing Blastoise was hurt by poison!</small><br></div><div class="spacer battle-history"><br></div><h2 class="battle-history">Turn 39</h2><div class="spacer battle-history"><br></div><div class="battle-history">The opposing Blastoise used <strong>Scald</strong>!<br></div><div class="battle-history"><small>(Blissey lost <abbr title="−91/714">12.7%</abbr> of its health!)</small><br></div><div class="spacer battle-history"><br></div><div class="battle-history">Blissey used <strong>Soft-Boiled</strong>!<br></div><div class="battle-history"><small>Blissey restored its HP.</small><br></div><div class="spacer battle-history"><br></div><div class="battle-history"><small>Blissey restored a little HP using its Leftovers!</small><br></div><div class="battle-history"><small>The opposing Blastoise was hurt by poison!</small><br></div><div class="spacer battle-history"><br></div><h2 class="battle-history">Turn 40</h2><div class="chat chatmessage-sandostorm"><strong style="color:hsl(211,82%,46%)"><small>☆</small><span class="username" data-name="Sandostorm">Sandostorm</span>:</strong> <em>gg</em></div><div class="spacer battle-history"><br></div><div class="battle-history">The opposing Blastoise used <strong>Rest</strong>!<br></div><div class="battle-history"><small>The opposing Blastoise fell asleep!</small><br></div><div class="battle-history"><small>The opposing Blastoise slept and became healthy!</small><br></div><div class="spacer battle-history"><br></div><div class="battle-history">Blissey used <strong>Soft-Boiled</strong>!<br></div><div class="battle-history"><small>Blissey restored its HP.</small><br></div><div class="spacer battle-history"><br></div><h2 class="battle-history">Turn 41</h2><div class="spacer battle-history"><br></div><div class="battle-history">Blissey, come back!<br></div><div class="battle-history">Go! <strong>Espeon</strong>!<br></div><div class="battle-history"><small>Espeon was caught in a sticky web!</small><br></div><div class="battle-history"><small>Espeon's Speed fell!</small><br></div><div class="spacer battle-history"><br></div><div class="battle-history">The opposing Blastoise is fast asleep.<br></div><div class="spacer battle-history"><br></div><h2 class="battle-history">Turn 42</h2><div class="spacer battle-history"><br></div><div class="battle-history">Qofol withdrew Blastoise!<br></div><div class="battle-history">Qofol sent out <strong>Magneton</strong>!<br></div><div class="spacer battle-history"><br></div><div class="battle-history">Espeon used <strong>Grass Knot</strong>!<br></div><div class="battle-history"><small>It's not very effective...</small><br></div><div class="battle-history"><small>(The opposing Magneton lost <abbr title="−61/241">25.3%</abbr> of its health!)</small><br></div><div class="spacer battle-history"><br></div><h2 class="battle-history">Turn 43</h2><div class="spacer battle-history"><br></div><div class="battle-history">Espeon, come back!<br></div><div class="battle-history">Go! <strong>Blissey</strong>!<br></div><div class="battle-history"><small>Blissey was caught in a sticky web!</small><br></div><div class="battle-history"><small>Blissey's Speed fell!</small><br></div><div class="spacer battle-history"><br></div><div class="battle-history">The opposing Magneton used <strong>Volt Switch</strong>!<br></div><div class="battle-history"><small>(Blissey lost <abbr title="−79/714">11.1%</abbr> of its health!)</small><br></div><div class="spacer battle-history"><br></div><div class="battle-history">The opposing Magneton went back to Qofol!<br></div><div class="battle-history">Qofol sent out Blastoise (<strong>Blastoise-Mega</strong>)!<br></div><div class="spacer battle-history"><br></div><div class="battle-history"><small>Blissey restored a little HP using its Leftovers!</small><br></div><div class="spacer battle-history"><br></div><h2 class="battle-history">Turn 44</h2><div class="spacer battle-history"><br></div><div class="battle-history">Blissey, come back!<br></div><div class="battle-history">Go! <strong>Suicune</strong>!<br></div><div class="battle-history"><small>Suicune was caught in a sticky web!</small><br></div><div class="battle-history"><small>Suicune's Speed fell!</small><br></div><div class="battle-history"><small>[Suicune's Pressure]</small><br><small>Suicune is exerting its pressure!</small><br></div><div class="spacer battle-history"><br></div><div class="battle-history">The opposing Blastoise is fast asleep.<br></div><div class="spacer battle-history"><br></div><h2 class="battle-history">Turn 45</h2><div class="spacer battle-history"><br></div><div class="battle-history">Suicune, come back!<br></div><div class="battle-history">Go! <strong>Blissey</strong>!<br></div><div class="battle-history"><small>Blissey was caught in a sticky web!</small><br></div><div class="battle-history"><small>Blissey's Speed fell!</small><br></div><div class="battle-history"><small>The opposing Blastoise woke up!</small><br></div><div class="spacer battle-history"><br></div><div class="battle-history">The opposing Blastoise used <strong>Dark Pulse</strong>!<br></div><div class="battle-history"><small>(Blissey lost <abbr title="−84/714">11.8%</abbr> of its health!)</small><br></div><div class="spacer battle-history"><br></div><div class="battle-history"><small>Blissey restored a little HP using its Leftovers!</small><br></div><div class="spacer battle-history"><br></div><h2 class="battle-history">Turn 46</h2><div class="spacer battle-history"><br></div><div class="battle-history">The opposing Blastoise used <strong>Scald</strong>!<br></div><div class="battle-history"><small>(Blissey lost <abbr title="−79/714">11.1%</abbr> of its health!)</small><br></div><div class="spacer battle-history"><br></div><div class="battle-history">Blissey used <strong>Seismic Toss</strong>!<br></div><div class="battle-history"><small>(The opposing Blastoise lost <abbr title="−100/362">27.6%</abbr> of its health!)</small><br></div><div class="spacer battle-history"><br></div><div class="battle-history"><small>Blissey restored a little HP using its Leftovers!</small><br></div><div class="spacer battle-history"><br></div><h2 class="battle-history">Turn 47</h2><div class="spacer battle-history"><br></div><div class="battle-history">The opposing Blastoise used <strong>Scald</strong>!<br></div><div class="battle-history"><small>(Blissey lost <abbr title="−93/714">13.0%</abbr> of its health!)</small><br></div><div class="spacer battle-history"><br></div><div class="battle-history">Blissey used <strong>Toxic</strong>!<br></div><div class="battle-history"><small>The opposing Blastoise was badly poisoned!</small><br></div><div class="spacer battle-history"><br></div><div class="battle-history"><small>Blissey restored a little HP using its Leftovers!</small><br></div><div class="battle-history"><small>The opposing Blastoise was hurt by poison!</small><br></div><div class="spacer battle-history"><br></div><h2 class="battle-history">Turn 48</h2><div class="spacer battle-history"><br></div><div class="battle-history">Blissey, come back!<br></div><div class="battle-history">Go! <strong>Suicune</strong>!<br></div><div class="battle-history"><small>Suicune was caught in a sticky web!</small><br></div><div class="battle-history"><small>Suicune's Speed fell!</small><br></div><div class="battle-history"><small>[Suicune's Pressure]</small><br><small>Suicune is exerting its pressure!</small><br></div><div class="spacer battle-history"><br></div><div class="battle-history">The opposing Blastoise used <strong>Scald</strong>!<br></div><div class="battle-history"><small>It's not very effective...</small><br></div><div class="battle-history"><small>(Suicune lost <abbr title="−59/404">14.6%</abbr> of its health!)</small><br></div><div class="battle-history"><small>Suicune was burned!</small><br></div><div class="spacer battle-history"><br></div><div class="battle-history"><small>The opposing Blastoise was hurt by poison!</small><br></div><div class="battle-history"><small>Suicune was hurt by its burn!</small><br></div><div class="spacer battle-history"><br></div><h2 class="battle-history">Turn 49</h2><div class="chat"><small>Sandostorm left.</small></div><div class="chat"><small>Sandostorm joined.</small></div><div class="chat"><small>Sandostorm left.</small></div><div class="chat"><small>Sandostorm joined.</small></div><div class="chat chatmessage-sandostorm"><strong style="color:hsl(211,82%,46%)"><small>☆</small><span class="username" data-name="Sandostorm">Sandostorm</span>:</strong> <em>WTF</em></div><div class="spacer battle-history"><br></div><div class="battle-history"><small>Sandostorm lost due to inactivity.</small><br></div><div class="spacer battle-history"><br></div><div class="battle-history"><strong>Qofol</strong> won the battle!<br></div><div class="chat">Sandostorm's rating: 1575 → <strong>1544</strong><br>(-31 for losing)</div><div class="chat">Qofol's rating: 1359 → <strong>1390</strong><br>(+31 for winning)</div><div class="chat chatmessage-sandostorm"><strong style="color:hsl(211,82%,46%)"><small>☆</small><span class="username" data-name="Sandostorm">Sandostorm</span>:</strong> <em>im done with this game lol</em></div><div class="chat"><small>King÷SwordYT joined.</small></div><div class="chat"><small>King÷SwordYT left.</small></div><div class="chat"><small>Sandostorm left.</small></div><div class="chat"><small>Sandostorm joined.</small></div></div><div class="inner-preempt"></div></div></div>
</div>
<script>
let daily = Math.floor(Date.now()/1000/60/60/24);document.write('<script src="https://play.pokemonshowdown.com/js/replay-embed.js?version'+daily+'"></'+'script>');
</script>
