<!DOCTYPE html>
<meta charset="utf-8" />
<!-- version 1 -->
<title>UU replay: Parnstar vs. Homicide Infernape</title>
<style>
html,body {font-family:Verdana, sans-serif;font-size:10pt;margin:0;padding:0;}body{padding:12px 0;} .battle-log {font-family:Verdana, sans-serif;font-size:10pt;} .battle-log-inline {border:1px solid #AAAAAA;background:#EEF2F5;color:black;max-width:640px;margin:0 auto 80px;padding-bottom:5px;} .battle-log .inner {padding:4px 8px 0px 8px;} .battle-log .inner-preempt {padding:0 8px 4px 8px;} .battle-log .inner-after {margin-top:0.5em;} .battle-log h2 {margin:0.5em -8px;padding:4px 8px;border:1px solid #AAAAAA;background:#E0E7EA;border-left:0;border-right:0;font-family:Verdana, sans-serif;font-size:13pt;} .battle-log .chat {vertical-align:middle;padding:3px 0 3px 0;font-size:8pt;} .battle-log .chat strong {color:#40576A;} .battle-log .chat em {padding:1px 4px 1px 3px;color:#000000;font-style:normal;} .chat.mine {background:rgba(0,0,0,0.05);margin-left:-8px;margin-right:-8px;padding-left:8px;padding-right:8px;} .spoiler {color:#BBBBBB;background:#BBBBBB;padding:0px 3px;} .spoiler:hover, .spoiler:active, .spoiler-shown {color:#000000;background:#E2E2E2;padding:0px 3px;} .spoiler a {color:#BBBBBB;} .spoiler:hover a, .spoiler:active a, .spoiler-shown a {color:#2288CC;} .chat code, .chat .spoiler:hover code, .chat .spoiler:active code, .chat .spoiler-shown code {border:1px solid #C0C0C0;background:#EEEEEE;color:black;padding:0 2px;} .chat .spoiler code {border:1px solid #CCCCCC;background:#CCCCCC;color:#CCCCCC;} .battle-log .rated {padding:3px 4px;} .battle-log .rated strong {color:white;background:#89A;padding:1px 4px;border-radius:4px;} .spacer {margin-top:0.5em;} .message-announce {background:#6688AA;color:white;padding:1px 4px 2px;} .message-announce a, .broadcast-green a, .broadcast-blue a, .broadcast-red a {color:#DDEEFF;} .broadcast-green {background-color:#559955;color:white;padding:2px 4px;} .broadcast-blue {background-color:#6688AA;color:white;padding:2px 4px;} .infobox {border:1px solid #6688AA;padding:2px 4px;} .infobox-limited {max-height:200px;overflow:auto;overflow-x:hidden;} .broadcast-red {background-color:#AA5544;color:white;padding:2px 4px;} .message-learn-canlearn {font-weight:bold;color:#228822;text-decoration:underline;} .message-learn-cannotlearn {font-weight:bold;color:#CC2222;text-decoration:underline;} .message-effect-weak {font-weight:bold;color:#CC2222;} .message-effect-resist {font-weight:bold;color:#6688AA;} .message-effect-immune {font-weight:bold;color:#666666;} .message-learn-list {margin-top:0;margin-bottom:0;} .message-throttle-notice, .message-error {color:#992222;} .message-overflow, .chat small.message-overflow {font-size:0pt;} .message-overflow::before {font-size:9pt;content:'...';} .subtle {color:#3A4A66;}
</style>
<div class="wrapper replay-wrapper" style="max-width:1180px;margin:0 auto">
<input type="hidden" name="replayid" value="uu-563812898" />
<div class="battle"></div><div class="battle-log"></div><div class="replay-controls"></div><div class="replay-controls-2"></div>
<h1 style="font-weight:normal;text-align:center"><strong>UU</strong><br /><a href="http://pokemonshowdown.com/users/parnstar" class="subtle" target="_blank">Parnstar</a> vs. <a href="http://pokemonshowdown.com/users/homicideinfernape" class="subtle" target="_blank">Homicide Infernape</a></h1>
<script type="text/plain" class="battle-log-data">|j|Parnstar
|j|Homicide Infernape
|player|p1|Parnstar|170
|player|p2|Homicide Infernape|101
|gametype|singles
|gen|6
|tier|UU
|rated
|seed|16608,18086,41796,54021
|rule|Sleep Clause Mod: Limit one foe put to sleep
|rule|Species Clause: Limit one of each Pokémon
|rule|OHKO Clause: OHKO moves are banned
|rule|Moody Clause: Moody is banned
|rule|Evasion Moves Clause: Evasion moves are banned
|rule|Endless Battle Clause: Forcing endless battles is banned
|rule|HP Percentage Mod: HP is shown in percentages
|clearpoke
|poke|p1|Crawdaunt, F|item
|poke|p1|Whimsicott, F|item
|poke|p1|Mamoswine, F|item
|poke|p1|Heliolisk, M|item
|poke|p1|Donphan, M|item
|poke|p1|Toxicroak, M|item
|poke|p2|Banette, M|item
|poke|p2|Cloyster, F|item
|poke|p2|Porygon2|item
|poke|p2|Metagross|item
|poke|p2|Goodra, M|item
|poke|p2|Jolteon, F|item
|rule|Swagger Clause: Swagger is banned
|rule|Baton Pass Clause: Limit one Baton Passer, can't pass Spe and other stats simultaneously
|teampreview
|choice|team 5, team 2, team 3, team 4, team 1, team 6|team 6, team 2, team 3, team 4, team 5, team 1
|
|start
|switch|p1a: Donphan|Donphan, M|351\/351
|switch|p2a: Jolteon|Jolteon, F|271\/271
|turn|1
|choice|move earthquake|move hiddenpower
|
|move|p2a: Jolteon|Hidden Power|p1a: Donphan
|-supereffective|p1a: Donphan
|-damage|p1a: Donphan|167\/351
|move|p1a: Donphan|Earthquake|p2a: Jolteon
|-supereffective|p2a: Jolteon
|-damage|p2a: Jolteon|0 fnt
|faint|p2a: Jolteon
|
|upkeep
|choice||switch 2
|
|switch|p2a: Cloyster|Cloyster, F|242\/242
|turn|2
|choice|move roar|move shellsmash
|
|move|p2a: Cloyster|Shell Smash|p2a: Cloyster
|-unboost|p2a: Cloyster|def|1
|-unboost|p2a: Cloyster|spd|1
|-boost|p2a: Cloyster|atk|2
|-boost|p2a: Cloyster|spa|2
|-boost|p2a: Cloyster|spe|2
|move|p1a: Donphan|Roar|p2a: Cloyster
|drag|p2a: Metagross|Metagross|301\/301
|
|upkeep
|turn|3
|choice|move earthquake|move honeclaws
|
|move|p2a: Metagross|Hone Claws|p2a: Metagross
|-boost|p2a: Metagross|atk|1
|-boost|p2a: Metagross|accuracy|1
|move|p1a: Donphan|Earthquake|p2a: Metagross
|-supereffective|p2a: Metagross
|-damage|p2a: Metagross|61\/301
|
|-heal|p2a: Metagross|79\/301|[from] item: Leftovers
|upkeep
|turn|4
|choice|move roar|move zenheadbutt
|
|move|p2a: Metagross|Zen Headbutt|p1a: Donphan
|-damage|p1a: Donphan|13\/351
|move|p1a: Donphan|Roar|p2a: Metagross
|drag|p2a: Banette|Banette, M|320\/320
|-item|p1a: Donphan|Custap Berry|[from] ability: Frisk|[of] p2a: Banette|[identify]
|
|upkeep
|turn|5
|choice|move stealthrock|move shadowclaw mega
|-enditem|p1a: Donphan|Custap Berry|[eat]
|-activate|p1a: Donphan|item: Custap Berry
|
|detailschange|p2a: Banette|Banette-Mega, M
|-mega|p2a: Banette|Banette|Banettite
|move|p1a: Donphan|Stealth Rock|p2a: Banette
|-sidestart|p2: Homicide Infernape|move: Stealth Rock
|move|p2a: Banette|Shadow Claw|p1a: Donphan
|-damage|p1a: Donphan|0 fnt
|faint|p1a: Donphan
|
|upkeep
|choice|switch 3|
|
|switch|p1a: Mamoswine|Mamoswine, F|361\/361
|turn|6
|choice|move earthquake|move confuseray
|
|move|p2a: Banette|Confuse Ray|p1a: Mamoswine
|-start|p1a: Mamoswine|confusion
|-activate|p1a: Mamoswine|confusion
|move|p1a: Mamoswine|Earthquake|p2a: Banette
|-damage|p2a: Banette|92\/320
|
|upkeep
|turn|7
|choice|move iciclecrash|move thunderwave
|
|move|p2a: Banette|Thunder Wave|p1a: Mamoswine
|-immune|p1a: Mamoswine|[msg]
|-activate|p1a: Mamoswine|confusion
|move|p1a: Mamoswine|Icicle Crash|p2a: Banette
|-damage|p2a: Banette|0 fnt
|faint|p2a: Banette
|
|upkeep
|choice||switch 6
|
|switch|p2a: Metagross|Metagross|79\/301
|-damage|p2a: Metagross|61\/301|[from] Stealth Rock
|turn|8
|choice|switch 4|move bulletpunch
|
|switch|p1a: Heliolisk|Heliolisk, M|265\/265
|-item|p1a: Heliolisk|Air Balloon
|move|p2a: Metagross|Bullet Punch|p1a: Heliolisk
|-resisted|p1a: Heliolisk
|-damage|p1a: Heliolisk|213\/265
|-enditem|p1a: Heliolisk|Air Balloon
|
|-heal|p2a: Metagross|79\/301|[from] item: Leftovers
|upkeep
|turn|9
|choice|move voltswitch|move rockslide
|
|move|p1a: Heliolisk|Volt Switch|p2a: Metagross
|-crit|p2a: Metagross
|-damage|p2a: Metagross|0 fnt
|faint|p2a: Metagross
|choice|switch 5|
|
|switch|p1a: Crawdaunt|Crawdaunt, F|267\/267
|
|upkeep
|choice||switch 5
|
|switch|p2a: Goodra|Goodra, M|345\/345
|-damage|p2a: Goodra|302\/345|[from] Stealth Rock
|turn|10
|choice|move dragondance|move acidarmor
|
|move|p1a: Crawdaunt|Dragon Dance|p1a: Crawdaunt
|-boost|p1a: Crawdaunt|atk|1
|-boost|p1a: Crawdaunt|spe|1
|move|p2a: Goodra|Acid Armor|p2a: Goodra
|-boost|p2a: Goodra|def|2
|
|upkeep
|turn|11
|choice|move knockoff|move sludgewave
|
|move|p1a: Crawdaunt|Knock Off|p2a: Goodra
|-damage|p2a: Goodra|98\/345
|-enditem|p2a: Goodra|Weakness Policy|[from] move: Knock Off|[of] p1a: Crawdaunt
|move|p2a: Goodra|Sludge Wave|p1a: Crawdaunt
|-damage|p1a: Crawdaunt|143\/267
|
|upkeep
|turn|12
|choice|move knockoff|move sludgewave
|
|move|p1a: Crawdaunt|Knock Off|p2a: Goodra
|-damage|p2a: Goodra|0 fnt
|faint|p2a: Goodra
|
|upkeep
|choice||switch 3
|
|switch|p2a: Porygon2|Porygon2|311\/311
|-damage|p2a: Porygon2|273\/311|[from] Stealth Rock
|-ability|p2a: Porygon2|Download|boost
|-boost|p2a: Porygon2|spa|1
|turn|13
|choice|move knockoff|move thunder
|
|move|p1a: Crawdaunt|Knock Off|p2a: Porygon2
|-damage|p2a: Porygon2|85\/311
|-enditem|p2a: Porygon2|Eviolite|[from] move: Knock Off|[of] p1a: Crawdaunt
|move|p2a: Porygon2|Thunder|p1a: Crawdaunt
|-supereffective|p1a: Crawdaunt
|-damage|p1a: Crawdaunt|0 fnt
|faint|p1a: Crawdaunt
|
|upkeep
|choice|switch 5|
|
|switch|p1a: Heliolisk|Heliolisk, M|213\/265
|turn|14
|choice|move hypervoice|move recover
|
|move|p1a: Heliolisk|Hyper Voice|p2a: Porygon2
|-crit|p2a: Porygon2
|-damage|p2a: Porygon2|0 fnt
|faint|p2a: Porygon2
|
|upkeep
|choice||switch 4
|
|switch|p2a: Cloyster|Cloyster, F|242\/242
|-damage|p2a: Cloyster|182\/242|[from] Stealth Rock
|turn|15
|c|☆Parnstar|Gg
|choice|move voltswitch|move rockblast
|
|move|p1a: Heliolisk|Volt Switch|p2a: Cloyster
|-supereffective|p2a: Cloyster
|-crit|p2a: Cloyster
|-damage|p2a: Cloyster|0 fnt
|faint|p2a: Cloyster
|
|win|Parnstar
|raw|Parnstar's rating: 1385 &rarr; <strong>1391<\/strong><br \/>(+6 for winning)
|raw|Homicide Infernape's rating: 1085 &rarr; <strong>1078<\/strong><br \/>(-7 for losing)
|l|Homicide Infernape</script>
</div>
<div class="battle-log battle-log-inline"><div class="inner"><div class="battle-options"></div><div class="inner"><div class="chat"><small>Parnstar joined.</small></div><div class="chat"><small>Homicide Infernape joined.</small></div><div class=""><small>Format:</small> <br><strong>UU</strong></div><div class="rated"><strong>Rated battle</strong></div><div class=""><small><em>Sleep Clause Mod:</em> Limit one foe put to sleep</small></div><div class=""><small><em>Species Clause:</em> Limit one of each Pokémon</small></div><div class=""><small><em>OHKO Clause:</em> OHKO moves are banned</small></div><div class=""><small><em>Moody Clause:</em> Moody is banned</small></div><div class=""><small><em>Evasion Moves Clause:</em> Evasion moves are banned</small></div><div class=""><small><em>Endless Battle Clause:</em> Forcing endless battles is banned</small></div><div class=""><small><em>HP Percentage Mod:</em> HP is shown in percentages</small></div><div class=""><small><em>Swagger Clause:</em> Swagger is banned</small></div><div class=""><small><em>Baton Pass Clause:</em> Limit one Baton Passer, can't pass Spe and other stats simultaneously</small></div><div class="chat battle-history"><strong>Parnstar's team:</strong> <em style="color:#445566;display:block;">Crawdaunt / Whimsicott / Mamoswine / Heliolisk / Donphan / Toxicroak</em></div><div class="chat battle-history"><strong>Homicide Infernape's team:</strong> <em style="color:#445566;display:block;">Banette / Cloyster / Porygon2 / Metagross / Goodra / Jolteon</em></div><div class="spacer battle-history"><br></div><div class="battle-history">Battle started between Parnstar and Homicide Infernape!<br></div><div class="spacer battle-history"><br></div><div class="battle-history">Go! <strong>Donphan</strong>!<br></div><div class="spacer battle-history"><br></div><div class="battle-history">Homicide Infernape sent out <strong>Jolteon</strong>!<br></div><div class="spacer battle-history"><br></div><h2 class="battle-history">Turn 1</h2><div class="spacer battle-history"><br></div><div class="battle-history">The opposing Jolteon used <strong>Hidden Power</strong>!<br></div><div class="battle-history"><small>It's super effective!</small><br></div><div class="battle-history"><small>(Donphan lost <abbr title="−184/351">52.4%</abbr> of its health!)</small><br></div><div class="spacer battle-history"><br></div><div class="battle-history">Donphan used <strong>Earthquake</strong>!<br></div><div class="battle-history"><small>It's super effective!</small><br></div><div class="battle-history"><small>(The opposing Jolteon lost <abbr title="−271/271">100%</abbr> of its health!)</small><br></div><div class="spacer battle-history"><br></div><div class="battle-history">The opposing Jolteon fainted!<br></div><div class="spacer battle-history"><br></div><div class="battle-history">Homicide Infernape sent out <strong>Cloyster</strong>!<br></div><div class="spacer battle-history"><br></div><h2 class="battle-history">Turn 2</h2><div class="spacer battle-history"><br></div><div class="battle-history">The opposing Cloyster used <strong>Shell Smash</strong>!<br></div><div class="battle-history"><small>The opposing Cloyster's Defense fell!</small><br></div><div class="battle-history"><small>The opposing Cloyster's Special Defense fell!</small><br></div><div class="battle-history"><small>The opposing Cloyster's Attack rose sharply!</small><br></div><div class="battle-history"><small>The opposing Cloyster's Special Attack rose sharply!</small><br></div><div class="battle-history"><small>The opposing Cloyster's Speed rose sharply!</small><br></div><div class="spacer battle-history"><br></div><div class="battle-history">Donphan used <strong>Roar</strong>!<br></div><div class="spacer battle-history"><br></div><div class="battle-history"><strong>Metagross</strong> was dragged out!<br></div><div class="spacer battle-history"><br></div><h2 class="battle-history">Turn 3</h2><div class="spacer battle-history"><br></div><div class="battle-history">The opposing Metagross used <strong>Hone Claws</strong>!<br></div><div class="battle-history"><small>The opposing Metagross's Attack rose!</small><br></div><div class="battle-history"><small>The opposing Metagross's accuracy rose!</small><br></div><div class="spacer battle-history"><br></div><div class="battle-history">Donphan used <strong>Earthquake</strong>!<br></div><div class="battle-history"><small>It's super effective!</small><br></div><div class="battle-history"><small>(The opposing Metagross lost <abbr title="−240/301">79.7%</abbr> of its health!)</small><br></div><div class="spacer battle-history"><br></div><div class="battle-history"><small>The opposing Metagross restored a little HP using its Leftovers!</small><br></div><div class="spacer battle-history"><br></div><h2 class="battle-history">Turn 4</h2><div class="spacer battle-history"><br></div><div class="battle-history">The opposing Metagross used <strong>Zen Headbutt</strong>!<br></div><div class="battle-history"><small>(Donphan lost <abbr title="−154/351">43.9%</abbr> of its health!)</small><br></div><div class="spacer battle-history"><br></div><div class="battle-history">Donphan used <strong>Roar</strong>!<br></div><div class="spacer battle-history"><br></div><div class="battle-history"><strong>Banette</strong> was dragged out!<br></div><div class="battle-history"><small>[The opposing Banette's Frisk]</small><br><small>The opposing Banette frisked Donphan and found its Custap Berry!</small><br></div><div class="spacer battle-history"><br></div><h2 class="battle-history">Turn 5</h2><div class="spacer battle-history"><br></div><div class="battle-history"><small>Donphan ate its Custap Berry!</small><br></div><div class="battle-history"><small>Donphan's Custap Berry let it move first!</small><br></div><div class="spacer battle-history"><br></div><div class="battle-history"><small>The opposing Banette's Banettite is reacting to Homicide Infernape's Mega Bracelet!</small><br>The opposing Banette has Mega Evolved into Mega Banette!<br></div><div class="spacer battle-history"><br></div><div class="battle-history">Donphan used <strong>Stealth Rock</strong>!<br></div><div class="battle-history"><small>Pointed stones float in the air around the opposing team!</small><br></div><div class="spacer battle-history"><br></div><div class="battle-history">The opposing Banette used <strong>Shadow Claw</strong>!<br></div><div class="battle-history"><small>(Donphan lost <abbr title="−13/351">3.7%</abbr> of its health!)</small><br></div><div class="spacer battle-history"><br></div><div class="battle-history">Donphan fainted!<br></div><div class="spacer battle-history"><br></div><div class="battle-history">Go! <strong>Mamoswine</strong>!<br></div><div class="spacer battle-history"><br></div><h2 class="battle-history">Turn 6</h2><div class="spacer battle-history"><br></div><div class="battle-history">The opposing Banette used <strong>Confuse Ray</strong>!<br></div><div class="battle-history"><small>Mamoswine became confused!</small><br></div><div class="spacer battle-history"><br></div><div class="battle-history"><small>Mamoswine is confused!</small><br></div><div class="battle-history">Mamoswine used <strong>Earthquake</strong>!<br></div><div class="battle-history"><small>(The opposing Banette lost <abbr title="−228/320">71.3%</abbr> of its health!)</small><br></div><div class="spacer battle-history"><br></div><h2 class="battle-history">Turn 7</h2><div class="spacer battle-history"><br></div><div class="battle-history">The opposing Banette used <strong>Thunder Wave</strong>!<br></div><div class="battle-history"><small>It doesn't affect Mamoswine...</small><br></div><div class="spacer battle-history"><br></div><div class="battle-history"><small>Mamoswine is confused!</small><br></div><div class="battle-history">Mamoswine used <strong>Icicle Crash</strong>!<br></div><div class="battle-history"><small>(The opposing Banette lost <abbr title="−92/320">28.7%</abbr> of its health!)</small><br></div><div class="spacer battle-history"><br></div><div class="battle-history">The opposing Banette fainted!<br></div><div class="spacer battle-history"><br></div><div class="battle-history">Homicide Infernape sent out <strong>Metagross</strong>!<br></div><div class="battle-history"><small>Pointed stones dug into the opposing Metagross!</small><br></div><div class="spacer battle-history"><br></div><h2 class="battle-history">Turn 8</h2><div class="spacer battle-history"><br></div><div class="battle-history">Mamoswine, come back!<br></div><div class="battle-history">Go! <strong>Heliolisk</strong>!<br></div><div class="battle-history"><small>Heliolisk floats in the air with its Air Balloon!</small><br></div><div class="spacer battle-history"><br></div><div class="battle-history">The opposing Metagross used <strong>Bullet Punch</strong>!<br></div><div class="battle-history"><small>It's not very effective...</small><br></div><div class="battle-history"><small>(Heliolisk lost <abbr title="−52/265">19.6%</abbr> of its health!)</small><br></div><div class="battle-history"><small>Heliolisk's Air Balloon popped!</small><br></div><div class="spacer battle-history"><br></div><div class="battle-history"><small>The opposing Metagross restored a little HP using its Leftovers!</small><br></div><div class="spacer battle-history"><br></div><h2 class="battle-history">Turn 9</h2><div class="spacer battle-history"><br></div><div class="battle-history">Heliolisk used <strong>Volt Switch</strong>!<br></div><div class="battle-history"><small>A critical hit!</small><br></div><div class="battle-history"><small>(The opposing Metagross lost <abbr title="−79/301">26.2%</abbr> of its health!)</small><br></div><div class="spacer battle-history"><br></div><div class="battle-history">The opposing Metagross fainted!<br></div><div class="spacer battle-history"><br></div><div class="battle-history">Heliolisk went back to Parnstar!<br></div><div class="battle-history">Go! <strong>Crawdaunt</strong>!<br></div><div class="spacer battle-history"><br></div><div class="battle-history">Homicide Infernape sent out <strong>Goodra</strong>!<br></div><div class="battle-history"><small>Pointed stones dug into the opposing Goodra!</small><br></div><div class="spacer battle-history"><br></div><h2 class="battle-history">Turn 10</h2><div class="spacer battle-history"><br></div><div class="battle-history">Crawdaunt used <strong>Dragon Dance</strong>!<br></div><div class="battle-history"><small>Crawdaunt's Attack rose!</small><br></div><div class="battle-history"><small>Crawdaunt's Speed rose!</small><br></div><div class="spacer battle-history"><br></div><div class="battle-history">The opposing Goodra used <strong>Acid Armor</strong>!<br></div><div class="battle-history"><small>The opposing Goodra's Defense rose sharply!</small><br></div><div class="spacer battle-history"><br></div><h2 class="battle-history">Turn 11</h2><div class="spacer battle-history"><br></div><div class="battle-history">Crawdaunt used <strong>Knock Off</strong>!<br></div><div class="battle-history"><small>(The opposing Goodra lost <abbr title="−204/345">59.1%</abbr> of its health!)</small><br></div><div class="battle-history"><small>Crawdaunt knocked off the opposing Goodra's Weakness Policy!</small><br></div><div class="spacer battle-history"><br></div><div class="battle-history">The opposing Goodra used <strong>Sludge Wave</strong>!<br></div><div class="battle-history"><small>(Crawdaunt lost <abbr title="−124/267">46.4%</abbr> of its health!)</small><br></div><div class="spacer battle-history"><br></div><h2 class="battle-history">Turn 12</h2><div class="spacer battle-history"><br></div><div class="battle-history">Crawdaunt used <strong>Knock Off</strong>!<br></div><div class="battle-history"><small>(The opposing Goodra lost <abbr title="−98/345">28.4%</abbr> of its health!)</small><br></div><div class="spacer battle-history"><br></div><div class="battle-history">The opposing Goodra fainted!<br></div><div class="spacer battle-history"><br></div><div class="battle-history">Homicide Infernape sent out <strong>Porygon2</strong>!<br></div><div class="battle-history"><small>Pointed stones dug into the opposing Porygon2!</small><br></div><div class="battle-history"><small>[The opposing Porygon2's Download]</small><br></div><div class="battle-history"><small>The opposing Porygon2's Special Attack rose!</small><br></div><div class="spacer battle-history"><br></div><h2 class="battle-history">Turn 13</h2><div class="spacer battle-history"><br></div><div class="battle-history">Crawdaunt used <strong>Knock Off</strong>!<br></div><div class="battle-history"><small>(The opposing Porygon2 lost <abbr title="−188/311">60.5%</abbr> of its health!)</small><br></div><div class="battle-history"><small>Crawdaunt knocked off the opposing Porygon2's Eviolite!</small><br></div><div class="spacer battle-history"><br></div><div class="battle-history">The opposing Porygon2 used <strong>Thunder</strong>!<br></div><div class="battle-history"><small>It's super effective!</small><br></div><div class="battle-history"><small>(Crawdaunt lost <abbr title="−143/267">53.6%</abbr> of its health!)</small><br></div><div class="spacer battle-history"><br></div><div class="battle-history">Crawdaunt fainted!<br></div><div class="spacer battle-history"><br></div><div class="battle-history">Go! <strong>Heliolisk</strong>!<br></div><div class="spacer battle-history"><br></div><h2 class="battle-history">Turn 14</h2><div class="spacer battle-history"><br></div><div class="battle-history">Heliolisk used <strong>Hyper Voice</strong>!<br></div><div class="battle-history"><small>A critical hit!</small><br></div><div class="battle-history"><small>(The opposing Porygon2 lost <abbr title="−85/311">27.3%</abbr> of its health!)</small><br></div><div class="spacer battle-history"><br></div><div class="battle-history">The opposing Porygon2 fainted!<br></div><div class="spacer battle-history"><br></div><div class="battle-history">Homicide Infernape sent out <strong>Cloyster</strong>!<br></div><div class="battle-history"><small>Pointed stones dug into the opposing Cloyster!</small><br></div><div class="spacer battle-history"><br></div><h2 class="battle-history">Turn 15</h2><div class="chat chatmessage-parnstar"><strong style="color:hsl(41,84%,41.163999978976825%)"><small>☆</small><span class="username" data-name="Parnstar">Parnstar</span>:</strong> <em>Gg</em></div><div class="spacer battle-history"><br></div><div class="battle-history">Heliolisk used <strong>Volt Switch</strong>!<br></div><div class="battle-history"><small>It's super effective!</small><br></div><div class="battle-history"><small>A critical hit!</small><br></div><div class="battle-history"><small>(The opposing Cloyster lost <abbr title="−182/242">75.2%</abbr> of its health!)</small><br></div><div class="spacer battle-history"><br></div><div class="battle-history">The opposing Cloyster fainted!<br></div><div class="spacer battle-history"><br></div><div class="battle-history"><strong>Parnstar</strong> won the battle!<br></div><div class="chat">Parnstar's rating: 1385 → <strong>1391</strong><br>(+6 for winning)</div><div class="chat">Homicide Infernape's rating: 1085 → <strong>1078</strong><br>(-7 for losing)</div><div class="chat"><small>Homicide Infernape left.</small></div></div><div class="inner-preempt"></div></div></div>
</div>
<script>
let daily = Math.floor(Date.now()/1000/60/60/24);document.write('<script src="https://play.pokemonshowdown.com/js/replay-embed.js?version'+daily+'"></'+'script>');
</script>
