<!DOCTYPE html>
<meta charset="utf-8" />
<!-- version 1 -->
<title>UU replay: SM1L3Y vs. Jeran</title>
<style>
html,body {font-family:Verdana, sans-serif;font-size:10pt;margin:0;padding:0;}body{padding:12px 0;} .battle-log {font-family:Verdana, sans-serif;font-size:10pt;} .battle-log-inline {border:1px solid #AAAAAA;background:#EEF2F5;color:black;max-width:640px;margin:0 auto 80px;padding-bottom:5px;} .battle-log .inner {padding:4px 8px 0px 8px;} .battle-log .inner-preempt {padding:0 8px 4px 8px;} .battle-log .inner-after {margin-top:0.5em;} .battle-log h2 {margin:0.5em -8px;padding:4px 8px;border:1px solid #AAAAAA;background:#E0E7EA;border-left:0;border-right:0;font-family:Verdana, sans-serif;font-size:13pt;} .battle-log .chat {vertical-align:middle;padding:3px 0 3px 0;font-size:8pt;} .battle-log .chat strong {color:#40576A;} .battle-log .chat em {padding:1px 4px 1px 3px;color:#000000;font-style:normal;} .chat.mine {background:rgba(0,0,0,0.05);margin-left:-8px;margin-right:-8px;padding-left:8px;padding-right:8px;} .spoiler {color:#BBBBBB;background:#BBBBBB;padding:0px 3px;} .spoiler:hover, .spoiler:active, .spoiler-shown {color:#000000;background:#E2E2E2;padding:0px 3px;} .spoiler a {color:#BBBBBB;} .spoiler:hover a, .spoiler:active a, .spoiler-shown a {color:#2288CC;} .chat code, .chat .spoiler:hover code, .chat .spoiler:active code, .chat .spoiler-shown code {border:1px solid #C0C0C0;background:#EEEEEE;color:black;padding:0 2px;} .chat .spoiler code {border:1px solid #CCCCCC;background:#CCCCCC;color:#CCCCCC;} .battle-log .rated {padding:3px 4px;} .battle-log .rated strong {color:white;background:#89A;padding:1px 4px;border-radius:4px;} .spacer {margin-top:0.5em;} .message-announce {background:#6688AA;color:white;padding:1px 4px 2px;} .message-announce a, .broadcast-green a, .broadcast-blue a, .broadcast-red a {color:#DDEEFF;} .broadcast-green {background-color:#559955;color:white;padding:2px 4px;} .broadcast-blue {background-color:#6688AA;color:white;padding:2px 4px;} .infobox {border:1px solid #6688AA;padding:2px 4px;} .infobox-limited {max-height:200px;overflow:auto;overflow-x:hidden;} .broadcast-red {background-color:#AA5544;color:white;padding:2px 4px;} .message-learn-canlearn {font-weight:bold;color:#228822;text-decoration:underline;} .message-learn-cannotlearn {font-weight:bold;color:#CC2222;text-decoration:underline;} .message-effect-weak {font-weight:bold;color:#CC2222;} .message-effect-resist {font-weight:bold;color:#6688AA;} .message-effect-immune {font-weight:bold;color:#666666;} .message-learn-list {margin-top:0;margin-bottom:0;} .message-throttle-notice, .message-error {color:#992222;} .message-overflow, .chat small.message-overflow {font-size:0pt;} .message-overflow::before {font-size:9pt;content:'...';} .subtle {color:#3A4A66;}
</style>
<div class="wrapper replay-wrapper" style="max-width:1180px;margin:0 auto">
<input type="hidden" name="replayid" value="uu-552171908" />
<div class="battle"></div><div class="battle-log"></div><div class="replay-controls"></div><div class="replay-controls-2"></div>
<h1 style="font-weight:normal;text-align:center"><strong>UU</strong><br /><a href="http://pokemonshowdown.com/users/sm1l3y" class="subtle" target="_blank">SM1L3Y</a> vs. <a href="http://pokemonshowdown.com/users/jeran" class="subtle" target="_blank">Jeran</a></h1>
<script type="text/plain" class="battle-log-data">|j|SM1L3Y
|j|Jeran
|player|p1|SM1L3Y|80
|player|p2|Jeran|91
|gametype|singles
|gen|6
|tier|UU
|seed|30878,28410,55544,10465
|rule|Sleep Clause Mod: Limit one foe put to sleep
|rule|Species Clause: Limit one of each Pokémon
|rule|OHKO Clause: OHKO moves are banned
|rule|Moody Clause: Moody is banned
|rule|Evasion Moves Clause: Evasion moves are banned
|rule|Endless Battle Clause: Forcing endless battles is banned
|rule|HP Percentage Mod: HP is shown in percentages
|clearpoke
|poke|p1|Darmanitan, M|item
|poke|p1|Hydreigon, M|item
|poke|p1|Blastoise, F|item
|poke|p1|Gligar, F|item
|poke|p1|Whimsicott, F|item
|poke|p1|Snorlax, F|item
|poke|p2|Conkeldurr, M|item
|poke|p2|Espeon, M|item
|poke|p2|Gyarados, F|item
|poke|p2|Forretress, M|item
|poke|p2|Chandelure, M|item
|poke|p2|Krookodile, M|item
|rule|Swagger Clause: Swagger is banned
|rule|Baton Pass Clause: Limit one Baton Passer, can't pass Spe and other stats simultaneously
|teampreview
|j|Stats Bot
|l|Stats Bot
|choice|team 5, team 2, team 3, team 4, team 1, team 6|team 1, team 2, team 3, team 4, team 5, team 6
|
|start
|switch|p1a: Whimsicott|Whimsicott, F|261\/261
|switch|p2a: Conkeldurr|Conkeldurr, M|351\/351
|turn|1
|j|marshallwu
|c|☆Jeran|hope u r good
|choice|move uturn|switch 4
|
|switch|p2a: Forretress|Forretress, M|354\/354
|move|p1a: Whimsicott|U-turn|p2a: Forretress
|-resisted|p2a: Forretress
|-damage|p2a: Forretress|342\/354
|choice|switch 5|
|
|switch|p1a: Darmanitan|Darmanitan, M|351\/351
|
|-heal|p2a: Forretress|354\/354|[from] item: Leftovers
|upkeep
|turn|2
|choice|move flareblitz|move stealthrock
|
|move|p1a: Darmanitan|Flare Blitz|p2a: Forretress
|-supereffective|p2a: Forretress
|-ability|p2a: Forretress|Sturdy
|-damage|p2a: Forretress|1\/354
|-damage|p1a: Darmanitan|235\/351|[from] recoil|[of] p2a: Forretress
|move|p2a: Forretress|Stealth Rock|p1a: Darmanitan
|-sidestart|p1: SM1L3Y|move: Stealth Rock
|
|-heal|p2a: Forretress|23\/354|[from] item: Leftovers
|upkeep
|turn|3
|choice|move flareblitz|switch 5
|
|switch|p2a: Chandelure|Chandelure, M|297\/297
|move|p1a: Darmanitan|Flare Blitz|p2a: Chandelure
|-start|p2a: Chandelure|ability: Flash Fire
|
|upkeep
|turn|4
|choice|switch 6|move substitute
|
|switch|p1a: Snorlax|Snorlax, F|471\/471
|-damage|p1a: Snorlax|413\/471|[from] Stealth Rock
|move|p2a: Chandelure|Substitute|p2a: Chandelure
|-start|p2a: Chandelure|Substitute
|-damage|p2a: Chandelure|223\/297
|
|-heal|p2a: Chandelure|241\/297|[from] item: Leftovers
|upkeep
|turn|5
|choice|move earthquake|move calmmind
|
|move|p2a: Chandelure|Calm Mind|p2a: Chandelure
|-boost|p2a: Chandelure|spa|1
|-boost|p2a: Chandelure|spd|1
|move|p1a: Snorlax|Earthquake|p2a: Chandelure
|-supereffective|p2a: Chandelure
|-end|p2a: Chandelure|Substitute
|
|-heal|p2a: Chandelure|259\/297|[from] item: Leftovers
|upkeep
|turn|6
|j|dogknees
|choice|move earthquake|switch 3
|
|-end|p2a: Chandelure|ability: Flash Fire|[silent]
|switch|p2a: Gyarados|Gyarados, F|331\/331
|-ability|p2a: Gyarados|Intimidate|boost
|-unboost|p1a: Snorlax|atk|1
|move|p1a: Snorlax|Earthquake|p2a: Gyarados
|-immune|p2a: Gyarados|[msg]
|
|upkeep
|turn|7
|choice|switch 6|move substitute
|
|switch|p1a: Darmanitan|Darmanitan, M|235\/351
|-damage|p1a: Darmanitan|148\/351|[from] Stealth Rock
|move|p2a: Gyarados|Substitute|p2a: Gyarados
|-start|p2a: Gyarados|Substitute
|-damage|p2a: Gyarados|249\/331
|
|-heal|p2a: Gyarados|269\/331|[from] item: Leftovers
|upkeep
|turn|8
|choice|move rockslide|move waterfall
|
|move|p1a: Darmanitan|Rock Slide|p2a: Gyarados
|-supereffective|p2a: Gyarados
|-end|p2a: Gyarados|Substitute
|move|p2a: Gyarados|Waterfall|p1a: Darmanitan
|-supereffective|p1a: Darmanitan
|-damage|p1a: Darmanitan|0 fnt
|faint|p1a: Darmanitan
|
|-heal|p2a: Gyarados|289\/331|[from] item: Leftovers
|upkeep
|choice|switch 2|
|
|switch|p1a: Hydreigon|Hydreigon, M|325\/325
|-damage|p1a: Hydreigon|285\/325|[from] Stealth Rock
|turn|9
|choice|move dracometeor|switch 5
|
|switch|p2a: Forretress|Forretress, M|23\/354
|move|p1a: Hydreigon|Draco Meteor|p2a: Forretress
|-resisted|p2a: Forretress
|-damage|p2a: Forretress|0 fnt
|-unboost|p1a: Hydreigon|spa|2
|faint|p2a: Forretress
|
|upkeep
|choice||switch 5
|
|switch|p2a: Gyarados|Gyarados, F|289\/331
|-ability|p2a: Gyarados|Intimidate|boost
|-unboost|p1a: Hydreigon|atk|1
|turn|10
|choice|switch 3|move dragondance
|
|switch|p1a: Blastoise|Blastoise, F|361\/361
|-damage|p1a: Blastoise|316\/361|[from] Stealth Rock
|move|p2a: Gyarados|Dragon Dance|p2a: Gyarados
|-boost|p2a: Gyarados|atk|1
|-boost|p2a: Gyarados|spe|1
|
|-heal|p2a: Gyarados|309\/331|[from] item: Leftovers
|upkeep
|turn|11
|l|dogknees
|l|marshallwu
|j|dogknees
|choice|move icebeam mega|move bounce
|
|detailschange|p1a: Blastoise|Blastoise-Mega, F
|-mega|p1a: Blastoise|Blastoise|Blastoisinite
|move|p2a: Gyarados|Bounce|p1a: Blastoise|[still]
|-prepare|p2a: Gyarados|Bounce|p1a: Blastoise
|move|p1a: Blastoise|Ice Beam|p2a: Gyarados|[miss]
|-miss|p1a: Blastoise|p2a: Gyarados
|
|-heal|p2a: Gyarados|329\/331|[from] item: Leftovers
|upkeep
|turn|12
|choice|move icebeam|move bounce
|
|move|p2a: Gyarados|Bounce|p1a: Blastoise|[from]lockedmove
|-damage|p1a: Blastoise|142\/361
|move|p1a: Blastoise|Ice Beam|p2a: Gyarados
|-damage|p2a: Gyarados|198\/331
|
|-heal|p2a: Gyarados|218\/331|[from] item: Leftovers
|upkeep
|turn|13
|choice|move icebeam|move dragondance
|
|move|p2a: Gyarados|Dragon Dance|p2a: Gyarados
|-boost|p2a: Gyarados|atk|1
|-boost|p2a: Gyarados|spe|1
|move|p1a: Blastoise|Ice Beam|p2a: Gyarados
|-damage|p2a: Gyarados|101\/331
|-status|p2a: Gyarados|frz
|
|-heal|p2a: Gyarados|121\/331 frz|[from] item: Leftovers
|upkeep
|turn|14
|choice|switch 3|move waterfall
|
|switch|p1a: Hydreigon|Hydreigon, M|285\/325
|-damage|p1a: Hydreigon|245\/325|[from] Stealth Rock
|-curestatus|p2a: Gyarados|frz|[msg]
|move|p2a: Gyarados|Waterfall|p1a: Hydreigon
|-resisted|p1a: Hydreigon
|-damage|p1a: Hydreigon|103\/325
|
|-heal|p2a: Gyarados|141\/331|[from] item: Leftovers
|upkeep
|turn|15
|-message|SM1L3Y forfeited.
|
|win|Jeran
|l|SM1L3Y</script>
</div>
<div class="battle-log battle-log-inline"><div class="inner"><div class="battle-options"></div><div class="inner"><div class="chat"><small>SM1L3Y joined.</small></div><div class="chat"><small>Jeran joined.</small></div><div class=""><small>Format:</small> <br><strong>UU</strong></div><div class=""><small><em>Sleep Clause Mod:</em> Limit one foe put to sleep</small></div><div class=""><small><em>Species Clause:</em> Limit one of each Pokémon</small></div><div class=""><small><em>OHKO Clause:</em> OHKO moves are banned</small></div><div class=""><small><em>Moody Clause:</em> Moody is banned</small></div><div class=""><small><em>Evasion Moves Clause:</em> Evasion moves are banned</small></div><div class=""><small><em>Endless Battle Clause:</em> Forcing endless battles is banned</small></div><div class=""><small><em>HP Percentage Mod:</em> HP is shown in percentages</small></div><div class=""><small><em>Swagger Clause:</em> Swagger is banned</small></div><div class=""><small><em>Baton Pass Clause:</em> Limit one Baton Passer, can't pass Spe and other stats simultaneously</small></div><div class="chat battle-history"><strong>SM1L3Y's team:</strong> <em style="color:#445566;display:block;">Darmanitan / Hydreigon / Blastoise / Gligar / Whimsicott / Snorlax</em></div><div class="chat battle-history"><strong>Jeran's team:</strong> <em style="color:#445566;display:block;">Conkeldurr / Espeon / Gyarados / Forretress / Chandelure / Krookodile</em></div><div class="chat"><small>Stats Bot joined.</small></div><div class="chat"><small>Stats Bot left.</small></div><div class="spacer battle-history"><br></div><div class="battle-history">Battle started between SM1L3Y and Jeran!<br></div><div class="spacer battle-history"><br></div><div class="battle-history">Go! <strong>Whimsicott</strong>!<br></div><div class="spacer battle-history"><br></div><div class="battle-history">Jeran sent out <strong>Conkeldurr</strong>!<br></div><div class="spacer battle-history"><br></div><h2 class="battle-history">Turn 1</h2><div class="chat"><small>marshallwu joined.</small></div><div class="chat chatmessage-jeran"><strong style="color:hsl(334,66%,46%)"><small>☆</small><span class="username" data-name="Jeran">Jeran</span>:</strong> <em>hope u r good</em></div><div class="spacer battle-history"><br></div><div class="battle-history">Jeran withdrew Conkeldurr!<br></div><div class="battle-history">Jeran sent out <strong>Forretress</strong>!<br></div><div class="spacer battle-history"><br></div><div class="battle-history">Whimsicott used <strong>U-turn</strong>!<br></div><div class="battle-history"><small>It's not very effective...</small><br></div><div class="battle-history"><small>(The opposing Forretress lost <abbr title="−12/354">3.4%</abbr> of its health!)</small><br></div><div class="spacer battle-history"><br></div><div class="battle-history">Whimsicott went back to SM1L3Y!<br></div><div class="battle-history">Go! <strong>Darmanitan</strong>!<br></div><div class="spacer battle-history"><br></div><div class="battle-history"><small>The opposing Forretress restored a little HP using its Leftovers!</small><br></div><div class="spacer battle-history"><br></div><h2 class="battle-history">Turn 2</h2><div class="spacer battle-history"><br></div><div class="battle-history">Darmanitan used <strong>Flare Blitz</strong>!<br></div><div class="battle-history"><small>It's super effective!</small><br></div><div class="battle-history"><small>[The opposing Forretress's Sturdy]</small><br><small>The opposing Forretress endured the hit!</small><br></div><div class="battle-history"><small>(The opposing Forretress lost <abbr title="−353/354">99.7%</abbr> of its health!)</small><br></div><div class="battle-history"><small>Darmanitan is damaged by the recoil!</small><br></div><div class="spacer battle-history"><br></div><div class="battle-history">The opposing Forretress used <strong>Stealth Rock</strong>!<br></div><div class="battle-history"><small>Pointed stones float in the air around your team!</small><br></div><div class="spacer battle-history"><br></div><div class="battle-history"><small>The opposing Forretress restored a little HP using its Leftovers!</small><br></div><div class="spacer battle-history"><br></div><h2 class="battle-history">Turn 3</h2><div class="spacer battle-history"><br></div><div class="battle-history">Jeran withdrew Forretress!<br></div><div class="battle-history">Jeran sent out <strong>Chandelure</strong>!<br></div><div class="spacer battle-history"><br></div><div class="battle-history">Darmanitan used <strong>Flare Blitz</strong>!<br></div><div class="battle-history"><small>[The opposing Chandelure's Flash Fire]</small><br><small>The power of the opposing Chandelure's Fire-type moves rose!</small><br></div><div class="spacer battle-history"><br></div><h2 class="battle-history">Turn 4</h2><div class="spacer battle-history"><br></div><div class="battle-history">Darmanitan, come back!<br></div><div class="battle-history">Go! <strong>Snorlax</strong>!<br></div><div class="battle-history"><small>Pointed stones dug into Snorlax!</small><br></div><div class="spacer battle-history"><br></div><div class="battle-history">The opposing Chandelure used <strong>Substitute</strong>!<br></div><div class="battle-history"><small>The opposing Chandelure put in a substitute!</small><br></div><div class="battle-history"><small>(The opposing Chandelure lost <abbr title="−74/297">24.9%</abbr> of its health!)</small><br></div><div class="spacer battle-history"><br></div><div class="battle-history"><small>The opposing Chandelure restored a little HP using its Leftovers!</small><br></div><div class="spacer battle-history"><br></div><h2 class="battle-history">Turn 5</h2><div class="spacer battle-history"><br></div><div class="battle-history">The opposing Chandelure used <strong>Calm Mind</strong>!<br></div><div class="battle-history"><small>The opposing Chandelure's Special Attack rose!</small><br></div><div class="battle-history"><small>The opposing Chandelure's Special Defense rose!</small><br></div><div class="spacer battle-history"><br></div><div class="battle-history">Snorlax used <strong>Earthquake</strong>!<br></div><div class="battle-history"><small>It's super effective!</small><br></div><div class="battle-history"><small>The opposing Chandelure's substitute faded!</small><br></div><div class="spacer battle-history"><br></div><div class="battle-history"><small>The opposing Chandelure restored a little HP using its Leftovers!</small><br></div><div class="spacer battle-history"><br></div><h2 class="battle-history">Turn 6</h2><div class="chat"><small>dogknees joined.</small></div><div class="spacer battle-history"><br></div><div class="battle-history">Jeran withdrew Chandelure!<br></div><div class="battle-history">Jeran sent out <strong>Gyarados</strong>!<br></div><div class="battle-history"><small>[The opposing Gyarados's Intimidate]</small><br></div><div class="battle-history"><small>Snorlax's Attack fell!</small><br></div><div class="spacer battle-history"><br></div><div class="battle-history">Snorlax used <strong>Earthquake</strong>!<br></div><div class="battle-history"><small>It doesn't affect the opposing Gyarados...</small><br></div><div class="spacer battle-history"><br></div><h2 class="battle-history">Turn 7</h2><div class="spacer battle-history"><br></div><div class="battle-history">Snorlax, come back!<br></div><div class="battle-history">Go! <strong>Darmanitan</strong>!<br></div><div class="battle-history"><small>Pointed stones dug into Darmanitan!</small><br></div><div class="spacer battle-history"><br></div><div class="battle-history">The opposing Gyarados used <strong>Substitute</strong>!<br></div><div class="battle-history"><small>The opposing Gyarados put in a substitute!</small><br></div><div class="battle-history"><small>(The opposing Gyarados lost <abbr title="−82/331">24.8%</abbr> of its health!)</small><br></div><div class="spacer battle-history"><br></div><div class="battle-history"><small>The opposing Gyarados restored a little HP using its Leftovers!</small><br></div><div class="spacer battle-history"><br></div><h2 class="battle-history">Turn 8</h2><div class="spacer battle-history"><br></div><div class="battle-history">Darmanitan used <strong>Rock Slide</strong>!<br></div><div class="battle-history"><small>It's super effective!</small><br></div><div class="battle-history"><small>The opposing Gyarados's substitute faded!</small><br></div><div class="spacer battle-history"><br></div><div class="battle-history">The opposing Gyarados used <strong>Waterfall</strong>!<br></div><div class="battle-history"><small>It's super effective!</small><br></div><div class="battle-history"><small>(Darmanitan lost <abbr title="−148/351">42.2%</abbr> of its health!)</small><br></div><div class="spacer battle-history"><br></div><div class="battle-history">Darmanitan fainted!<br></div><div class="spacer battle-history"><br></div><div class="battle-history"><small>The opposing Gyarados restored a little HP using its Leftovers!</small><br></div><div class="spacer battle-history"><br></div><div class="battle-history">Go! <strong>Hydreigon</strong>!<br></div><div class="battle-history"><small>Pointed stones dug into Hydreigon!</small><br></div><div class="spacer battle-history"><br></div><h2 class="battle-history">Turn 9</h2><div class="spacer battle-history"><br></div><div class="battle-history">Jeran withdrew Gyarados!<br></div><div class="battle-history">Jeran sent out <strong>Forretress</strong>!<br></div><div class="spacer battle-history"><br></div><div class="battle-history">Hydreigon used <strong>Draco Meteor</strong>!<br></div><div class="battle-history"><small>It's not very effective...</small><br></div><div class="battle-history"><small>(The opposing Forretress lost <abbr title="−23/354">6.5%</abbr> of its health!)</small><br></div><div class="battle-history"><small>Hydreigon's Special Attack fell harshly!</small><br></div><div class="spacer battle-history"><br></div><div class="battle-history">The opposing Forretress fainted!<br></div><div class="spacer battle-history"><br></div><div class="battle-history">Jeran sent out <strong>Gyarados</strong>!<br></div><div class="battle-history"><small>[The opposing Gyarados's Intimidate]</small><br></div><div class="battle-history"><small>Hydreigon's Attack fell!</small><br></div><div class="spacer battle-history"><br></div><h2 class="battle-history">Turn 10</h2><div class="spacer battle-history"><br></div><div class="battle-history">Hydreigon, come back!<br></div><div class="battle-history">Go! <strong>Blastoise</strong>!<br></div><div class="battle-history"><small>Pointed stones dug into Blastoise!</small><br></div><div class="spacer battle-history"><br></div><div class="battle-history">The opposing Gyarados used <strong>Dragon Dance</strong>!<br></div><div class="battle-history"><small>The opposing Gyarados's Attack rose!</small><br></div><div class="battle-history"><small>The opposing Gyarados's Speed rose!</small><br></div><div class="spacer battle-history"><br></div><div class="battle-history"><small>The opposing Gyarados restored a little HP using its Leftovers!</small><br></div><div class="spacer battle-history"><br></div><h2 class="battle-history">Turn 11</h2><div class="chat"><small>dogknees left.</small></div><div class="chat"><small>marshallwu left.</small></div><div class="chat"><small>dogknees joined.</small></div><div class="spacer battle-history"><br></div><div class="battle-history"><small>Blastoise's Blastoisinite is reacting to SM1L3Y's Mega Bracelet!</small><br>Blastoise has Mega Evolved into Mega Blastoise!<br></div><div class="spacer battle-history"><br></div><div class="battle-history">The opposing Gyarados used <strong>Bounce</strong>!<br></div><div class="battle-history">The opposing Gyarados sprang up!<br></div><div class="spacer battle-history"><br></div><div class="battle-history">Blastoise used <strong>Ice Beam</strong>!<br></div><div class="battle-history"><small>The opposing Gyarados avoided the attack!</small><br></div><div class="spacer battle-history"><br></div><div class="battle-history"><small>The opposing Gyarados restored a little HP using its Leftovers!</small><br></div><div class="spacer battle-history"><br></div><h2 class="battle-history">Turn 12</h2><div class="spacer battle-history"><br></div><div class="battle-history">The opposing Gyarados used <strong>Bounce</strong>!<br></div><div class="battle-history"><small>(Blastoise lost <abbr title="−174/361">48.2%</abbr> of its health!)</small><br></div><div class="spacer battle-history"><br></div><div class="battle-history">Blastoise used <strong>Ice Beam</strong>!<br></div><div class="battle-history"><small>(The opposing Gyarados lost <abbr title="−131/331">39.6%</abbr> of its health!)</small><br></div><div class="spacer battle-history"><br></div><div class="battle-history"><small>The opposing Gyarados restored a little HP using its Leftovers!</small><br></div><div class="spacer battle-history"><br></div><h2 class="battle-history">Turn 13</h2><div class="spacer battle-history"><br></div><div class="battle-history">The opposing Gyarados used <strong>Dragon Dance</strong>!<br></div><div class="battle-history"><small>The opposing Gyarados's Attack rose!</small><br></div><div class="battle-history"><small>The opposing Gyarados's Speed rose!</small><br></div><div class="spacer battle-history"><br></div><div class="battle-history">Blastoise used <strong>Ice Beam</strong>!<br></div><div class="battle-history"><small>(The opposing Gyarados lost <abbr title="−117/331">35.3%</abbr> of its health!)</small><br></div><div class="battle-history"><small>The opposing Gyarados was frozen solid!</small><br></div><div class="spacer battle-history"><br></div><div class="battle-history"><small>The opposing Gyarados restored a little HP using its Leftovers!</small><br></div><div class="spacer battle-history"><br></div><h2 class="battle-history">Turn 14</h2><div class="spacer battle-history"><br></div><div class="battle-history">Blastoise, come back!<br></div><div class="battle-history">Go! <strong>Hydreigon</strong>!<br></div><div class="battle-history"><small>Pointed stones dug into Hydreigon!</small><br></div><div class="battle-history"><small>The opposing Gyarados thawed out!</small><br></div><div class="spacer battle-history"><br></div><div class="battle-history">The opposing Gyarados used <strong>Waterfall</strong>!<br></div><div class="battle-history"><small>It's not very effective...</small><br></div><div class="battle-history"><small>(Hydreigon lost <abbr title="−142/325">43.7%</abbr> of its health!)</small><br></div><div class="spacer battle-history"><br></div><div class="battle-history"><small>The opposing Gyarados restored a little HP using its Leftovers!</small><br></div><div class="spacer battle-history"><br></div><h2 class="battle-history">Turn 15</h2><div class="spacer battle-history"><br></div><div class="battle-history"><small>SM1L3Y forfeited.</small><br></div><div class="spacer battle-history"><br></div><div class="battle-history"><strong>Jeran</strong> won the battle!<br></div><div class="chat"><small>SM1L3Y left.</small></div></div><div class="inner-preempt"></div></div></div>
</div>
<script>
let daily = Math.floor(Date.now()/1000/60/60/24);document.write('<script src="https://play.pokemonshowdown.com/js/replay-embed.js?version'+daily+'"></'+'script>');
</script>
