<!DOCTYPE html>
<meta charset="utf-8" />
<!-- version 1 -->
<title>UU replay: Chief Lobo vs. der gaviols</title>
<style>
html,body {font-family:Verdana, sans-serif;font-size:10pt;margin:0;padding:0;}body{padding:12px 0;} .battle-log {font-family:Verdana, sans-serif;font-size:10pt;} .battle-log-inline {border:1px solid #AAAAAA;background:#EEF2F5;color:black;max-width:640px;margin:0 auto 80px;padding-bottom:5px;} .battle-log .inner {padding:4px 8px 0px 8px;} .battle-log .inner-preempt {padding:0 8px 4px 8px;} .battle-log .inner-after {margin-top:0.5em;} .battle-log h2 {margin:0.5em -8px;padding:4px 8px;border:1px solid #AAAAAA;background:#E0E7EA;border-left:0;border-right:0;font-family:Verdana, sans-serif;font-size:13pt;} .battle-log .chat {vertical-align:middle;padding:3px 0 3px 0;font-size:8pt;} .battle-log .chat strong {color:#40576A;} .battle-log .chat em {padding:1px 4px 1px 3px;color:#000000;font-style:normal;} .chat.mine {background:rgba(0,0,0,0.05);margin-left:-8px;margin-right:-8px;padding-left:8px;padding-right:8px;} .spoiler {color:#BBBBBB;background:#BBBBBB;padding:0px 3px;} .spoiler:hover, .spoiler:active, .spoiler-shown {color:#000000;background:#E2E2E2;padding:0px 3px;} .spoiler a {color:#BBBBBB;} .spoiler:hover a, .spoiler:active a, .spoiler-shown a {color:#2288CC;} .chat code, .chat .spoiler:hover code, .chat .spoiler:active code, .chat .spoiler-shown code {border:1px solid #C0C0C0;background:#EEEEEE;color:black;padding:0 2px;} .chat .spoiler code {border:1px solid #CCCCCC;background:#CCCCCC;color:#CCCCCC;} .battle-log .rated {padding:3px 4px;} .battle-log .rated strong {color:white;background:#89A;padding:1px 4px;border-radius:4px;} .spacer {margin-top:0.5em;} .message-announce {background:#6688AA;color:white;padding:1px 4px 2px;} .message-announce a, .broadcast-green a, .broadcast-blue a, .broadcast-red a {color:#DDEEFF;} .broadcast-green {background-color:#559955;color:white;padding:2px 4px;} .broadcast-blue {background-color:#6688AA;color:white;padding:2px 4px;} .infobox {border:1px solid #6688AA;padding:2px 4px;} .infobox-limited {max-height:200px;overflow:auto;overflow-x:hidden;} .broadcast-red {background-color:#AA5544;color:white;padding:2px 4px;} .message-learn-canlearn {font-weight:bold;color:#228822;text-decoration:underline;} .message-learn-cannotlearn {font-weight:bold;color:#CC2222;text-decoration:underline;} .message-effect-weak {font-weight:bold;color:#CC2222;} .message-effect-resist {font-weight:bold;color:#6688AA;} .message-effect-immune {font-weight:bold;color:#666666;} .message-learn-list {margin-top:0;margin-bottom:0;} .message-throttle-notice, .message-error {color:#992222;} .message-overflow, .chat small.message-overflow {font-size:0pt;} .message-overflow::before {font-size:9pt;content:'...';} .subtle {color:#3A4A66;}
</style>
<div class="wrapper replay-wrapper" style="max-width:1180px;margin:0 auto">
<input type="hidden" name="replayid" value="uu-593490551" />
<div class="battle"></div><div class="battle-log"></div><div class="replay-controls"></div><div class="replay-controls-2"></div>
<h1 style="font-weight:normal;text-align:center"><strong>UU</strong><br /><a href="http://pokemonshowdown.com/users/chieflobo" class="subtle" target="_blank">Chief Lobo</a> vs. <a href="http://pokemonshowdown.com/users/dergaviols" class="subtle" target="_blank">der gaviols</a></h1>
<script type="text/plain" class="battle-log-data">|j|Chief Lobo
|j|der gaviols
|player|p1|Chief Lobo|154
|teamsize|p1|6
|player|p2|der gaviols|52
|teamsize|p2|6
|gametype|singles
|gen|6
|tier|UU
|rated
|seed|12352,43355,46643,24675
|rule|Sleep Clause Mod: Limit one foe put to sleep
|rule|Species Clause: Limit one of each Pokémon
|rule|OHKO Clause: OHKO moves are banned
|rule|Moody Clause: Moody is banned
|rule|Evasion Moves Clause: Evasion moves are banned
|rule|Endless Battle Clause: Forcing endless battles is banned
|rule|HP Percentage Mod: HP is shown in percentages
|clearpoke
|poke|p1|Lucario, M|item
|poke|p1|Gardevoir, F|item
|poke|p1|Mienshao, F|item
|poke|p1|Absol, M|item
|poke|p1|Haxorus, M|item
|poke|p1|Entei, shiny|item
|poke|p2|Aggron, M|item
|poke|p2|Mismagius, F|item
|poke|p2|Conkeldurr, M, shiny|item
|poke|p2|Celebi|item
|poke|p2|Empoleon, M|item
|poke|p2|Swellow, M|item
|rule|Swagger Clause: Swagger is banned
|rule|Baton Pass Clause: Limit one Baton Passer, can't pass Spe and other stats simultaneously
|teampreview
|inactive|Battle timer is ON: inactive players will automatically lose when time's up. (requested by Chief Lobo)
|choice|team 4, team 2, team 3, team 1, team 5, team 6|team 5, team 2, team 3, team 4, team 1, team 6
|
|start
|switch|p1a: Absol|Absol, M|271\/271
|switch|p2a: Empoleon|Empoleon, M|372\/372
|turn|1
|choice|move thunderbolt mega|move scald
|
|detailschange|p1a: Absol|Absol-Mega, M
|-mega|p1a: Absol|Absol|Absolite
|move|p1a: Absol|Thunderbolt|p2a: Empoleon
|-supereffective|p2a: Empoleon
|-damage|p2a: Empoleon|278\/372
|move|p2a: Empoleon|Scald|p1a: Absol
|-damage|p1a: Absol|127\/271
|
|upkeep
|turn|2
|choice|move thunderbolt|move scald
|
|move|p1a: Absol|Thunderbolt|p2a: Empoleon
|-supereffective|p2a: Empoleon
|-damage|p2a: Empoleon|190\/372
|move|p2a: Empoleon|Scald|p1a: Absol
|-damage|p1a: Absol|0 fnt
|faint|p1a: Absol
|
|upkeep
|choice|switch 3|
|
|switch|p1a: Mienshao|Mienshao, F|271\/271
|turn|3
|choice|move stoneedge|switch 4
|
|switch|p2a: Celebi|Celebi|404\/404
|move|p1a: Mienshao|Stone Edge|p2a: Celebi
|-damage|p2a: Celebi|271\/404
|
|-heal|p2a: Celebi|296\/404|[from] item: Leftovers
|upkeep
|turn|4
|choice|switch 2|move psychic
|
|switch|p1a: Gardevoir|Gardevoir, F|340\/340
|-ability|p1a: Gardevoir|Natural Cure|[from] ability: Trace|[of] p2a: Celebi
|move|p2a: Celebi|Psychic|p1a: Gardevoir
|-resisted|p1a: Gardevoir
|-damage|p1a: Gardevoir|290\/340
|
|-heal|p2a: Celebi|321\/404|[from] item: Leftovers
|-heal|p1a: Gardevoir|311\/340|[from] item: Leftovers
|upkeep
|turn|5
|choice|switch 6|move gigadrain
|
|switch|p1a: Entei|Entei, shiny|371\/371
|-ability|p1a: Entei|Pressure
|move|p2a: Celebi|Giga Drain|p1a: Entei
|-resisted|p1a: Entei
|-damage|p1a: Entei|315\/371
|-heal|p2a: Celebi|349\/404|[from] drain|[of] p1a: Entei
|
|-heal|p2a: Celebi|374\/404|[from] item: Leftovers
|upkeep
|turn|6
|choice|move sacredfire|switch 4
|
|switch|p2a: Empoleon|Empoleon, M|190\/372
|move|p1a: Entei|Sacred Fire|p2a: Empoleon|[miss]
|-miss|p1a: Entei|p2a: Empoleon
|
|upkeep
|turn|7
|choice|move bulldoze|move scald
|
|move|p1a: Entei|Bulldoze|p2a: Empoleon
|-supereffective|p2a: Empoleon
|-damage|p2a: Empoleon|14\/372
|-unboost|p2a: Empoleon|spe|1
|move|p2a: Empoleon|Scald|p1a: Entei
|-supereffective|p1a: Entei
|-damage|p1a: Entei|0 fnt
|faint|p1a: Entei
|
|upkeep
|choice|switch 4|
|
|switch|p1a: Lucario|Lucario, M|281\/281
|turn|8
|choice|move vacuumwave|switch 3
|
|switch|p2a: Conkeldurr|Conkeldurr, M, shiny|351\/351
|move|p1a: Lucario|Vacuum Wave|p2a: Conkeldurr
|-damage|p2a: Conkeldurr|305\/351
|
|upkeep
|turn|9
|choice|switch 6|move machpunch
|
|switch|p1a: Gardevoir|Gardevoir, F|311\/340
|-ability|p1a: Gardevoir|Iron Fist|[from] ability: Trace|[of] p2a: Conkeldurr
|move|p2a: Conkeldurr|Mach Punch|p1a: Gardevoir
|-resisted|p1a: Gardevoir
|-damage|p1a: Gardevoir|277\/340
|
|-heal|p1a: Gardevoir|298\/340|[from] item: Leftovers
|upkeep
|turn|10
|choice|move moonblast|switch 4
|
|switch|p2a: Celebi|Celebi|374\/404
|move|p1a: Gardevoir|Moonblast|p2a: Celebi
|-damage|p2a: Celebi|253\/404
|-unboost|p2a: Celebi|spa|1
|
|-heal|p2a: Celebi|278\/404|[from] item: Leftovers
|-heal|p1a: Gardevoir|319\/340|[from] item: Leftovers
|upkeep
|turn|11
|choice|move shadowball|move gigadrain
|
|move|p2a: Celebi|Giga Drain|p1a: Gardevoir
|-damage|p1a: Gardevoir|267\/340
|-heal|p2a: Celebi|304\/404|[from] drain|[of] p1a: Gardevoir
|move|p1a: Gardevoir|Shadow Ball|p2a: Celebi
|-supereffective|p2a: Celebi
|-damage|p2a: Celebi|168\/404
|
|-heal|p2a: Celebi|193\/404|[from] item: Leftovers
|-heal|p1a: Gardevoir|288\/340|[from] item: Leftovers
|upkeep
|turn|12
|choice|move shadowball|switch 2
|
|switch|p2a: Mismagius|Mismagius, F|261\/261
|move|p1a: Gardevoir|Shadow Ball|p2a: Mismagius
|-supereffective|p2a: Mismagius
|-crit|p2a: Mismagius
|-enditem|p2a: Mismagius|Focus Sash
|-damage|p2a: Mismagius|1\/261
|
|-heal|p1a: Gardevoir|309\/340|[from] item: Leftovers
|upkeep
|turn|13
|choice|move shadowball|move destinybond
|
|move|p2a: Mismagius|Destiny Bond|p2a: Mismagius
|-singlemove|p2a: Mismagius|Destiny Bond
|move|p1a: Gardevoir|Shadow Ball|p2a: Mismagius
|-supereffective|p2a: Mismagius
|-damage|p2a: Mismagius|0 fnt
|faint|p2a: Mismagius
|-activate|p2a: Mismagius|move: Destiny Bond
|faint|p1a: Gardevoir
|
|upkeep
|choice|switch 5|switch 5
|
|switch|p1a: Haxorus|Haxorus, M|293\/293
|switch|p2a: Aggron|Aggron, M|281\/281
|-ability|p1a: Haxorus|Mold Breaker
|turn|14
|choice|move dragondance|move headsmash
|
|move|p1a: Haxorus|Dragon Dance|p1a: Haxorus
|-boost|p1a: Haxorus|atk|1
|-boost|p1a: Haxorus|spe|1
|move|p2a: Aggron|Head Smash|p1a: Haxorus
|-damage|p1a: Haxorus|0 fnt
|faint|p1a: Haxorus
|
|upkeep
|choice|switch 2|
|
|switch|p1a: Mienshao|Mienshao, F|271\/271
|turn|15
|choice|move highjumpkick|switch 4
|
|switch|p2a: Conkeldurr|Conkeldurr, M, shiny|305\/351
|move|p1a: Mienshao|High Jump Kick|p2a: Conkeldurr
|-damage|p2a: Conkeldurr|35\/351
|
|upkeep
|turn|16
|choice|move highjumpkick|switch 2
|
|switch|p2a: Celebi|Celebi|193\/404
|move|p1a: Mienshao|High Jump Kick|p2a: Celebi
|-resisted|p2a: Celebi
|-damage|p2a: Celebi|62\/404
|
|-heal|p2a: Celebi|87\/404|[from] item: Leftovers
|upkeep
|turn|17
|choice|move highjumpkick|move psychic
|
|move|p1a: Mienshao|High Jump Kick|p2a: Celebi
|-resisted|p2a: Celebi
|-damage|p2a: Celebi|0 fnt
|faint|p2a: Celebi
|
|upkeep
|choice||switch 6
|
|switch|p2a: Swellow|Swellow, M|261\/261
|turn|18
|choice|switch 6|move airslash
|
|switch|p1a: Lucario|Lucario, M|281\/281
|move|p2a: Swellow|Air Slash|p1a: Lucario
|-damage|p1a: Lucario|185\/281
|
|upkeep
|turn|19
|choice|move flashcannon|switch 3
|
|switch|p2a: Empoleon|Empoleon, M|14\/372
|move|p1a: Lucario|Flash Cannon|p2a: Empoleon
|-resisted|p2a: Empoleon
|-damage|p2a: Empoleon|0 fnt
|faint|p2a: Empoleon
|
|upkeep
|choice||switch 3
|
|switch|p2a: Swellow|Swellow, M|261\/261
|turn|20
|choice|move flashcannon|move heatwave
|
|move|p2a: Swellow|Heat Wave|p1a: Lucario|[miss]
|-miss|p2a: Swellow|p1a: Lucario
|move|p1a: Lucario|Flash Cannon|p2a: Swellow
|-damage|p2a: Swellow|20\/261
|
|upkeep
|turn|21
|choice|move vacuumwave|move heatwave
|
|move|p1a: Lucario|Vacuum Wave|p2a: Swellow
|-damage|p2a: Swellow|0 fnt
|faint|p2a: Swellow
|
|upkeep
|choice||switch 2
|
|switch|p2a: Conkeldurr|Conkeldurr, M, shiny|35\/351
|turn|22
|choice|move vacuumwave|move machpunch
|
|move|p1a: Lucario|Vacuum Wave|p2a: Conkeldurr
|-damage|p2a: Conkeldurr|0 fnt
|faint|p2a: Conkeldurr
|
|upkeep
|choice||switch 4
|
|switch|p2a: Aggron|Aggron, M|281\/281
|turn|23
|choice|move aurasphere|move earthquake mega
|
|detailschange|p2a: Aggron|Aggron-Mega, M
|-mega|p2a: Aggron|Aggron|Aggronite
|move|p1a: Lucario|Aura Sphere|p2a: Aggron
|-supereffective|p2a: Aggron
|-damage|p2a: Aggron|29\/281
|move|p2a: Aggron|Earthquake|p1a: Lucario
|-supereffective|p1a: Lucario
|-damage|p1a: Lucario|0 fnt
|faint|p1a: Lucario
|
|upkeep
|choice|switch 6|
|
|switch|p1a: Mienshao|Mienshao, F|271\/271
|turn|24
|choice|move highjumpkick|move ironhead
|
|move|p1a: Mienshao|High Jump Kick|p2a: Aggron
|-supereffective|p2a: Aggron
|-damage|p2a: Aggron|0 fnt
|faint|p2a: Aggron
|
|win|Chief Lobo
|raw|Chief Lobo's rating: 1103 &rarr; <strong>1125<\/strong><br \/>(+22 for winning)
|raw|der gaviols's rating: 1069 &rarr; <strong>1051<\/strong><br \/>(-18 for losing)
|c|☆Chief Lobo|gg
|l|der gaviols</script>
</div>
<div class="battle-log battle-log-inline"><div class="inner"><div class="battle-options"></div><div class="inner"><div class="chat"><small>Chief Lobo joined.</small></div><div class="chat"><small>der gaviols joined.</small></div><div class=""><small>Format:</small> <br><strong>UU</strong></div><div class="rated"><strong>Rated battle</strong></div><div class=""><small><em>Sleep Clause Mod:</em> Limit one foe put to sleep</small></div><div class=""><small><em>Species Clause:</em> Limit one of each Pokémon</small></div><div class=""><small><em>OHKO Clause:</em> OHKO moves are banned</small></div><div class=""><small><em>Moody Clause:</em> Moody is banned</small></div><div class=""><small><em>Evasion Moves Clause:</em> Evasion moves are banned</small></div><div class=""><small><em>Endless Battle Clause:</em> Forcing endless battles is banned</small></div><div class=""><small><em>HP Percentage Mod:</em> HP is shown in percentages</small></div><div class=""><small><em>Swagger Clause:</em> Swagger is banned</small></div><div class=""><small><em>Baton Pass Clause:</em> Limit one Baton Passer, can't pass Spe and other stats simultaneously</small></div><div class="chat battle-history"><strong>Chief Lobo's team:</strong> <em style="color:#445566;display:block;">Lucario / Gardevoir / Mienshao / Absol / Haxorus / Entei</em></div><div class="chat battle-history"><strong>der gaviols's team:</strong> <em style="color:#445566;display:block;">Aggron / Mismagius / Conkeldurr / Celebi / Empoleon / Swellow</em></div><div class="chat message-error">Battle timer is ON: inactive players will automatically lose when time's up. (requested by Chief Lobo)</div><div class="spacer battle-history"><br></div><div class="battle-history">Battle started between Chief Lobo and der gaviols!<br></div><div class="spacer battle-history"><br></div><div class="battle-history">Go! <strong>Absol</strong>!<br></div><div class="spacer battle-history"><br></div><div class="battle-history">der gaviols sent out <strong>Empoleon</strong>!<br></div><div class="spacer battle-history"><br></div><h2 class="battle-history">Turn 1</h2><div class="spacer battle-history"><br></div><div class="battle-history"><small>Absol's Absolite is reacting to Chief Lobo's Mega Bracelet!</small><br>Absol has Mega Evolved into Mega Absol!<br></div><div class="spacer battle-history"><br></div><div class="battle-history">Absol used <strong>Thunderbolt</strong>!<br></div><div class="battle-history"><small>It's super effective!</small><br></div><div class="battle-history"><small>(The opposing Empoleon lost <abbr title="−94/372">25.3%</abbr> of its health!)</small><br></div><div class="spacer battle-history"><br></div><div class="battle-history">The opposing Empoleon used <strong>Scald</strong>!<br></div><div class="battle-history"><small>(Absol lost <abbr title="−144/271">53.1%</abbr> of its health!)</small><br></div><div class="spacer battle-history"><br></div><h2 class="battle-history">Turn 2</h2><div class="spacer battle-history"><br></div><div class="battle-history">Absol used <strong>Thunderbolt</strong>!<br></div><div class="battle-history"><small>It's super effective!</small><br></div><div class="battle-history"><small>(The opposing Empoleon lost <abbr title="−88/372">23.7%</abbr> of its health!)</small><br></div><div class="spacer battle-history"><br></div><div class="battle-history">The opposing Empoleon used <strong>Scald</strong>!<br></div><div class="battle-history"><small>(Absol lost <abbr title="−127/271">46.9%</abbr> of its health!)</small><br></div><div class="spacer battle-history"><br></div><div class="battle-history">Absol fainted!<br></div><div class="spacer battle-history"><br></div><div class="battle-history">Go! <strong>Mienshao</strong>!<br></div><div class="spacer battle-history"><br></div><h2 class="battle-history">Turn 3</h2><div class="spacer battle-history"><br></div><div class="battle-history">der gaviols withdrew Empoleon!<br></div><div class="battle-history">der gaviols sent out <strong>Celebi</strong>!<br></div><div class="spacer battle-history"><br></div><div class="battle-history">Mienshao used <strong>Stone Edge</strong>!<br></div><div class="battle-history"><small>(The opposing Celebi lost <abbr title="−133/404">32.9%</abbr> of its health!)</small><br></div><div class="spacer battle-history"><br></div><div class="battle-history"><small>The opposing Celebi restored a little HP using its Leftovers!</small><br></div><div class="spacer battle-history"><br></div><h2 class="battle-history">Turn 4</h2><div class="spacer battle-history"><br></div><div class="battle-history">Mienshao, come back!<br></div><div class="battle-history">Go! <strong>Gardevoir</strong>!<br></div><div class="battle-history"><small>[Gardevoir's Trace]</small><br><small>[Gardevoir's Natural Cure]</small><br><small>Gardevoir traced the opposing Celebi's Natural Cure!</small><br></div><div class="spacer battle-history"><br></div><div class="battle-history">The opposing Celebi used <strong>Psychic</strong>!<br></div><div class="battle-history"><small>It's not very effective...</small><br></div><div class="battle-history"><small>(Gardevoir lost <abbr title="−50/340">14.7%</abbr> of its health!)</small><br></div><div class="spacer battle-history"><br></div><div class="battle-history"><small>The opposing Celebi restored a little HP using its Leftovers!</small><br></div><div class="battle-history"><small>Gardevoir restored a little HP using its Leftovers!</small><br></div><div class="spacer battle-history"><br></div><h2 class="battle-history">Turn 5</h2><div class="spacer battle-history"><br></div><div class="battle-history">Gardevoir, come back!<br></div><div class="battle-history">Go! <strong>Entei</strong>!<br></div><div class="battle-history"><small>[Entei's Pressure]</small><br><small>Entei is exerting its pressure!</small><br></div><div class="spacer battle-history"><br></div><div class="battle-history">The opposing Celebi used <strong>Giga Drain</strong>!<br></div><div class="battle-history"><small>It's not very effective...</small><br></div><div class="battle-history"><small>(Entei lost <abbr title="−56/371">15.1%</abbr> of its health!)</small><br></div><div class="battle-history"><small>Entei had its energy drained!</small><br></div><div class="spacer battle-history"><br></div><div class="battle-history"><small>The opposing Celebi restored a little HP using its Leftovers!</small><br></div><div class="spacer battle-history"><br></div><h2 class="battle-history">Turn 6</h2><div class="spacer battle-history"><br></div><div class="battle-history">der gaviols withdrew Celebi!<br></div><div class="battle-history">der gaviols sent out <strong>Empoleon</strong>!<br></div><div class="spacer battle-history"><br></div><div class="battle-history">Entei used <strong>Sacred Fire</strong>!<br></div><div class="battle-history"><small>The opposing Empoleon avoided the attack!</small><br></div><div class="spacer battle-history"><br></div><h2 class="battle-history">Turn 7</h2><div class="spacer battle-history"><br></div><div class="battle-history">Entei used <strong>Bulldoze</strong>!<br></div><div class="battle-history"><small>It's super effective!</small><br></div><div class="battle-history"><small>(The opposing Empoleon lost <abbr title="−176/372">47.3%</abbr> of its health!)</small><br></div><div class="battle-history"><small>The opposing Empoleon's Speed fell!</small><br></div><div class="spacer battle-history"><br></div><div class="battle-history">The opposing Empoleon used <strong>Scald</strong>!<br></div><div class="battle-history"><small>It's super effective!</small><br></div><div class="battle-history"><small>(Entei lost <abbr title="−315/371">84.9%</abbr> of its health!)</small><br></div><div class="spacer battle-history"><br></div><div class="battle-history">Entei fainted!<br></div><div class="spacer battle-history"><br></div><div class="battle-history">Go! <strong>Lucario</strong>!<br></div><div class="spacer battle-history"><br></div><h2 class="battle-history">Turn 8</h2><div class="spacer battle-history"><br></div><div class="battle-history">der gaviols withdrew Empoleon!<br></div><div class="battle-history">der gaviols sent out <strong>Conkeldurr</strong>!<br></div><div class="spacer battle-history"><br></div><div class="battle-history">Lucario used <strong>Vacuum Wave</strong>!<br></div><div class="battle-history"><small>(The opposing Conkeldurr lost <abbr title="−46/351">13.1%</abbr> of its health!)</small><br></div><div class="spacer battle-history"><br></div><h2 class="battle-history">Turn 9</h2><div class="spacer battle-history"><br></div><div class="battle-history">Lucario, come back!<br></div><div class="battle-history">Go! <strong>Gardevoir</strong>!<br></div><div class="battle-history"><small>[Gardevoir's Trace]</small><br><small>[Gardevoir's Iron Fist]</small><br><small>Gardevoir traced the opposing Conkeldurr's Iron Fist!</small><br></div><div class="spacer battle-history"><br></div><div class="battle-history">The opposing Conkeldurr used <strong>Mach Punch</strong>!<br></div><div class="battle-history"><small>It's not very effective...</small><br></div><div class="battle-history"><small>(Gardevoir lost <abbr title="−34/340">10%</abbr> of its health!)</small><br></div><div class="spacer battle-history"><br></div><div class="battle-history"><small>Gardevoir restored a little HP using its Leftovers!</small><br></div><div class="spacer battle-history"><br></div><h2 class="battle-history">Turn 10</h2><div class="spacer battle-history"><br></div><div class="battle-history">der gaviols withdrew Conkeldurr!<br></div><div class="battle-history">der gaviols sent out <strong>Celebi</strong>!<br></div><div class="spacer battle-history"><br></div><div class="battle-history">Gardevoir used <strong>Moonblast</strong>!<br></div><div class="battle-history"><small>(The opposing Celebi lost <abbr title="−121/404">30.0%</abbr> of its health!)</small><br></div><div class="battle-history"><small>The opposing Celebi's Special Attack fell!</small><br></div><div class="spacer battle-history"><br></div><div class="battle-history"><small>The opposing Celebi restored a little HP using its Leftovers!</small><br></div><div class="battle-history"><small>Gardevoir restored a little HP using its Leftovers!</small><br></div><div class="spacer battle-history"><br></div><h2 class="battle-history">Turn 11</h2><div class="spacer battle-history"><br></div><div class="battle-history">The opposing Celebi used <strong>Giga Drain</strong>!<br></div><div class="battle-history"><small>(Gardevoir lost <abbr title="−52/340">15.3%</abbr> of its health!)</small><br></div><div class="battle-history"><small>Gardevoir had its energy drained!</small><br></div><div class="spacer battle-history"><br></div><div class="battle-history">Gardevoir used <strong>Shadow Ball</strong>!<br></div><div class="battle-history"><small>It's super effective!</small><br></div><div class="battle-history"><small>(The opposing Celebi lost <abbr title="−136/404">33.7%</abbr> of its health!)</small><br></div><div class="spacer battle-history"><br></div><div class="battle-history"><small>The opposing Celebi restored a little HP using its Leftovers!</small><br></div><div class="battle-history"><small>Gardevoir restored a little HP using its Leftovers!</small><br></div><div class="spacer battle-history"><br></div><h2 class="battle-history">Turn 12</h2><div class="spacer battle-history"><br></div><div class="battle-history">der gaviols withdrew Celebi!<br></div><div class="battle-history">der gaviols sent out <strong>Mismagius</strong>!<br></div><div class="spacer battle-history"><br></div><div class="battle-history">Gardevoir used <strong>Shadow Ball</strong>!<br></div><div class="battle-history"><small>It's super effective!</small><br></div><div class="battle-history"><small>A critical hit!</small><br></div><div class="battle-history"><small>The opposing Mismagius hung on using its Focus Sash!</small><br></div><div class="battle-history"><small>(The opposing Mismagius lost <abbr title="−260/261">99.6%</abbr> of its health!)</small><br></div><div class="spacer battle-history"><br></div><div class="battle-history"><small>Gardevoir restored a little HP using its Leftovers!</small><br></div><div class="spacer battle-history"><br></div><h2 class="battle-history">Turn 13</h2><div class="spacer battle-history"><br></div><div class="battle-history">The opposing Mismagius used <strong>Destiny Bond</strong>!<br></div><div class="battle-history">The opposing Mismagius is hoping to take its attacker down with it!<br></div><div class="spacer battle-history"><br></div><div class="battle-history">Gardevoir used <strong>Shadow Ball</strong>!<br></div><div class="battle-history"><small>It's super effective!</small><br></div><div class="battle-history"><small>(The opposing Mismagius lost <abbr title="−1/261">0.4%</abbr> of its health!)</small><br></div><div class="spacer battle-history"><br></div><div class="battle-history">The opposing Mismagius fainted!<br></div><div class="battle-history"><small>The opposing Mismagius took its attacker down with it!</small><br></div><div class="spacer battle-history"><br></div><div class="battle-history">Gardevoir fainted!<br></div><div class="spacer battle-history"><br></div><div class="battle-history">Go! <strong>Haxorus</strong>!<br></div><div class="spacer battle-history"><br></div><div class="battle-history">der gaviols sent out <strong>Aggron</strong>!<br></div><div class="battle-history"><small>[Haxorus's Mold Breaker]</small><br><small>Haxorus breaks the mold!</small><br></div><div class="spacer battle-history"><br></div><h2 class="battle-history">Turn 14</h2><div class="spacer battle-history"><br></div><div class="battle-history">Haxorus used <strong>Dragon Dance</strong>!<br></div><div class="battle-history"><small>Haxorus's Attack rose!</small><br></div><div class="battle-history"><small>Haxorus's Speed rose!</small><br></div><div class="spacer battle-history"><br></div><div class="battle-history">The opposing Aggron used <strong>Head Smash</strong>!<br></div><div class="battle-history"><small>(Haxorus lost <abbr title="−293/293">100%</abbr> of its health!)</small><br></div><div class="spacer battle-history"><br></div><div class="battle-history">Haxorus fainted!<br></div><div class="spacer battle-history"><br></div><div class="battle-history">Go! <strong>Mienshao</strong>!<br></div><div class="spacer battle-history"><br></div><h2 class="battle-history">Turn 15</h2><div class="spacer battle-history"><br></div><div class="battle-history">der gaviols withdrew Aggron!<br></div><div class="battle-history">der gaviols sent out <strong>Conkeldurr</strong>!<br></div><div class="spacer battle-history"><br></div><div class="battle-history">Mienshao used <strong>High Jump Kick</strong>!<br></div><div class="battle-history"><small>(The opposing Conkeldurr lost <abbr title="−270/351">76.9%</abbr> of its health!)</small><br></div><div class="spacer battle-history"><br></div><h2 class="battle-history">Turn 16</h2><div class="spacer battle-history"><br></div><div class="battle-history">der gaviols withdrew Conkeldurr!<br></div><div class="battle-history">der gaviols sent out <strong>Celebi</strong>!<br></div><div class="spacer battle-history"><br></div><div class="battle-history">Mienshao used <strong>High Jump Kick</strong>!<br></div><div class="battle-history"><small>It's not very effective...</small><br></div><div class="battle-history"><small>(The opposing Celebi lost <abbr title="−131/404">32.4%</abbr> of its health!)</small><br></div><div class="spacer battle-history"><br></div><div class="battle-history"><small>The opposing Celebi restored a little HP using its Leftovers!</small><br></div><div class="spacer battle-history"><br></div><h2 class="battle-history">Turn 17</h2><div class="spacer battle-history"><br></div><div class="battle-history">Mienshao used <strong>High Jump Kick</strong>!<br></div><div class="battle-history"><small>It's not very effective...</small><br></div><div class="battle-history"><small>(The opposing Celebi lost <abbr title="−87/404">21.5%</abbr> of its health!)</small><br></div><div class="spacer battle-history"><br></div><div class="battle-history">The opposing Celebi fainted!<br></div><div class="spacer battle-history"><br></div><div class="battle-history">der gaviols sent out <strong>Swellow</strong>!<br></div><div class="spacer battle-history"><br></div><h2 class="battle-history">Turn 18</h2><div class="spacer battle-history"><br></div><div class="battle-history">Mienshao, come back!<br></div><div class="battle-history">Go! <strong>Lucario</strong>!<br></div><div class="spacer battle-history"><br></div><div class="battle-history">The opposing Swellow used <strong>Air Slash</strong>!<br></div><div class="battle-history"><small>(Lucario lost <abbr title="−96/281">34.2%</abbr> of its health!)</small><br></div><div class="spacer battle-history"><br></div><h2 class="battle-history">Turn 19</h2><div class="spacer battle-history"><br></div><div class="battle-history">der gaviols withdrew Swellow!<br></div><div class="battle-history">der gaviols sent out <strong>Empoleon</strong>!<br></div><div class="spacer battle-history"><br></div><div class="battle-history">Lucario used <strong>Flash Cannon</strong>!<br></div><div class="battle-history"><small>It's not very effective...</small><br></div><div class="battle-history"><small>(The opposing Empoleon lost <abbr title="−14/372">3.8%</abbr> of its health!)</small><br></div><div class="spacer battle-history"><br></div><div class="battle-history">The opposing Empoleon fainted!<br></div><div class="spacer battle-history"><br></div><div class="battle-history">der gaviols sent out <strong>Swellow</strong>!<br></div><div class="spacer battle-history"><br></div><h2 class="battle-history">Turn 20</h2><div class="spacer battle-history"><br></div><div class="battle-history">The opposing Swellow used <strong>Heat Wave</strong>!<br></div><div class="battle-history"><small>Lucario avoided the attack!</small><br></div><div class="spacer battle-history"><br></div><div class="battle-history">Lucario used <strong>Flash Cannon</strong>!<br></div><div class="battle-history"><small>(The opposing Swellow lost <abbr title="−241/261">92.3%</abbr> of its health!)</small><br></div><div class="spacer battle-history"><br></div><h2 class="battle-history">Turn 21</h2><div class="spacer battle-history"><br></div><div class="battle-history">Lucario used <strong>Vacuum Wave</strong>!<br></div><div class="battle-history"><small>(The opposing Swellow lost <abbr title="−20/261">7.7%</abbr> of its health!)</small><br></div><div class="spacer battle-history"><br></div><div class="battle-history">The opposing Swellow fainted!<br></div><div class="spacer battle-history"><br></div><div class="battle-history">der gaviols sent out <strong>Conkeldurr</strong>!<br></div><div class="spacer battle-history"><br></div><h2 class="battle-history">Turn 22</h2><div class="spacer battle-history"><br></div><div class="battle-history">Lucario used <strong>Vacuum Wave</strong>!<br></div><div class="battle-history"><small>(The opposing Conkeldurr lost <abbr title="−35/351">10.0%</abbr> of its health!)</small><br></div><div class="spacer battle-history"><br></div><div class="battle-history">The opposing Conkeldurr fainted!<br></div><div class="spacer battle-history"><br></div><div class="battle-history">der gaviols sent out <strong>Aggron</strong>!<br></div><div class="spacer battle-history"><br></div><h2 class="battle-history">Turn 23</h2><div class="spacer battle-history"><br></div><div class="battle-history"><small>The opposing Aggron's Aggronite is reacting to der gaviols's Mega Bracelet!</small><br>The opposing Aggron has Mega Evolved into Mega Aggron!<br></div><div class="spacer battle-history"><br></div><div class="battle-history">Lucario used <strong>Aura Sphere</strong>!<br></div><div class="battle-history"><small>It's super effective!</small><br></div><div class="battle-history"><small>(The opposing Aggron lost <abbr title="−252/281">89.7%</abbr> of its health!)</small><br></div><div class="spacer battle-history"><br></div><div class="battle-history">The opposing Aggron used <strong>Earthquake</strong>!<br></div><div class="battle-history"><small>It's super effective!</small><br></div><div class="battle-history"><small>(Lucario lost <abbr title="−185/281">65.8%</abbr> of its health!)</small><br></div><div class="spacer battle-history"><br></div><div class="battle-history">Lucario fainted!<br></div><div class="spacer battle-history"><br></div><div class="battle-history">Go! <strong>Mienshao</strong>!<br></div><div class="spacer battle-history"><br></div><h2 class="battle-history">Turn 24</h2><div class="spacer battle-history"><br></div><div class="battle-history">Mienshao used <strong>High Jump Kick</strong>!<br></div><div class="battle-history"><small>It's super effective!</small><br></div><div class="battle-history"><small>(The opposing Aggron lost <abbr title="−29/281">10.3%</abbr> of its health!)</small><br></div><div class="spacer battle-history"><br></div><div class="battle-history">The opposing Aggron fainted!<br></div><div class="spacer battle-history"><br></div><div class="battle-history"><strong>Chief Lobo</strong> won the battle!<br></div><div class="chat">Chief Lobo's rating: 1103 → <strong>1125</strong><br>(+22 for winning)</div><div class="chat">der gaviols's rating: 1069 → <strong>1051</strong><br>(-18 for losing)</div><div class="chat chatmessage-chieflobo"><strong style="color:hsl(344,44%,52.10009420502018%)"><small>☆</small><span class="username" data-name="Chief Lobo">Chief Lobo</span>:</strong> <em>gg</em></div><div class="chat"><small>der gaviols left.</small></div></div><div class="inner-preempt"></div></div></div>
</div>
<script>
let daily = Math.floor(Date.now()/1000/60/60/24);document.write('<script src="https://play.pokemonshowdown.com/js/replay-embed.js?version'+daily+'"></'+'script>');
</script>
