<!DOCTYPE html>
<meta charset="utf-8" />
<!-- version 1 -->
<title>UU replay: KurisuK36 vs. T-cancer</title>
<style>
html,body {font-family:Verdana, sans-serif;font-size:10pt;margin:0;padding:0;}body{padding:12px 0;} .battle-log {font-family:Verdana, sans-serif;font-size:10pt;} .battle-log-inline {border:1px solid #AAAAAA;background:#EEF2F5;color:black;max-width:640px;margin:0 auto 80px;padding-bottom:5px;} .battle-log .inner {padding:4px 8px 0px 8px;} .battle-log .inner-preempt {padding:0 8px 4px 8px;} .battle-log .inner-after {margin-top:0.5em;} .battle-log h2 {margin:0.5em -8px;padding:4px 8px;border:1px solid #AAAAAA;background:#E0E7EA;border-left:0;border-right:0;font-family:Verdana, sans-serif;font-size:13pt;} .battle-log .chat {vertical-align:middle;padding:3px 0 3px 0;font-size:8pt;} .battle-log .chat strong {color:#40576A;} .battle-log .chat em {padding:1px 4px 1px 3px;color:#000000;font-style:normal;} .chat.mine {background:rgba(0,0,0,0.05);margin-left:-8px;margin-right:-8px;padding-left:8px;padding-right:8px;} .spoiler {color:#BBBBBB;background:#BBBBBB;padding:0px 3px;} .spoiler:hover, .spoiler:active, .spoiler-shown {color:#000000;background:#E2E2E2;padding:0px 3px;} .spoiler a {color:#BBBBBB;} .spoiler:hover a, .spoiler:active a, .spoiler-shown a {color:#2288CC;} .chat code, .chat .spoiler:hover code, .chat .spoiler:active code, .chat .spoiler-shown code {border:1px solid #C0C0C0;background:#EEEEEE;color:black;padding:0 2px;} .chat .spoiler code {border:1px solid #CCCCCC;background:#CCCCCC;color:#CCCCCC;} .battle-log .rated {padding:3px 4px;} .battle-log .rated strong {color:white;background:#89A;padding:1px 4px;border-radius:4px;} .spacer {margin-top:0.5em;} .message-announce {background:#6688AA;color:white;padding:1px 4px 2px;} .message-announce a, .broadcast-green a, .broadcast-blue a, .broadcast-red a {color:#DDEEFF;} .broadcast-green {background-color:#559955;color:white;padding:2px 4px;} .broadcast-blue {background-color:#6688AA;color:white;padding:2px 4px;} .infobox {border:1px solid #6688AA;padding:2px 4px;} .infobox-limited {max-height:200px;overflow:auto;overflow-x:hidden;} .broadcast-red {background-color:#AA5544;color:white;padding:2px 4px;} .message-learn-canlearn {font-weight:bold;color:#228822;text-decoration:underline;} .message-learn-cannotlearn {font-weight:bold;color:#CC2222;text-decoration:underline;} .message-effect-weak {font-weight:bold;color:#CC2222;} .message-effect-resist {font-weight:bold;color:#6688AA;} .message-effect-immune {font-weight:bold;color:#666666;} .message-learn-list {margin-top:0;margin-bottom:0;} .message-throttle-notice, .message-error {color:#992222;} .message-overflow, .chat small.message-overflow {font-size:0pt;} .message-overflow::before {font-size:9pt;content:'...';} .subtle {color:#3A4A66;}
</style>
<div class="wrapper replay-wrapper" style="max-width:1180px;margin:0 auto">
<input type="hidden" name="replayid" value="uu-581218017" />
<div class="battle"></div><div class="battle-log"></div><div class="replay-controls"></div><div class="replay-controls-2"></div>
<h1 style="font-weight:normal;text-align:center"><strong>UU</strong><br /><a href="http://pokemonshowdown.com/users/kurisuk36" class="subtle" target="_blank">KurisuK36</a> vs. <a href="http://pokemonshowdown.com/users/tcancer" class="subtle" target="_blank">T-cancer</a></h1>
<script type="text/plain" class="battle-log-data">|j|KurisuK36
|j|T-cancer
|player|p1|KurisuK36|52
|teamsize|p1|3
|player|p2|T-cancer|10
|teamsize|p2|6
|gametype|singles
|gen|6
|tier|UU
|rated
|seed|62828,30209,1045,13687
|rule|Sleep Clause Mod: Limit one foe put to sleep
|rule|Species Clause: Limit one of each Pokémon
|rule|OHKO Clause: OHKO moves are banned
|rule|Moody Clause: Moody is banned
|rule|Evasion Moves Clause: Evasion moves are banned
|rule|Endless Battle Clause: Forcing endless battles is banned
|rule|HP Percentage Mod: HP is shown in percentages
|clearpoke
|poke|p1|Aggron, M|item
|poke|p1|Alomomola, F|item
|poke|p1|Goodra, F|item
|poke|p2|Beedrill, F|item
|poke|p2|Regirock|item
|poke|p2|Empoleon, F|item
|poke|p2|Hydreigon, F|item
|poke|p2|Chandelure, F|item
|poke|p2|Slowking, F|item
|rule|Swagger Clause: Swagger is banned
|rule|Baton Pass Clause: Limit one Baton Passer, can't pass Spe and other stats simultaneously
|teampreview
|c|☆T-cancer|whos sweeping?
|inactive|Battle timer is ON: inactive players will automatically lose when time's up. (requested by KurisuK36)
|c|☆T-cancer|im guessing rock polish aggron
|choice|team 3, team 2, team 1|team 5, team 2, team 3, team 4, team 1, team 6
|
|start
|switch|p1a: Goodra|Goodra, F|383\/383
|switch|p2a: Chandelure|Chandelure, F|261\/261
|turn|1
|c|☆KurisuK36|Lets find out
|choice|move dragonpulse|move trick
|
|move|p2a: Chandelure|Trick|p1a: Goodra
|-activate|p2a: Chandelure|move: Trick|[of] p1a: Goodra
|-item|p1a: Goodra|Choice Specs|[from] move: Trick
|-item|p2a: Chandelure|Assault Vest|[from] move: Trick
|move|p1a: Goodra|Dragon Pulse|p2a: Chandelure
|-damage|p2a: Chandelure|111\/261
|
|upkeep
|turn|2
|choice|move dragonpulse|switch 6
|
|switch|p2a: Slowking|Slowking, F|393\/393
|move|p1a: Goodra|Dragon Pulse|p2a: Slowking
|-damage|p2a: Slowking|234\/393
|
|-heal|p2a: Slowking|258\/393|[from] item: Leftovers
|upkeep
|turn|3
|choice|move dragonpulse|move calmmind
|
|move|p1a: Goodra|Dragon Pulse|p2a: Slowking
|-damage|p2a: Slowking|98\/393
|move|p2a: Slowking|Calm Mind|p2a: Slowking
|-boost|p2a: Slowking|spa|1
|-boost|p2a: Slowking|spd|1
|
|-heal|p2a: Slowking|122\/393|[from] item: Leftovers
|upkeep
|turn|4
|choice|move dragonpulse|move slackoff
|
|move|p1a: Goodra|Dragon Pulse|p2a: Slowking
|-damage|p2a: Slowking|25\/393
|move|p2a: Slowking|Slack Off|p2a: Slowking
|-heal|p2a: Slowking|222\/393
|
|-heal|p2a: Slowking|246\/393|[from] item: Leftovers
|upkeep
|turn|5
|c|☆T-cancer|well rip you
|choice|switch 2|move calmmind
|
|switch|p1a: Alomomola|Alomomola, F|481\/481
|move|p2a: Slowking|Calm Mind|p2a: Slowking
|-boost|p2a: Slowking|spa|1
|-boost|p2a: Slowking|spd|1
|
|-heal|p2a: Slowking|270\/393|[from] item: Leftovers
|upkeep
|turn|6
|choice|move toxic|move psyshock
|
|move|p1a: Alomomola|Toxic|p2a: Slowking
|-status|p2a: Slowking|tox
|move|p2a: Slowking|Psyshock|p1a: Alomomola
|-damage|p1a: Alomomola|334\/481
|
|-heal|p1a: Alomomola|364\/481|[from] item: Leftovers
|-heal|p2a: Slowking|294\/393 tox|[from] item: Leftovers
|-damage|p2a: Slowking|270\/393 tox|[from] psn
|upkeep
|turn|7
|choice|move wish|move psyshock
|
|move|p1a: Alomomola|Wish|p1a: Alomomola
|move|p2a: Slowking|Psyshock|p1a: Alomomola
|-damage|p1a: Alomomola|220\/481
|
|-heal|p1a: Alomomola|250\/481|[from] item: Leftovers
|-heal|p2a: Slowking|294\/393 tox|[from] item: Leftovers
|-damage|p2a: Slowking|246\/393 tox|[from] psn
|upkeep
|turn|8
|choice|move protect|switch 6
|
|switch|p2a: Chandelure|Chandelure, F|111\/261
|move|p1a: Alomomola|Protect|p1a: Alomomola
|-fail|p1a: Alomomola
|
|-heal|p1a: Alomomola|481\/481|[from] move: Wish|[wisher] Alomomola
|upkeep
|turn|9
|choice|move scald|move energyball
|
|move|p2a: Chandelure|Energy Ball|p1a: Alomomola
|-supereffective|p1a: Alomomola
|-damage|p1a: Alomomola|161\/481
|move|p1a: Alomomola|Scald|p2a: Chandelure
|-supereffective|p2a: Chandelure
|-damage|p2a: Chandelure|37\/261
|
|-heal|p1a: Alomomola|191\/481|[from] item: Leftovers
|upkeep
|turn|10
|c|☆T-cancer|so no one is sweeping?
|choice|move protect|move energyball
|
|move|p1a: Alomomola|Protect|p1a: Alomomola
|-singleturn|p1a: Alomomola|Protect
|move|p2a: Chandelure|Energy Ball|p1a: Alomomola
|-activate|p1a: Alomomola|move: Protect
|
|-heal|p1a: Alomomola|221\/481|[from] item: Leftovers
|upkeep
|turn|11
|choice|switch 2|move energyball
|
|switch|p1a: Goodra|Goodra, F|383\/383
|move|p2a: Chandelure|Energy Ball|p1a: Goodra
|-ability|p1a: Goodra|Sap Sipper|boost
|-boost|p1a: Goodra|atk|1
|
|upkeep
|turn|12
|choice|move thunderbolt|switch 2
|
|switch|p2a: Regirock|Regirock|363\/363
|move|p1a: Goodra|Thunderbolt|p2a: Regirock
|-damage|p2a: Regirock|201\/363
|
|-heal|p2a: Regirock|223\/363|[from] item: Leftovers
|upkeep
|turn|13
|choice|switch 3|move toxic
|
|switch|p1a: Aggron|Aggron, M|344\/344
|move|p2a: Regirock|Toxic|p1a: Aggron
|-immune|p1a: Aggron|[msg]
|
|-heal|p2a: Regirock|245\/363|[from] item: Leftovers
|upkeep
|turn|14
|choice|move heavyslam mega|switch 4
|
|switch|p2a: Hydreigon|Hydreigon, F|325\/325
|detailschange|p1a: Aggron|Aggron-Mega, M
|-mega|p1a: Aggron|Aggron|Aggronite
|move|p1a: Aggron|Heavy Slam|p2a: Hydreigon
|-damage|p2a: Hydreigon|222\/325
|
|upkeep
|turn|15
|choice|switch 3|move flamethrower
|
|switch|p1a: Goodra|Goodra, F|383\/383
|move|p2a: Hydreigon|Flamethrower|p1a: Goodra
|-resisted|p1a: Goodra
|-damage|p1a: Goodra|343\/383
|
|upkeep
|turn|16
|c|☆T-cancer|you are probaly going to lose
|choice|move dragonpulse|switch 5
|
|switch|p2a: Beedrill|Beedrill, F|271\/271
|move|p1a: Goodra|Dragon Pulse|p2a: Beedrill
|-damage|p2a: Beedrill|0 fnt
|faint|p2a: Beedrill
|
|upkeep
|c|☆T-cancer|but you might be really good idk
|c|☆KurisuK36|Im just trolling
|c|☆KurisuK36|I dont want uu to die
|choice||switch 3
|
|switch|p2a: Empoleon|Empoleon, F|371\/371
|-item|p2a: Empoleon|Air Balloon
|turn|17
|c|☆KurisuK36|I made top 100 on 1v1
|choice|switch 2|move icebeam
|
|switch|p1a: Alomomola|Alomomola, F|381\/481
|move|p2a: Empoleon|Ice Beam|p1a: Alomomola
|-resisted|p1a: Alomomola
|-damage|p1a: Alomomola|315\/481
|
|-heal|p1a: Alomomola|345\/481|[from] item: Leftovers
|upkeep
|turn|18
|c|☆T-cancer|yea but 1v1 is mostly luck
|c|☆T-cancer|it all come down to who you pick
|choice|move scald|switch 6
|
|switch|p2a: Slowking|Slowking, F|377\/393 tox
|move|p1a: Alomomola|Scald|p2a: Slowking
|-resisted|p2a: Slowking
|-damage|p2a: Slowking|359\/393 tox
|
|-heal|p1a: Alomomola|375\/481|[from] item: Leftovers
|-heal|p2a: Slowking|383\/393 tox|[from] item: Leftovers
|-damage|p2a: Slowking|359\/393 tox|[from] psn
|upkeep
|turn|19
|choice|switch 2|switch 4
|
|switch|p1a: Goodra|Goodra, F|343\/383
|switch|p2a: Regirock|Regirock|245\/363
|
|-heal|p2a: Regirock|267\/363|[from] item: Leftovers
|upkeep
|turn|20
|choice|switch 3|move stealthrock
|
|switch|p1a: Aggron|Aggron-Mega, M|344\/344
|move|p2a: Regirock|Stealth Rock|p1a: Aggron
|-sidestart|p1: KurisuK36|move: Stealth Rock
|
|-heal|p2a: Regirock|289\/363|[from] item: Leftovers
|upkeep
|turn|21
|choice|move earthquake|move earthquake
|
|move|p2a: Regirock|Earthquake|p1a: Aggron
|-supereffective|p1a: Aggron
|-damage|p1a: Aggron|296\/344
|move|p1a: Aggron|Earthquake|p2a: Regirock
|-supereffective|p2a: Regirock
|-damage|p2a: Regirock|191\/363
|
|-heal|p2a: Regirock|213\/363|[from] item: Leftovers
|upkeep
|turn|22
|choice|move stealthrock|move earthquake
|
|move|p1a: Aggron|Stealth Rock|p2a: Regirock
|-sidestart|p2: T-cancer|move: Stealth Rock
|move|p2a: Regirock|Earthquake|p1a: Aggron
|-supereffective|p1a: Aggron
|-crit|p1a: Aggron
|-damage|p1a: Aggron|214\/344
|
|-heal|p2a: Regirock|235\/363|[from] item: Leftovers
|upkeep
|turn|23
|choice|move heavyslam|switch 2
|
|switch|p2a: Chandelure|Chandelure, F|37\/261
|-damage|p2a: Chandelure|0 fnt|[from] stealthrock
|faint|p2a: Chandelure
|move|p1a: Aggron|Heavy Slam|p2: Chandelure|[notarget]
|-notarget
|
|upkeep
|c|☆KurisuK36|Yes
|choice||switch 4
|
|switch|p2a: Slowking|Slowking, F|393\/393 tox
|-damage|p2a: Slowking|344\/393 tox|[from] stealthrock
|turn|24
|choice|switch 3|move calmmind
|
|switch|p1a: Goodra|Goodra, F|343\/383
|-damage|p1a: Goodra|296\/383|[from] stealthrock
|move|p2a: Slowking|Calm Mind|p2a: Slowking
|-boost|p2a: Slowking|spa|1
|-boost|p2a: Slowking|spd|1
|
|-heal|p2a: Slowking|368\/393 tox|[from] item: Leftovers
|-damage|p2a: Slowking|344\/393 tox|[from] psn
|upkeep
|turn|25
|choice|move thunderbolt|move slackoff
|
|move|p1a: Goodra|Thunderbolt|p2a: Slowking
|-supereffective|p2a: Slowking
|-damage|p2a: Slowking|196\/393 tox
|move|p2a: Slowking|Slack Off|p2a: Slowking
|-heal|p2a: Slowking|393\/393 tox
|
|-damage|p2a: Slowking|345\/393 tox|[from] psn
|upkeep
|turn|26
|choice|move thunderbolt|move calmmind
|
|move|p1a: Goodra|Thunderbolt|p2a: Slowking
|-supereffective|p2a: Slowking
|-damage|p2a: Slowking|205\/393 tox
|move|p2a: Slowking|Calm Mind|p2a: Slowking
|-boost|p2a: Slowking|spa|1
|-boost|p2a: Slowking|spd|1
|
|-heal|p2a: Slowking|229\/393 tox|[from] item: Leftovers
|-damage|p2a: Slowking|157\/393 tox|[from] psn
|upkeep
|turn|27
|choice|move thunderbolt|move psyshock
|
|move|p1a: Goodra|Thunderbolt|p2a: Slowking
|-supereffective|p2a: Slowking
|-damage|p2a: Slowking|55\/393 tox
|move|p2a: Slowking|Psyshock|p1a: Goodra
|-damage|p1a: Goodra|38\/383
|
|-heal|p2a: Slowking|79\/393 tox|[from] item: Leftovers
|-damage|p2a: Slowking|0 fnt|[from] psn
|upkeep
|faint|p2a: Slowking
|choice||switch 5
|
|switch|p2a: Hydreigon|Hydreigon, F|222\/325
|-damage|p2a: Hydreigon|182\/325|[from] stealthrock
|turn|28
|c|☆KurisuK36|Yay
|choice|move thunderbolt|move uturn
|
|move|p2a: Hydreigon|U-turn|p1a: Goodra
|-damage|p1a: Goodra|0 fnt
|faint|p1a: Goodra
|choice||switch 2
|
|switch|p2a: Regirock|Regirock|235\/363
|-damage|p2a: Regirock|190\/363|[from] stealthrock
|
|-heal|p2a: Regirock|212\/363|[from] item: Leftovers
|upkeep
|choice|switch 2|
|
|switch|p1a: Alomomola|Alomomola, F|481\/481
|-damage|p1a: Alomomola|421\/481|[from] stealthrock
|turn|29
|choice|move wish|move toxic
|
|move|p1a: Alomomola|Wish|p1a: Alomomola
|move|p2a: Regirock|Toxic|p1a: Alomomola
|-status|p1a: Alomomola|tox
|
|-heal|p1a: Alomomola|451\/481 tox|[from] item: Leftovers
|-heal|p2a: Regirock|234\/363|[from] item: Leftovers
|-damage|p1a: Alomomola|421\/481 tox|[from] psn
|upkeep
|turn|30
|c|☆KurisuK36|Here we go
|c|☆T-cancer|omg finally
|choice|switch 3|move stoneedge
|
|switch|p1a: Aggron|Aggron-Mega, M|214\/344
|-damage|p1a: Aggron|193\/344|[from] stealthrock
|move|p2a: Regirock|Stone Edge|p1a: Aggron
|-resisted|p1a: Aggron
|-damage|p1a: Aggron|166\/344
|
|-heal|p1a: Aggron|344\/344|[from] move: Wish|[wisher] Alomomola
|-heal|p2a: Regirock|256\/363|[from] item: Leftovers
|upkeep
|turn|31
|choice|move thunderwave|move earthquake
|
|move|p2a: Regirock|Earthquake|p1a: Aggron
|-supereffective|p1a: Aggron
|-damage|p1a: Aggron|287\/344
|move|p1a: Aggron|Thunder Wave|p2a: Regirock
|-status|p2a: Regirock|par
|
|-heal|p2a: Regirock|278\/363 par|[from] item: Leftovers
|upkeep
|turn|32
|choice|move heavyslam|switch 6
|
|switch|p2a: Empoleon|Empoleon, F|371\/371
|-damage|p2a: Empoleon|348\/371|[from] stealthrock
|-item|p2a: Empoleon|Air Balloon
|move|p1a: Aggron|Heavy Slam|p2a: Empoleon
|-resisted|p2a: Empoleon
|-damage|p2a: Empoleon|307\/371
|-enditem|p2a: Empoleon|Air Balloon
|
|upkeep
|turn|33
|c|☆T-cancer|why did you say here we go
|choice|move earthquake|move scald
|
|move|p2a: Empoleon|Scald|p1a: Aggron
|-damage|p1a: Aggron|149\/344
|move|p1a: Aggron|Earthquake|p2a: Empoleon
|-supereffective|p2a: Empoleon
|-damage|p2a: Empoleon|59\/371
|
|upkeep
|turn|34
|choice|switch 3|move scald
|
|switch|p1a: Alomomola|Alomomola, F|481\/481 tox
|-damage|p1a: Alomomola|421\/481 tox|[from] stealthrock
|move|p2a: Empoleon|Scald|p1a: Alomomola
|-resisted|p1a: Alomomola
|-damage|p1a: Alomomola|292\/481 tox
|
|-heal|p1a: Alomomola|322\/481 tox|[from] item: Leftovers
|-damage|p1a: Alomomola|292\/481 tox|[from] psn
|upkeep
|turn|35
|choice|move wish|switch 2
|
|switch|p2a: Hydreigon|Hydreigon, F|182\/325
|-damage|p2a: Hydreigon|142\/325|[from] stealthrock
|move|p1a: Alomomola|Wish|p1a: Alomomola
|
|-heal|p1a: Alomomola|322\/481 tox|[from] item: Leftovers
|-damage|p1a: Alomomola|262\/481 tox|[from] psn
|upkeep
|turn|36
|choice|move toxic|move flamethrower
|
|move|p2a: Hydreigon|Flamethrower|p1a: Alomomola
|-resisted|p1a: Alomomola
|-damage|p1a: Alomomola|200\/481 tox
|move|p1a: Alomomola|Toxic|p2a: Hydreigon
|-status|p2a: Hydreigon|tox
|
|-heal|p1a: Alomomola|440\/481 tox|[from] move: Wish|[wisher] Alomomola
|-heal|p1a: Alomomola|470\/481 tox|[from] item: Leftovers
|-damage|p2a: Hydreigon|122\/325 tox|[from] psn
|-damage|p1a: Alomomola|380\/481 tox|[from] psn
|upkeep
|turn|37
|choice|move wish|switch 6
|
|switch|p2a: Regirock|Regirock|278\/363 par
|-damage|p2a: Regirock|233\/363 par|[from] stealthrock
|move|p1a: Alomomola|Wish|p1a: Alomomola
|
|-heal|p1a: Alomomola|410\/481 tox|[from] item: Leftovers
|-heal|p2a: Regirock|255\/363 par|[from] item: Leftovers
|-damage|p1a: Alomomola|290\/481 tox|[from] psn
|upkeep
|turn|38
|c|☆T-cancer|ok im gonna leave because this is stupid
|choice|switch 3|move earthquake
|
|switch|p1a: Aggron|Aggron-Mega, M|149\/344
|-damage|p1a: Aggron|128\/344|[from] stealthrock
|move|p2a: Regirock|Earthquake|p1a: Aggron
|-supereffective|p1a: Aggron
|-damage|p1a: Aggron|73\/344
|
|-heal|p1a: Aggron|313\/344|[from] move: Wish|[wisher] Alomomola
|-heal|p2a: Regirock|277\/363 par|[from] item: Leftovers
|upkeep
|turn|39
|c|☆KurisuK36|This core is freaking broken!
|c|☆T-cancer|why is it so good
|c|☆T-cancer|please explain
|choice|move earthquake|switch 6
|
|switch|p2a: Hydreigon|Hydreigon, F|122\/325 tox
|-damage|p2a: Hydreigon|82\/325 tox|[from] stealthrock
|move|p1a: Aggron|Earthquake|p2a: Hydreigon
|-immune|p2a: Hydreigon|[msg]|[from] ability: Levitate
|
|-damage|p2a: Hydreigon|62\/325 tox|[from] psn
|upkeep
|turn|40
|choice|switch 3|move dragonpulse
|
|switch|p1a: Alomomola|Alomomola, F|450\/481 tox
|-damage|p1a: Alomomola|390\/481 tox|[from] stealthrock
|move|p2a: Hydreigon|Dragon Pulse|p1a: Alomomola
|-damage|p1a: Alomomola|198\/481 tox
|
|-heal|p1a: Alomomola|228\/481 tox|[from] item: Leftovers
|-damage|p2a: Hydreigon|22\/325 tox|[from] psn
|-damage|p1a: Alomomola|198\/481 tox|[from] psn
|upkeep
|turn|41
|c|☆T-cancer|can you also say moves, ev's please
|c|☆T-cancer|im going to use it
|c|☆KurisuK36|Ill tell u my build after
|-message|T-cancer forfeited.
|
|win|KurisuK36
|l|T-cancer
|raw|KurisuK36's rating: 1055 &rarr; <strong>1095<\/strong><br \/>(+40 for winning)
|raw|T-cancer's rating: 1152 &rarr; <strong>1120<\/strong><br \/>(-32 for losing)
|c|☆KurisuK36|I have tons of great teams</script>
</div>
<div class="battle-log battle-log-inline"><div class="inner"><div class="battle-options"></div><div class="inner"><div class="chat"><small>KurisuK36 joined.</small></div><div class="chat"><small>T-cancer joined.</small></div><div class=""><small>Format:</small> <br><strong>UU</strong></div><div class="rated"><strong>Rated battle</strong></div><div class=""><small><em>Sleep Clause Mod:</em> Limit one foe put to sleep</small></div><div class=""><small><em>Species Clause:</em> Limit one of each Pokémon</small></div><div class=""><small><em>OHKO Clause:</em> OHKO moves are banned</small></div><div class=""><small><em>Moody Clause:</em> Moody is banned</small></div><div class=""><small><em>Evasion Moves Clause:</em> Evasion moves are banned</small></div><div class=""><small><em>Endless Battle Clause:</em> Forcing endless battles is banned</small></div><div class=""><small><em>HP Percentage Mod:</em> HP is shown in percentages</small></div><div class=""><small><em>Swagger Clause:</em> Swagger is banned</small></div><div class=""><small><em>Baton Pass Clause:</em> Limit one Baton Passer, can't pass Spe and other stats simultaneously</small></div><div class="chat battle-history"><strong>KurisuK36's team:</strong> <em style="color:#445566;display:block;">Aggron / Alomomola / Goodra</em></div><div class="chat battle-history"><strong>T-cancer's team:</strong> <em style="color:#445566;display:block;">Beedrill / Regirock / Empoleon / Hydreigon / Chandelure / Slowking</em></div><div class="chat chatmessage-tcancer"><strong style="color:hsl(348,62%,46.16256079923485%)"><small>☆</small><span class="username" data-name="T-cancer">T-cancer</span>:</strong> <em>whos sweeping?</em></div><div class="chat message-error">Battle timer is ON: inactive players will automatically lose when time's up. (requested by KurisuK36)</div><div class="chat chatmessage-tcancer"><strong style="color:hsl(348,62%,46.16256079923485%)"><small>☆</small><span class="username" data-name="T-cancer">T-cancer</span>:</strong> <em>im guessing rock polish aggron</em></div><div class="spacer battle-history"><br></div><div class="battle-history">Battle started between KurisuK36 and T-cancer!<br></div><div class="spacer battle-history"><br></div><div class="battle-history">Go! <strong>Goodra</strong>!<br></div><div class="spacer battle-history"><br></div><div class="battle-history">T-cancer sent out <strong>Chandelure</strong>!<br></div><div class="spacer battle-history"><br></div><h2 class="battle-history">Turn 1</h2><div class="chat chatmessage-kurisuk36"><strong style="color:hsl(84,70%,31%)"><small>☆</small><span class="username" data-name="KurisuK36">KurisuK36</span>:</strong> <em>Lets find out</em></div><div class="spacer battle-history"><br></div><div class="battle-history">The opposing Chandelure used <strong>Trick</strong>!<br></div><div class="battle-history"><small>The opposing Chandelure switched items with its target!</small><br></div><div class="battle-history"><small>Goodra obtained one Choice Specs.</small><br></div><div class="battle-history"><small>The opposing Chandelure obtained one Assault Vest.</small><br></div><div class="spacer battle-history"><br></div><div class="battle-history">Goodra used <strong>Dragon Pulse</strong>!<br></div><div class="battle-history"><small>(The opposing Chandelure lost <abbr title="−150/261">57.5%</abbr> of its health!)</small><br></div><div class="spacer battle-history"><br></div><h2 class="battle-history">Turn 2</h2><div class="spacer battle-history"><br></div><div class="battle-history">T-cancer withdrew Chandelure!<br></div><div class="battle-history">T-cancer sent out <strong>Slowking</strong>!<br></div><div class="spacer battle-history"><br></div><div class="battle-history">Goodra used <strong>Dragon Pulse</strong>!<br></div><div class="battle-history"><small>(The opposing Slowking lost <abbr title="−159/393">40.5%</abbr> of its health!)</small><br></div><div class="spacer battle-history"><br></div><div class="battle-history"><small>The opposing Slowking restored a little HP using its Leftovers!</small><br></div><div class="spacer battle-history"><br></div><h2 class="battle-history">Turn 3</h2><div class="spacer battle-history"><br></div><div class="battle-history">Goodra used <strong>Dragon Pulse</strong>!<br></div><div class="battle-history"><small>(The opposing Slowking lost <abbr title="−160/393">40.7%</abbr> of its health!)</small><br></div><div class="spacer battle-history"><br></div><div class="battle-history">The opposing Slowking used <strong>Calm Mind</strong>!<br></div><div class="battle-history"><small>The opposing Slowking's Special Attack rose!</small><br></div><div class="battle-history"><small>The opposing Slowking's Special Defense rose!</small><br></div><div class="spacer battle-history"><br></div><div class="battle-history"><small>The opposing Slowking restored a little HP using its Leftovers!</small><br></div><div class="spacer battle-history"><br></div><h2 class="battle-history">Turn 4</h2><div class="spacer battle-history"><br></div><div class="battle-history">Goodra used <strong>Dragon Pulse</strong>!<br></div><div class="battle-history"><small>(The opposing Slowking lost <abbr title="−97/393">24.7%</abbr> of its health!)</small><br></div><div class="spacer battle-history"><br></div><div class="battle-history">The opposing Slowking used <strong>Slack Off</strong>!<br></div><div class="battle-history"><small>The opposing Slowking restored its HP.</small><br></div><div class="spacer battle-history"><br></div><div class="battle-history"><small>The opposing Slowking restored a little HP using its Leftovers!</small><br></div><div class="spacer battle-history"><br></div><h2 class="battle-history">Turn 5</h2><div class="chat chatmessage-tcancer"><strong style="color:hsl(348,62%,46.16256079923485%)"><small>☆</small><span class="username" data-name="T-cancer">T-cancer</span>:</strong> <em>well rip you</em></div><div class="spacer battle-history"><br></div><div class="battle-history">Goodra, come back!<br></div><div class="battle-history">Go! <strong>Alomomola</strong>!<br></div><div class="spacer battle-history"><br></div><div class="battle-history">The opposing Slowking used <strong>Calm Mind</strong>!<br></div><div class="battle-history"><small>The opposing Slowking's Special Attack rose!</small><br></div><div class="battle-history"><small>The opposing Slowking's Special Defense rose!</small><br></div><div class="spacer battle-history"><br></div><div class="battle-history"><small>The opposing Slowking restored a little HP using its Leftovers!</small><br></div><div class="spacer battle-history"><br></div><h2 class="battle-history">Turn 6</h2><div class="spacer battle-history"><br></div><div class="battle-history">Alomomola used <strong>Toxic</strong>!<br></div><div class="battle-history"><small>The opposing Slowking was badly poisoned!</small><br></div><div class="spacer battle-history"><br></div><div class="battle-history">The opposing Slowking used <strong>Psyshock</strong>!<br></div><div class="battle-history"><small>(Alomomola lost <abbr title="−147/481">30.6%</abbr> of its health!)</small><br></div><div class="spacer battle-history"><br></div><div class="battle-history"><small>Alomomola restored a little HP using its Leftovers!</small><br></div><div class="battle-history"><small>The opposing Slowking restored a little HP using its Leftovers!</small><br></div><div class="battle-history"><small>The opposing Slowking was hurt by poison!</small><br></div><div class="spacer battle-history"><br></div><h2 class="battle-history">Turn 7</h2><div class="spacer battle-history"><br></div><div class="battle-history">Alomomola used <strong>Wish</strong>!<br></div><div class="spacer battle-history"><br></div><div class="battle-history">The opposing Slowking used <strong>Psyshock</strong>!<br></div><div class="battle-history"><small>(Alomomola lost <abbr title="−144/481">29.9%</abbr> of its health!)</small><br></div><div class="spacer battle-history"><br></div><div class="battle-history"><small>Alomomola restored a little HP using its Leftovers!</small><br></div><div class="battle-history"><small>The opposing Slowking restored a little HP using its Leftovers!</small><br></div><div class="battle-history"><small>The opposing Slowking was hurt by poison!</small><br></div><div class="spacer battle-history"><br></div><h2 class="battle-history">Turn 8</h2><div class="spacer battle-history"><br></div><div class="battle-history">T-cancer withdrew Slowking!<br></div><div class="battle-history">T-cancer sent out <strong>Chandelure</strong>!<br></div><div class="spacer battle-history"><br></div><div class="battle-history">Alomomola used <strong>Protect</strong>!<br></div><div class="battle-history"><small>But it failed!</small><br></div><div class="spacer battle-history"><br></div><div class="battle-history"><small>Alomomola's wish came true!</small><br></div><div class="spacer battle-history"><br></div><h2 class="battle-history">Turn 9</h2><div class="spacer battle-history"><br></div><div class="battle-history">The opposing Chandelure used <strong>Energy Ball</strong>!<br></div><div class="battle-history"><small>It's super effective!</small><br></div><div class="battle-history"><small>(Alomomola lost <abbr title="−320/481">66.5%</abbr> of its health!)</small><br></div><div class="spacer battle-history"><br></div><div class="battle-history">Alomomola used <strong>Scald</strong>!<br></div><div class="battle-history"><small>It's super effective!</small><br></div><div class="battle-history"><small>(The opposing Chandelure lost <abbr title="−74/261">28.4%</abbr> of its health!)</small><br></div><div class="spacer battle-history"><br></div><div class="battle-history"><small>Alomomola restored a little HP using its Leftovers!</small><br></div><div class="spacer battle-history"><br></div><h2 class="battle-history">Turn 10</h2><div class="chat chatmessage-tcancer"><strong style="color:hsl(348,62%,46.16256079923485%)"><small>☆</small><span class="username" data-name="T-cancer">T-cancer</span>:</strong> <em>so no one is sweeping?</em></div><div class="spacer battle-history"><br></div><div class="battle-history">Alomomola used <strong>Protect</strong>!<br></div><div class="battle-history"><small>Alomomola protected itself!</small><br></div><div class="spacer battle-history"><br></div><div class="battle-history">The opposing Chandelure used <strong>Energy Ball</strong>!<br></div><div class="battle-history"><small>Alomomola protected itself!</small><br></div><div class="spacer battle-history"><br></div><div class="battle-history"><small>Alomomola restored a little HP using its Leftovers!</small><br></div><div class="spacer battle-history"><br></div><h2 class="battle-history">Turn 11</h2><div class="spacer battle-history"><br></div><div class="battle-history">Alomomola, come back!<br></div><div class="battle-history">Go! <strong>Goodra</strong>!<br></div><div class="spacer battle-history"><br></div><div class="battle-history">The opposing Chandelure used <strong>Energy Ball</strong>!<br></div><div class="battle-history"><small>[Goodra's Sap Sipper]</small><br></div><div class="battle-history"><small>Goodra's Attack rose!</small><br></div><div class="spacer battle-history"><br></div><h2 class="battle-history">Turn 12</h2><div class="spacer battle-history"><br></div><div class="battle-history">T-cancer withdrew Chandelure!<br></div><div class="battle-history">T-cancer sent out <strong>Regirock</strong>!<br></div><div class="spacer battle-history"><br></div><div class="battle-history">Goodra used <strong>Thunderbolt</strong>!<br></div><div class="battle-history"><small>(The opposing Regirock lost <abbr title="−162/363">44.6%</abbr> of its health!)</small><br></div><div class="spacer battle-history"><br></div><div class="battle-history"><small>The opposing Regirock restored a little HP using its Leftovers!</small><br></div><div class="spacer battle-history"><br></div><h2 class="battle-history">Turn 13</h2><div class="spacer battle-history"><br></div><div class="battle-history">Goodra, come back!<br></div><div class="battle-history">Go! <strong>Aggron</strong>!<br></div><div class="spacer battle-history"><br></div><div class="battle-history">The opposing Regirock used <strong>Toxic</strong>!<br></div><div class="battle-history"><small>It doesn't affect Aggron...</small><br></div><div class="spacer battle-history"><br></div><div class="battle-history"><small>The opposing Regirock restored a little HP using its Leftovers!</small><br></div><div class="spacer battle-history"><br></div><h2 class="battle-history">Turn 14</h2><div class="spacer battle-history"><br></div><div class="battle-history">T-cancer withdrew Regirock!<br></div><div class="battle-history">T-cancer sent out <strong>Hydreigon</strong>!<br></div><div class="spacer battle-history"><br></div><div class="battle-history"><small>Aggron's Aggronite is reacting to KurisuK36's Mega Bracelet!</small><br>Aggron has Mega Evolved into Mega Aggron!<br></div><div class="spacer battle-history"><br></div><div class="battle-history">Aggron used <strong>Heavy Slam</strong>!<br></div><div class="battle-history"><small>(The opposing Hydreigon lost <abbr title="−103/325">31.7%</abbr> of its health!)</small><br></div><div class="spacer battle-history"><br></div><h2 class="battle-history">Turn 15</h2><div class="spacer battle-history"><br></div><div class="battle-history">Aggron, come back!<br></div><div class="battle-history">Go! <strong>Goodra</strong>!<br></div><div class="spacer battle-history"><br></div><div class="battle-history">The opposing Hydreigon used <strong>Flamethrower</strong>!<br></div><div class="battle-history"><small>It's not very effective...</small><br></div><div class="battle-history"><small>(Goodra lost <abbr title="−40/383">10.4%</abbr> of its health!)</small><br></div><div class="spacer battle-history"><br></div><h2 class="battle-history">Turn 16</h2><div class="chat chatmessage-tcancer"><strong style="color:hsl(348,62%,46.16256079923485%)"><small>☆</small><span class="username" data-name="T-cancer">T-cancer</span>:</strong> <em>you are probaly going to lose</em></div><div class="spacer battle-history"><br></div><div class="battle-history">T-cancer withdrew Hydreigon!<br></div><div class="battle-history">T-cancer sent out <strong>Beedrill</strong>!<br></div><div class="spacer battle-history"><br></div><div class="battle-history">Goodra used <strong>Dragon Pulse</strong>!<br></div><div class="battle-history"><small>(The opposing Beedrill lost <abbr title="−271/271">100%</abbr> of its health!)</small><br></div><div class="spacer battle-history"><br></div><div class="battle-history">The opposing Beedrill fainted!<br></div><div class="chat chatmessage-tcancer"><strong style="color:hsl(348,62%,46.16256079923485%)"><small>☆</small><span class="username" data-name="T-cancer">T-cancer</span>:</strong> <em>but you might be really good idk</em></div><div class="chat chatmessage-kurisuk36"><strong style="color:hsl(84,70%,31%)"><small>☆</small><span class="username" data-name="KurisuK36">KurisuK36</span>:</strong> <em>Im just trolling</em></div><div class="chat chatmessage-kurisuk36"><strong style="color:hsl(84,70%,31%)"><small>☆</small><span class="username" data-name="KurisuK36">KurisuK36</span>:</strong> <em>I dont want uu to die</em></div><div class="spacer battle-history"><br></div><div class="battle-history">T-cancer sent out <strong>Empoleon</strong>!<br></div><div class="battle-history"><small>The opposing Empoleon floats in the air with its Air Balloon!</small><br></div><div class="spacer battle-history"><br></div><h2 class="battle-history">Turn 17</h2><div class="chat chatmessage-kurisuk36"><strong style="color:hsl(84,70%,31%)"><small>☆</small><span class="username" data-name="KurisuK36">KurisuK36</span>:</strong> <em>I made top 100 on 1v1</em></div><div class="spacer battle-history"><br></div><div class="battle-history">Goodra, come back!<br></div><div class="battle-history">Go! <strong>Alomomola</strong>!<br></div><div class="spacer battle-history"><br></div><div class="battle-history">The opposing Empoleon used <strong>Ice Beam</strong>!<br></div><div class="battle-history"><small>It's not very effective...</small><br></div><div class="battle-history"><small>(Alomomola lost <abbr title="−66/481">13.7%</abbr> of its health!)</small><br></div><div class="spacer battle-history"><br></div><div class="battle-history"><small>Alomomola restored a little HP using its Leftovers!</small><br></div><div class="spacer battle-history"><br></div><h2 class="battle-history">Turn 18</h2><div class="chat chatmessage-tcancer"><strong style="color:hsl(348,62%,46.16256079923485%)"><small>☆</small><span class="username" data-name="T-cancer">T-cancer</span>:</strong> <em>yea but 1v1 is mostly luck</em></div><div class="chat chatmessage-tcancer"><strong style="color:hsl(348,62%,46.16256079923485%)"><small>☆</small><span class="username" data-name="T-cancer">T-cancer</span>:</strong> <em>it all come down to who you pick</em></div><div class="spacer battle-history"><br></div><div class="battle-history">T-cancer withdrew Empoleon!<br></div><div class="battle-history">T-cancer sent out <strong>Slowking</strong>!<br></div><div class="spacer battle-history"><br></div><div class="battle-history">Alomomola used <strong>Scald</strong>!<br></div><div class="battle-history"><small>It's not very effective...</small><br></div><div class="battle-history"><small>(The opposing Slowking lost <abbr title="−18/393">4.6%</abbr> of its health!)</small><br></div><div class="spacer battle-history"><br></div><div class="battle-history"><small>Alomomola restored a little HP using its Leftovers!</small><br></div><div class="battle-history"><small>The opposing Slowking restored a little HP using its Leftovers!</small><br></div><div class="battle-history"><small>The opposing Slowking was hurt by poison!</small><br></div><div class="spacer battle-history"><br></div><h2 class="battle-history">Turn 19</h2><div class="spacer battle-history"><br></div><div class="battle-history">Alomomola, come back!<br></div><div class="battle-history">Go! <strong>Goodra</strong>!<br></div><div class="spacer battle-history"><br></div><div class="battle-history">T-cancer withdrew Slowking!<br></div><div class="battle-history">T-cancer sent out <strong>Regirock</strong>!<br></div><div class="spacer battle-history"><br></div><div class="battle-history"><small>The opposing Regirock restored a little HP using its Leftovers!</small><br></div><div class="spacer battle-history"><br></div><h2 class="battle-history">Turn 20</h2><div class="spacer battle-history"><br></div><div class="battle-history">Goodra, come back!<br></div><div class="battle-history">Go! Aggron (<strong>Aggron-Mega</strong>)!<br></div><div class="spacer battle-history"><br></div><div class="battle-history">The opposing Regirock used <strong>Stealth Rock</strong>!<br></div><div class="battle-history"><small>Pointed stones float in the air around your team!</small><br></div><div class="spacer battle-history"><br></div><div class="battle-history"><small>The opposing Regirock restored a little HP using its Leftovers!</small><br></div><div class="spacer battle-history"><br></div><h2 class="battle-history">Turn 21</h2><div class="spacer battle-history"><br></div><div class="battle-history">The opposing Regirock used <strong>Earthquake</strong>!<br></div><div class="battle-history"><small>It's super effective!</small><br></div><div class="battle-history"><small>(Aggron lost <abbr title="−48/344">14.0%</abbr> of its health!)</small><br></div><div class="spacer battle-history"><br></div><div class="battle-history">Aggron used <strong>Earthquake</strong>!<br></div><div class="battle-history"><small>It's super effective!</small><br></div><div class="battle-history"><small>(The opposing Regirock lost <abbr title="−98/363">27.0%</abbr> of its health!)</small><br></div><div class="spacer battle-history"><br></div><div class="battle-history"><small>The opposing Regirock restored a little HP using its Leftovers!</small><br></div><div class="spacer battle-history"><br></div><h2 class="battle-history">Turn 22</h2><div class="spacer battle-history"><br></div><div class="battle-history">Aggron used <strong>Stealth Rock</strong>!<br></div><div class="battle-history"><small>Pointed stones float in the air around the opposing team!</small><br></div><div class="spacer battle-history"><br></div><div class="battle-history">The opposing Regirock used <strong>Earthquake</strong>!<br></div><div class="battle-history"><small>It's super effective!</small><br></div><div class="battle-history"><small>A critical hit!</small><br></div><div class="battle-history"><small>(Aggron lost <abbr title="−82/344">23.8%</abbr> of its health!)</small><br></div><div class="spacer battle-history"><br></div><div class="battle-history"><small>The opposing Regirock restored a little HP using its Leftovers!</small><br></div><div class="spacer battle-history"><br></div><h2 class="battle-history">Turn 23</h2><div class="spacer battle-history"><br></div><div class="battle-history">T-cancer withdrew Regirock!<br></div><div class="battle-history">T-cancer sent out <strong>Chandelure</strong>!<br></div><div class="battle-history"><small>Pointed stones dug into the opposing Chandelure!</small><br></div><div class="spacer battle-history"><br></div><div class="battle-history">The opposing Chandelure fainted!<br></div><div class="battle-history">Aggron used <strong>Heavy Slam</strong>!<br></div><div class="battle-history"><small>But there was no target...</small><br></div><div class="chat chatmessage-kurisuk36"><strong style="color:hsl(84,70%,31%)"><small>☆</small><span class="username" data-name="KurisuK36">KurisuK36</span>:</strong> <em>Yes</em></div><div class="spacer battle-history"><br></div><div class="battle-history">T-cancer sent out <strong>Slowking</strong>!<br></div><div class="battle-history"><small>Pointed stones dug into the opposing Slowking!</small><br></div><div class="spacer battle-history"><br></div><h2 class="battle-history">Turn 24</h2><div class="spacer battle-history"><br></div><div class="battle-history">Aggron, come back!<br></div><div class="battle-history">Go! <strong>Goodra</strong>!<br></div><div class="battle-history"><small>Pointed stones dug into Goodra!</small><br></div><div class="spacer battle-history"><br></div><div class="battle-history">The opposing Slowking used <strong>Calm Mind</strong>!<br></div><div class="battle-history"><small>The opposing Slowking's Special Attack rose!</small><br></div><div class="battle-history"><small>The opposing Slowking's Special Defense rose!</small><br></div><div class="spacer battle-history"><br></div><div class="battle-history"><small>The opposing Slowking restored a little HP using its Leftovers!</small><br></div><div class="battle-history"><small>The opposing Slowking was hurt by poison!</small><br></div><div class="spacer battle-history"><br></div><h2 class="battle-history">Turn 25</h2><div class="spacer battle-history"><br></div><div class="battle-history">Goodra used <strong>Thunderbolt</strong>!<br></div><div class="battle-history"><small>It's super effective!</small><br></div><div class="battle-history"><small>(The opposing Slowking lost <abbr title="−148/393">37.7%</abbr> of its health!)</small><br></div><div class="spacer battle-history"><br></div><div class="battle-history">The opposing Slowking used <strong>Slack Off</strong>!<br></div><div class="battle-history"><small>The opposing Slowking restored its HP.</small><br></div><div class="spacer battle-history"><br></div><div class="battle-history"><small>The opposing Slowking was hurt by poison!</small><br></div><div class="spacer battle-history"><br></div><h2 class="battle-history">Turn 26</h2><div class="spacer battle-history"><br></div><div class="battle-history">Goodra used <strong>Thunderbolt</strong>!<br></div><div class="battle-history"><small>It's super effective!</small><br></div><div class="battle-history"><small>(The opposing Slowking lost <abbr title="−140/393">35.6%</abbr> of its health!)</small><br></div><div class="spacer battle-history"><br></div><div class="battle-history">The opposing Slowking used <strong>Calm Mind</strong>!<br></div><div class="battle-history"><small>The opposing Slowking's Special Attack rose!</small><br></div><div class="battle-history"><small>The opposing Slowking's Special Defense rose!</small><br></div><div class="spacer battle-history"><br></div><div class="battle-history"><small>The opposing Slowking restored a little HP using its Leftovers!</small><br></div><div class="battle-history"><small>The opposing Slowking was hurt by poison!</small><br></div><div class="spacer battle-history"><br></div><h2 class="battle-history">Turn 27</h2><div class="spacer battle-history"><br></div><div class="battle-history">Goodra used <strong>Thunderbolt</strong>!<br></div><div class="battle-history"><small>It's super effective!</small><br></div><div class="battle-history"><small>(The opposing Slowking lost <abbr title="−102/393">26.0%</abbr> of its health!)</small><br></div><div class="spacer battle-history"><br></div><div class="battle-history">The opposing Slowking used <strong>Psyshock</strong>!<br></div><div class="battle-history"><small>(Goodra lost <abbr title="−258/383">67.4%</abbr> of its health!)</small><br></div><div class="spacer battle-history"><br></div><div class="battle-history"><small>The opposing Slowking restored a little HP using its Leftovers!</small><br></div><div class="battle-history"><small>The opposing Slowking was hurt by poison!</small><br></div><div class="spacer battle-history"><br></div><div class="battle-history">The opposing Slowking fainted!<br></div><div class="spacer battle-history"><br></div><div class="battle-history">T-cancer sent out <strong>Hydreigon</strong>!<br></div><div class="battle-history"><small>Pointed stones dug into the opposing Hydreigon!</small><br></div><div class="spacer battle-history"><br></div><h2 class="battle-history">Turn 28</h2><div class="chat chatmessage-kurisuk36"><strong style="color:hsl(84,70%,31%)"><small>☆</small><span class="username" data-name="KurisuK36">KurisuK36</span>:</strong> <em>Yay</em></div><div class="spacer battle-history"><br></div><div class="battle-history">The opposing Hydreigon used <strong>U-turn</strong>!<br></div><div class="battle-history"><small>(Goodra lost <abbr title="−38/383">9.9%</abbr> of its health!)</small><br></div><div class="spacer battle-history"><br></div><div class="battle-history">Goodra fainted!<br></div><div class="spacer battle-history"><br></div><div class="battle-history">The opposing Hydreigon went back to T-cancer!<br></div><div class="battle-history">T-cancer sent out <strong>Regirock</strong>!<br></div><div class="battle-history"><small>Pointed stones dug into the opposing Regirock!</small><br></div><div class="spacer battle-history"><br></div><div class="battle-history"><small>The opposing Regirock restored a little HP using its Leftovers!</small><br></div><div class="spacer battle-history"><br></div><div class="battle-history">Go! <strong>Alomomola</strong>!<br></div><div class="battle-history"><small>Pointed stones dug into Alomomola!</small><br></div><div class="spacer battle-history"><br></div><h2 class="battle-history">Turn 29</h2><div class="spacer battle-history"><br></div><div class="battle-history">Alomomola used <strong>Wish</strong>!<br></div><div class="spacer battle-history"><br></div><div class="battle-history">The opposing Regirock used <strong>Toxic</strong>!<br></div><div class="battle-history"><small>Alomomola was badly poisoned!</small><br></div><div class="spacer battle-history"><br></div><div class="battle-history"><small>Alomomola restored a little HP using its Leftovers!</small><br></div><div class="battle-history"><small>The opposing Regirock restored a little HP using its Leftovers!</small><br></div><div class="battle-history"><small>Alomomola was hurt by poison!</small><br></div><div class="spacer battle-history"><br></div><h2 class="battle-history">Turn 30</h2><div class="chat chatmessage-kurisuk36"><strong style="color:hsl(84,70%,31%)"><small>☆</small><span class="username" data-name="KurisuK36">KurisuK36</span>:</strong> <em>Here we go</em></div><div class="chat chatmessage-tcancer"><strong style="color:hsl(348,62%,46.16256079923485%)"><small>☆</small><span class="username" data-name="T-cancer">T-cancer</span>:</strong> <em>omg finally</em></div><div class="spacer battle-history"><br></div><div class="battle-history">Alomomola, come back!<br></div><div class="battle-history">Go! Aggron (<strong>Aggron-Mega</strong>)!<br></div><div class="battle-history"><small>Pointed stones dug into Aggron!</small><br></div><div class="spacer battle-history"><br></div><div class="battle-history">The opposing Regirock used <strong>Stone Edge</strong>!<br></div><div class="battle-history"><small>It's not very effective...</small><br></div><div class="battle-history"><small>(Aggron lost <abbr title="−27/344">7.8%</abbr> of its health!)</small><br></div><div class="spacer battle-history"><br></div><div class="battle-history"><small>Alomomola's wish came true!</small><br></div><div class="battle-history"><small>The opposing Regirock restored a little HP using its Leftovers!</small><br></div><div class="spacer battle-history"><br></div><h2 class="battle-history">Turn 31</h2><div class="spacer battle-history"><br></div><div class="battle-history">The opposing Regirock used <strong>Earthquake</strong>!<br></div><div class="battle-history"><small>It's super effective!</small><br></div><div class="battle-history"><small>(Aggron lost <abbr title="−57/344">16.6%</abbr> of its health!)</small><br></div><div class="spacer battle-history"><br></div><div class="battle-history">Aggron used <strong>Thunder Wave</strong>!<br></div><div class="battle-history"><small>The opposing Regirock is paralyzed! It may be unable to move!</small><br></div><div class="spacer battle-history"><br></div><div class="battle-history"><small>The opposing Regirock restored a little HP using its Leftovers!</small><br></div><div class="spacer battle-history"><br></div><h2 class="battle-history">Turn 32</h2><div class="spacer battle-history"><br></div><div class="battle-history">T-cancer withdrew Regirock!<br></div><div class="battle-history">T-cancer sent out <strong>Empoleon</strong>!<br></div><div class="battle-history"><small>Pointed stones dug into the opposing Empoleon!</small><br></div><div class="battle-history"><small>The opposing Empoleon floats in the air with its Air Balloon!</small><br></div><div class="spacer battle-history"><br></div><div class="battle-history">Aggron used <strong>Heavy Slam</strong>!<br></div><div class="battle-history"><small>It's not very effective...</small><br></div><div class="battle-history"><small>(The opposing Empoleon lost <abbr title="−41/371">11.1%</abbr> of its health!)</small><br></div><div class="battle-history"><small>The opposing Empoleon's Air Balloon popped!</small><br></div><div class="spacer battle-history"><br></div><h2 class="battle-history">Turn 33</h2><div class="chat chatmessage-tcancer"><strong style="color:hsl(348,62%,46.16256079923485%)"><small>☆</small><span class="username" data-name="T-cancer">T-cancer</span>:</strong> <em>why did you say here we go</em></div><div class="spacer battle-history"><br></div><div class="battle-history">The opposing Empoleon used <strong>Scald</strong>!<br></div><div class="battle-history"><small>(Aggron lost <abbr title="−138/344">40.1%</abbr> of its health!)</small><br></div><div class="spacer battle-history"><br></div><div class="battle-history">Aggron used <strong>Earthquake</strong>!<br></div><div class="battle-history"><small>It's super effective!</small><br></div><div class="battle-history"><small>(The opposing Empoleon lost <abbr title="−248/371">66.8%</abbr> of its health!)</small><br></div><div class="spacer battle-history"><br></div><h2 class="battle-history">Turn 34</h2><div class="spacer battle-history"><br></div><div class="battle-history">Aggron, come back!<br></div><div class="battle-history">Go! <strong>Alomomola</strong>!<br></div><div class="battle-history"><small>Pointed stones dug into Alomomola!</small><br></div><div class="spacer battle-history"><br></div><div class="battle-history">The opposing Empoleon used <strong>Scald</strong>!<br></div><div class="battle-history"><small>It's not very effective...</small><br></div><div class="battle-history"><small>(Alomomola lost <abbr title="−129/481">26.8%</abbr> of its health!)</small><br></div><div class="spacer battle-history"><br></div><div class="battle-history"><small>Alomomola restored a little HP using its Leftovers!</small><br></div><div class="battle-history"><small>Alomomola was hurt by poison!</small><br></div><div class="spacer battle-history"><br></div><h2 class="battle-history">Turn 35</h2><div class="spacer battle-history"><br></div><div class="battle-history">T-cancer withdrew Empoleon!<br></div><div class="battle-history">T-cancer sent out <strong>Hydreigon</strong>!<br></div><div class="battle-history"><small>Pointed stones dug into the opposing Hydreigon!</small><br></div><div class="spacer battle-history"><br></div><div class="battle-history">Alomomola used <strong>Wish</strong>!<br></div><div class="spacer battle-history"><br></div><div class="battle-history"><small>Alomomola restored a little HP using its Leftovers!</small><br></div><div class="battle-history"><small>Alomomola was hurt by poison!</small><br></div><div class="spacer battle-history"><br></div><h2 class="battle-history">Turn 36</h2><div class="spacer battle-history"><br></div><div class="battle-history">The opposing Hydreigon used <strong>Flamethrower</strong>!<br></div><div class="battle-history"><small>It's not very effective...</small><br></div><div class="battle-history"><small>(Alomomola lost <abbr title="−62/481">12.9%</abbr> of its health!)</small><br></div><div class="spacer battle-history"><br></div><div class="battle-history">Alomomola used <strong>Toxic</strong>!<br></div><div class="battle-history"><small>The opposing Hydreigon was badly poisoned!</small><br></div><div class="spacer battle-history"><br></div><div class="battle-history"><small>Alomomola's wish came true!</small><br></div><div class="battle-history"><small>Alomomola restored a little HP using its Leftovers!</small><br></div><div class="battle-history"><small>The opposing Hydreigon was hurt by poison!</small><br></div><div class="battle-history"><small>Alomomola was hurt by poison!</small><br></div><div class="spacer battle-history"><br></div><h2 class="battle-history">Turn 37</h2><div class="spacer battle-history"><br></div><div class="battle-history">T-cancer withdrew Hydreigon!<br></div><div class="battle-history">T-cancer sent out <strong>Regirock</strong>!<br></div><div class="battle-history"><small>Pointed stones dug into the opposing Regirock!</small><br></div><div class="spacer battle-history"><br></div><div class="battle-history">Alomomola used <strong>Wish</strong>!<br></div><div class="spacer battle-history"><br></div><div class="battle-history"><small>Alomomola restored a little HP using its Leftovers!</small><br></div><div class="battle-history"><small>The opposing Regirock restored a little HP using its Leftovers!</small><br></div><div class="battle-history"><small>Alomomola was hurt by poison!</small><br></div><div class="spacer battle-history"><br></div><h2 class="battle-history">Turn 38</h2><div class="chat chatmessage-tcancer"><strong style="color:hsl(348,62%,46.16256079923485%)"><small>☆</small><span class="username" data-name="T-cancer">T-cancer</span>:</strong> <em>ok im gonna leave because this is stupid</em></div><div class="spacer battle-history"><br></div><div class="battle-history">Alomomola, come back!<br></div><div class="battle-history">Go! Aggron (<strong>Aggron-Mega</strong>)!<br></div><div class="battle-history"><small>Pointed stones dug into Aggron!</small><br></div><div class="spacer battle-history"><br></div><div class="battle-history">The opposing Regirock used <strong>Earthquake</strong>!<br></div><div class="battle-history"><small>It's super effective!</small><br></div><div class="battle-history"><small>(Aggron lost <abbr title="−55/344">16.0%</abbr> of its health!)</small><br></div><div class="spacer battle-history"><br></div><div class="battle-history"><small>Alomomola's wish came true!</small><br></div><div class="battle-history"><small>The opposing Regirock restored a little HP using its Leftovers!</small><br></div><div class="spacer battle-history"><br></div><h2 class="battle-history">Turn 39</h2><div class="chat chatmessage-kurisuk36"><strong style="color:hsl(84,70%,31%)"><small>☆</small><span class="username" data-name="KurisuK36">KurisuK36</span>:</strong> <em>This core is freaking broken!</em></div><div class="chat chatmessage-tcancer"><strong style="color:hsl(348,62%,46.16256079923485%)"><small>☆</small><span class="username" data-name="T-cancer">T-cancer</span>:</strong> <em>why is it so good</em></div><div class="chat chatmessage-tcancer"><strong style="color:hsl(348,62%,46.16256079923485%)"><small>☆</small><span class="username" data-name="T-cancer">T-cancer</span>:</strong> <em>please explain</em></div><div class="spacer battle-history"><br></div><div class="battle-history">T-cancer withdrew Regirock!<br></div><div class="battle-history">T-cancer sent out <strong>Hydreigon</strong>!<br></div><div class="battle-history"><small>Pointed stones dug into the opposing Hydreigon!</small><br></div><div class="spacer battle-history"><br></div><div class="battle-history">Aggron used <strong>Earthquake</strong>!<br></div><div class="battle-history"><small>[The opposing Hydreigon's Levitate]</small><br><small>It doesn't affect the opposing Hydreigon...</small><br></div><div class="spacer battle-history"><br></div><div class="battle-history"><small>The opposing Hydreigon was hurt by poison!</small><br></div><div class="spacer battle-history"><br></div><h2 class="battle-history">Turn 40</h2><div class="spacer battle-history"><br></div><div class="battle-history">Aggron, come back!<br></div><div class="battle-history">Go! <strong>Alomomola</strong>!<br></div><div class="battle-history"><small>Pointed stones dug into Alomomola!</small><br></div><div class="spacer battle-history"><br></div><div class="battle-history">The opposing Hydreigon used <strong>Dragon Pulse</strong>!<br></div><div class="battle-history"><small>(Alomomola lost <abbr title="−192/481">39.9%</abbr> of its health!)</small><br></div><div class="spacer battle-history"><br></div><div class="battle-history"><small>Alomomola restored a little HP using its Leftovers!</small><br></div><div class="battle-history"><small>The opposing Hydreigon was hurt by poison!</small><br></div><div class="battle-history"><small>Alomomola was hurt by poison!</small><br></div><div class="spacer battle-history"><br></div><h2 class="battle-history">Turn 41</h2><div class="chat chatmessage-tcancer"><strong style="color:hsl(348,62%,46.16256079923485%)"><small>☆</small><span class="username" data-name="T-cancer">T-cancer</span>:</strong> <em>can you also say moves, ev's please</em></div><div class="chat chatmessage-tcancer"><strong style="color:hsl(348,62%,46.16256079923485%)"><small>☆</small><span class="username" data-name="T-cancer">T-cancer</span>:</strong> <em>im going to use it</em></div><div class="chat chatmessage-kurisuk36"><strong style="color:hsl(84,70%,31%)"><small>☆</small><span class="username" data-name="KurisuK36">KurisuK36</span>:</strong> <em>Ill tell u my build after</em></div><div class="spacer battle-history"><br></div><div class="battle-history"><small>T-cancer forfeited.</small><br></div><div class="spacer battle-history"><br></div><div class="battle-history"><strong>KurisuK36</strong> won the battle!<br></div><div class="chat"><small>T-cancer left.</small></div><div class="chat">KurisuK36's rating: 1055 → <strong>1095</strong><br>(+40 for winning)</div><div class="chat">T-cancer's rating: 1152 → <strong>1120</strong><br>(-32 for losing)</div><div class="chat chatmessage-kurisuk36"><strong style="color:hsl(84,70%,31%)"><small>☆</small><span class="username" data-name="KurisuK36">KurisuK36</span>:</strong> <em>I have tons of great teams</em></div></div><div class="inner-preempt"></div></div></div>
</div>
<script>
let daily = Math.floor(Date.now()/1000/60/60/24);document.write('<script src="https://play.pokemonshowdown.com/js/replay-embed.js?version'+daily+'"></'+'script>');
</script>
