<!DOCTYPE html>
<meta charset="utf-8" />
<!-- version 1 -->
<title>PU replay: Slowbroth vs. LordST</title>
<style>
html,body {font-family:Verdana, sans-serif;font-size:10pt;margin:0;padding:0;}body{padding:12px 0;} .battle-log {font-family:Verdana, sans-serif;font-size:10pt;} .battle-log-inline {border:1px solid #AAAAAA;background:#EEF2F5;color:black;max-width:640px;margin:0 auto 80px;padding-bottom:5px;} .battle-log .inner {padding:4px 8px 0px 8px;} .battle-log .inner-preempt {padding:0 8px 4px 8px;} .battle-log .inner-after {margin-top:0.5em;} .battle-log h2 {margin:0.5em -8px;padding:4px 8px;border:1px solid #AAAAAA;background:#E0E7EA;border-left:0;border-right:0;font-family:Verdana, sans-serif;font-size:13pt;} .battle-log .chat {vertical-align:middle;padding:3px 0 3px 0;font-size:8pt;} .battle-log .chat strong {color:#40576A;} .battle-log .chat em {padding:1px 4px 1px 3px;color:#000000;font-style:normal;} .chat.mine {background:rgba(0,0,0,0.05);margin-left:-8px;margin-right:-8px;padding-left:8px;padding-right:8px;} .spoiler {color:#BBBBBB;background:#BBBBBB;padding:0px 3px;} .spoiler:hover, .spoiler:active, .spoiler-shown {color:#000000;background:#E2E2E2;padding:0px 3px;} .spoiler a {color:#BBBBBB;} .spoiler:hover a, .spoiler:active a, .spoiler-shown a {color:#2288CC;} .chat code, .chat .spoiler:hover code, .chat .spoiler:active code, .chat .spoiler-shown code {border:1px solid #C0C0C0;background:#EEEEEE;color:black;padding:0 2px;} .chat .spoiler code {border:1px solid #CCCCCC;background:#CCCCCC;color:#CCCCCC;} .battle-log .rated {padding:3px 4px;} .battle-log .rated strong {color:white;background:#89A;padding:1px 4px;border-radius:4px;} .spacer {margin-top:0.5em;} .message-announce {background:#6688AA;color:white;padding:1px 4px 2px;} .message-announce a, .broadcast-green a, .broadcast-blue a, .broadcast-red a {color:#DDEEFF;} .broadcast-green {background-color:#559955;color:white;padding:2px 4px;} .broadcast-blue {background-color:#6688AA;color:white;padding:2px 4px;} .infobox {border:1px solid #6688AA;padding:2px 4px;} .infobox-limited {max-height:200px;overflow:auto;overflow-x:hidden;} .broadcast-red {background-color:#AA5544;color:white;padding:2px 4px;} .message-learn-canlearn {font-weight:bold;color:#228822;text-decoration:underline;} .message-learn-cannotlearn {font-weight:bold;color:#CC2222;text-decoration:underline;} .message-effect-weak {font-weight:bold;color:#CC2222;} .message-effect-resist {font-weight:bold;color:#6688AA;} .message-effect-immune {font-weight:bold;color:#666666;} .message-learn-list {margin-top:0;margin-bottom:0;} .message-throttle-notice, .message-error {color:#992222;} .message-overflow, .chat small.message-overflow {font-size:0pt;} .message-overflow::before {font-size:9pt;content:'...';} .subtle {color:#3A4A66;}
</style>
<div class="wrapper replay-wrapper" style="max-width:1180px;margin:0 auto">
<input type="hidden" name="replayid" value="pu-571326695" />
<div class="battle"></div><div class="battle-log"></div><div class="replay-controls"></div><div class="replay-controls-2"></div>
<h1 style="font-weight:normal;text-align:center"><strong>PU</strong><br /><a href="http://pokemonshowdown.com/users/slowbroth" class="subtle" target="_blank">Slowbroth</a> vs. <a href="http://pokemonshowdown.com/users/lordst" class="subtle" target="_blank">LordST</a></h1>
<script type="text/plain" class="battle-log-data">|j|Slowbroth
|j|LordST
|player|p1|Slowbroth|277
|player|p2|LordST|43
|gametype|singles
|gen|6
|tier|PU
|seed|16918,35777,59549,61129
|rule|Sleep Clause Mod: Limit one foe put to sleep
|rule|Species Clause: Limit one of each Pokémon
|rule|OHKO Clause: OHKO moves are banned
|rule|Moody Clause: Moody is banned
|rule|Evasion Moves Clause: Evasion moves are banned
|rule|Endless Battle Clause: Forcing endless battles is banned
|rule|HP Percentage Mod: HP is shown in percentages
|clearpoke
|poke|p1|Chatot, M|item
|poke|p1|Mr. Mime, F, shiny|item
|poke|p1|Meowstic, M, shiny|item
|poke|p1|Lickilicky, F, shiny|item
|poke|p1|Maractus, F, shiny|item
|poke|p1|Gigalith, F|item
|poke|p2|Fraxure, F|item
|poke|p2|Rapidash, F|item
|poke|p2|Chinchou, M|item
|poke|p2|Vibrava, F|item
|poke|p2|Mr. Mime, M|item
|poke|p2|Metang|item
|rule|Swagger Clause: Swagger is banned
|rule|Baton Pass Clause: Limit one Baton Passer, can't pass Spe and other stats simultaneously
|teampreview
|j|UberSkitty
|c| UberSkitty|glhf
|c|☆Slowbroth|hf
|c|☆LordST|saem
|j|PokemonMasterTJ
|choice|team 6, team 2, team 3, team 4, team 5, team 1|team 1, team 2, team 3, team 4, team 5, team 6
|
|start
|switch|p1a: border wall|Gigalith, F|353\/353
|switch|p2a: Fraxure|Fraxure, F|273\/273
|-ability|p2a: Fraxure|Mold Breaker
|turn|1
|choice|move stoneedge|move superpower
|
|move|p2a: Fraxure|Superpower|p1a: border wall
|-supereffective|p1a: border wall
|-damage|p1a: border wall|35\/353
|-unboost|p2a: Fraxure|atk|1
|-unboost|p2a: Fraxure|def|1
|move|p1a: border wall|Stone Edge|p2a: Fraxure
|-damage|p2a: Fraxure|0 fnt
|faint|p2a: Fraxure
|
|-heal|p1a: border wall|57\/353|[from] item: Leftovers
|upkeep
|c|☆LordST|that doest kill
|c|+PokemonMasterTJ|slowbroth
|c|☆LordST|frax sux
|c|+PokemonMasterTJ|don't use that
|c|+PokemonMasterTJ|use this
|c|+PokemonMasterTJ|!dt golem
|c|~|\/data-pokemon Golem
|raw|<font size="1"><font color="#686868">Dex#:<\/font> 76&nbsp;|&ThickSpace;<font color="#686868">Gen:<\/font> 1&nbsp;|&ThickSpace;<font color="#686868">Height:<\/font> 1.4 m&nbsp;|&ThickSpace;<font color="#686868">Weight:<\/font> 300 kg <em>(120 BP)<\/em>&nbsp;|&ThickSpace;<font color="#686868">Dex Colour:<\/font> Brown&nbsp;|&ThickSpace;<font color="#686868">Egg Group(s):<\/font> Mineral&nbsp;|&ThickSpace;<font color="#686868">Does Not Evolve<\/font><\/font>
|c| UberSkitty|i mean sturdy either way
|c|☆Slowbroth|use what
|c|☆Slowbroth|oh golem sux
|c|☆LordST|tru
|c|☆Slowbroth|it has a 4x weakness to water
|c|☆Slowbroth|and grass
|choice||switch 6
|
|switch|p2a: Metang|Metang|314\/314
|turn|2
|c|+PokemonMasterTJ|oh yea
|inactive|Battle timer is ON: inactive players will automatically lose when time's up. (requested by Slowbroth)
|c|☆LordST|but slowbroth why not use sand stream
|c| UberSkitty|and a 16x weakness to lombre :O
|c|+PokemonMasterTJ|!dt border wall
|html|<div class="message-error">No Pokémon, item, move, ability or nature named &apos;border wall&apos; was found. (Check your spelling?)<\/div>
|c|+PokemonMasterTJ|!dt gigalith
|c|~|\/data-pokemon Gigalith
|raw|<font size="1"><font color="#686868">Dex#:<\/font> 526&nbsp;|&ThickSpace;<font color="#686868">Gen:<\/font> 5&nbsp;|&ThickSpace;<font color="#686868">Height:<\/font> 1.7 m&nbsp;|&ThickSpace;<font color="#686868">Weight:<\/font> 260 kg <em>(120 BP)<\/em>&nbsp;|&ThickSpace;<font color="#686868">Dex Colour:<\/font> Blue&nbsp;|&ThickSpace;<font color="#686868">Egg Group(s):<\/font> Mineral&nbsp;|&ThickSpace;<font color="#686868">Does Not Evolve<\/font><\/font>
|choice|move earthquake|move bulletpunch
|
|move|p2a: Metang|Bullet Punch|p1a: border wall
|-supereffective|p1a: border wall
|-damage|p1a: border wall|0 fnt
|faint|p1a: border wall
|
|upkeep
|c|+PokemonMasterTJ|whoruns bp
|c|☆LordST|**???**
|c|☆LordST|ur mum
|c| UberSkitty|hey
|choice|switch 5|
|
|switch|p1a: illegal immigrants|Maractus, F, shiny|354\/354
|turn|3
|c| UberSkitty|thats my thing
|c|+PokemonMasterTJ|slowbroth
|c|+PokemonMasterTJ|donaldtrump
|c|☆Slowbroth|what about him
|choice|move knockoff|switch 2
|
|switch|p2a: Rapidash|Rapidash, F|271\/271
|move|p1a: illegal immigrants|Knock Off|p2a: Rapidash
|-crit|p2a: Rapidash
|-damage|p2a: Rapidash|147\/271
|-enditem|p2a: Rapidash|Leftovers|[from] move: Knock Off|[of] p1a: illegal immigrants
|
|upkeep
|turn|4
|c|+PokemonMasterTJ|@realDonaldTrump
|choice|move spikes|move morningsun
|
|move|p2a: Rapidash|Morning Sun|p2a: Rapidash
|-heal|p2a: Rapidash|271\/271
|move|p1a: illegal immigrants|Spikes|p2a: Rapidash
|-sidestart|p2: LordST|Spikes
|
|upkeep
|turn|5
|c|☆LordST|slowbroth
|c|☆LordST|rename your maractus
|c|☆LordST|"Bad Hombre"
|c| UberSkitty|to weed
|c| UberSkitty|oh
|choice|move spikes|move flareblitz
|
|move|p2a: Rapidash|Flare Blitz|p1a: illegal immigrants
|-supereffective|p1a: illegal immigrants
|-damage|p1a: illegal immigrants|0 fnt
|-damage|p2a: Rapidash|154\/271|[from] recoil|[of] p1a: illegal immigrants
|faint|p1a: illegal immigrants
|
|upkeep
|c| UberSkitty|or that
|c|☆Slowbroth|oh someone else
|c|☆Slowbroth|already is bad homre
|c|☆LordST|o
|choice|switch 4|
|
|switch|p1a: bad hombre|Lickilicky, F, shiny|361\/361
|turn|6
|c|☆LordST|nice
|choice|move curse|move willowisp
|
|move|p2a: Rapidash|Will-O-Wisp|p1a: bad hombre
|-status|p1a: bad hombre|brn
|move|p1a: bad hombre|Curse|p1a: bad hombre
|-unboost|p1a: bad hombre|spe|1
|-boost|p1a: bad hombre|atk|1
|-boost|p1a: bad hombre|def|1
|
|-damage|p1a: bad hombre|316\/361 brn|[from] brn
|upkeep
|turn|7
|c|☆LordST|tfw auto lose
|c|☆LordST|banded fraxure is so garbage lol
|choice|move rest|move flareblitz
|
|move|p2a: Rapidash|Flare Blitz|p1a: bad hombre
|-damage|p1a: bad hombre|193\/361 brn
|-damage|p2a: Rapidash|113\/271|[from] recoil|[of] p1a: bad hombre
|move|p1a: bad hombre|Rest|p1a: bad hombre
|-status|p1a: bad hombre|slp
|-heal|p1a: bad hombre|361\/361 slp|[silent]
|-status|p1a: bad hombre|slp|[from] move: Rest
|
|upkeep
|turn|8
|c|☆Slowbroth|g_g
|choice|move sleeptalk|move flareblitz
|
|move|p2a: Rapidash|Flare Blitz|p1a: bad hombre
|-damage|p1a: bad hombre|243\/361 slp
|-damage|p2a: Rapidash|74\/271|[from] recoil|[of] p1a: bad hombre
|cant|p1a: bad hombre|slp
|move|p1a: bad hombre|Sleep Talk|p1a: bad hombre
|move|p1a: bad hombre|Rest|p1a: bad hombre|[from]Sleep Talk
|-fail|p1a: bad hombre
|
|-heal|p1a: bad hombre|265\/361 slp|[from] item: Leftovers
|upkeep
|turn|9
|choice|move sleeptalk|move flareblitz
|
|move|p2a: Rapidash|Flare Blitz|p1a: bad hombre
|-damage|p1a: bad hombre|138\/361 slp
|-damage|p2a: Rapidash|32\/271|[from] recoil|[of] p1a: bad hombre
|cant|p1a: bad hombre|slp
|move|p1a: bad hombre|Sleep Talk|p1a: bad hombre
|move|p1a: bad hombre|Curse|p1a: bad hombre|[from]Sleep Talk
|-unboost|p1a: bad hombre|spe|1
|-boost|p1a: bad hombre|atk|1
|-boost|p1a: bad hombre|def|1
|
|-heal|p1a: bad hombre|160\/361 slp|[from] item: Leftovers
|upkeep
|turn|10
|c|☆Slowbroth|can i pull something good
|c|☆LordST|no
|choice|move rest|move flareblitz
|
|move|p2a: Rapidash|Flare Blitz|p1a: bad hombre
|-damage|p1a: bad hombre|69\/361 slp
|-damage|p2a: Rapidash|2\/271|[from] recoil|[of] p1a: bad hombre
|-curestatus|p1a: bad hombre|slp|[msg]
|move|p1a: bad hombre|Rest|p1a: bad hombre
|-status|p1a: bad hombre|slp
|-heal|p1a: bad hombre|361\/361 slp|[silent]
|-status|p1a: bad hombre|slp|[from] move: Rest
|
|upkeep
|turn|11
|c|+PokemonMasterTJ|this man said gg on turn8
|choice|move sleeptalk|move morningsun
|
|move|p2a: Rapidash|Morning Sun|p2a: Rapidash
|-heal|p2a: Rapidash|137\/271
|cant|p1a: bad hombre|slp
|move|p1a: bad hombre|Sleep Talk|p1a: bad hombre
|move|p1a: bad hombre|Chip Away|p2a: Rapidash|[from]Sleep Talk
|-damage|p2a: Rapidash|0 fnt
|faint|p2a: Rapidash
|
|upkeep
|c| UberSkitty|ez crit
|c|+PokemonMasterTJ|how do u feel
|c|+PokemonMasterTJ|lst
|choice||switch 2
|
|switch|p2a: Metang|Metang|314\/314
|-damage|p2a: Metang|275\/314|[from] Spikes
|turn|12
|c|☆LordST|i feel like i lost my breaker turn 1
|c|☆Slowbroth|this is one
|c|☆Slowbroth|bad hombre
|choice|move sleeptalk|move meteormash
|
|move|p2a: Metang|Meteor Mash|p1a: bad hombre
|-damage|p1a: bad hombre|300\/361 slp
|cant|p1a: bad hombre|slp
|move|p1a: bad hombre|Sleep Talk|p1a: bad hombre
|move|p1a: bad hombre|Rest|p1a: bad hombre|[from]Sleep Talk
|-fail|p1a: bad hombre
|
|-heal|p1a: bad hombre|322\/361 slp|[from] item: Leftovers
|upkeep
|turn|13
|choice|move curse|move meteormash
|
|move|p2a: Metang|Meteor Mash|p1a: bad hombre
|-damage|p1a: bad hombre|255\/361 slp
|-boost|p2a: Metang|atk|1
|-curestatus|p1a: bad hombre|slp|[msg]
|move|p1a: bad hombre|Curse|p1a: bad hombre
|-unboost|p1a: bad hombre|spe|1
|-boost|p1a: bad hombre|atk|1
|-boost|p1a: bad hombre|def|1
|
|-heal|p1a: bad hombre|277\/361|[from] item: Leftovers
|upkeep
|turn|14
|choice|move curse|move meteormash
|
|move|p2a: Metang|Meteor Mash|p1a: bad hombre
|-damage|p1a: bad hombre|205\/361
|move|p1a: bad hombre|Curse|p1a: bad hombre
|-unboost|p1a: bad hombre|spe|1
|-boost|p1a: bad hombre|atk|1
|-boost|p1a: bad hombre|def|1
|
|-heal|p1a: bad hombre|227\/361|[from] item: Leftovers
|upkeep
|turn|15
|choice|move curse|move meteormash
|
|move|p2a: Metang|Meteor Mash|p1a: bad hombre
|-damage|p1a: bad hombre|164\/361
|move|p1a: bad hombre|Curse|p1a: bad hombre
|-unboost|p1a: bad hombre|spe|1
|-boost|p1a: bad hombre|atk|1
|-boost|p1a: bad hombre|def|1
|
|-heal|p1a: bad hombre|186\/361|[from] item: Leftovers
|upkeep
|turn|16
|choice|move curse|move meteormash
|
|move|p2a: Metang|Meteor Mash|p1a: bad hombre
|-damage|p1a: bad hombre|129\/361
|move|p1a: bad hombre|Curse|p1a: bad hombre
|-unboost|p1a: bad hombre|spe|1
|-boost|p1a: bad hombre|atk|1
|-boost|p1a: bad hombre|def|1
|
|-heal|p1a: bad hombre|151\/361|[from] item: Leftovers
|upkeep
|turn|17
|choice|move rest|move meteormash
|
|move|p2a: Metang|Meteor Mash|p1a: bad hombre
|-damage|p1a: bad hombre|100\/361
|move|p1a: bad hombre|Rest|p1a: bad hombre
|-status|p1a: bad hombre|slp
|-heal|p1a: bad hombre|361\/361 slp|[silent]
|-status|p1a: bad hombre|slp|[from] move: Rest
|
|upkeep
|turn|18
|c|☆LordST|wheres my crit at
|choice|move sleeptalk|move meteormash
|
|move|p2a: Metang|Meteor Mash|p1a: bad hombre
|-damage|p1a: bad hombre|312\/361 slp
|cant|p1a: bad hombre|slp
|move|p1a: bad hombre|Sleep Talk|p1a: bad hombre
|move|p1a: bad hombre|Chip Away|p2a: Metang|[from]Sleep Talk
|-resisted|p2a: Metang
|-damage|p2a: Metang|179\/314
|
|-heal|p1a: bad hombre|334\/361 slp|[from] item: Leftovers
|upkeep
|turn|19
|choice|move sleeptalk|move meteormash
|
|move|p2a: Metang|Meteor Mash|p1a: bad hombre
|-damage|p1a: bad hombre|285\/361 slp
|-boost|p2a: Metang|atk|1
|cant|p1a: bad hombre|slp
|move|p1a: bad hombre|Sleep Talk|p1a: bad hombre
|move|p1a: bad hombre|Rest|p1a: bad hombre|[from]Sleep Talk
|-fail|p1a: bad hombre
|
|-heal|p1a: bad hombre|307\/361 slp|[from] item: Leftovers
|upkeep
|turn|20
|choice|move chipaway|move meteormash
|
|move|p2a: Metang|Meteor Mash|p1a: bad hombre
|-damage|p1a: bad hombre|246\/361 slp
|-curestatus|p1a: bad hombre|slp|[msg]
|move|p1a: bad hombre|Chip Away|p2a: Metang
|-resisted|p2a: Metang
|-damage|p2a: Metang|77\/314
|
|-heal|p1a: bad hombre|268\/361|[from] item: Leftovers
|upkeep
|turn|21
|j|ShuckleDeath
|choice|move chipaway|move meteormash
|
|move|p2a: Metang|Meteor Mash|p1a: bad hombre
|-damage|p1a: bad hombre|208\/361
|-boost|p2a: Metang|atk|1
|move|p1a: bad hombre|Chip Away|p2a: Metang
|-resisted|p2a: Metang
|-damage|p2a: Metang|0 fnt
|faint|p2a: Metang
|
|-heal|p1a: bad hombre|230\/361|[from] item: Leftovers
|upkeep
|choice||switch 5
|
|switch|p2a: Mr. Mime|Mr. Mime, M|221\/221
|-damage|p2a: Mr. Mime|194\/221|[from] Spikes
|turn|22
|choice|move chipaway|move focusblast
|
|move|p2a: Mr. Mime|Focus Blast|p1a: bad hombre
|-supereffective|p1a: bad hombre
|-damage|p1a: bad hombre|50\/361
|move|p1a: bad hombre|Chip Away|p2a: Mr. Mime
|-damage|p2a: Mr. Mime|0 fnt
|faint|p2a: Mr. Mime
|
|-heal|p1a: bad hombre|72\/361|[from] item: Leftovers
|upkeep
|choice||switch 3
|
|switch|p2a: Chinchou|Chinchou, M|353\/353
|-damage|p2a: Chinchou|309\/353|[from] Spikes
|turn|23
|c|☆Slowbroth|dontn kill
|c|☆LordST|specs chinchou sweep
|c|☆Slowbroth|plz
|c|☆LordST|bep bep
|choice|move rest|move scald
|
|move|p2a: Chinchou|Scald|p1a: bad hombre
|-damage|p1a: bad hombre|26\/361
|move|p1a: bad hombre|Rest|p1a: bad hombre
|-status|p1a: bad hombre|slp
|-heal|p1a: bad hombre|361\/361 slp|[silent]
|-status|p1a: bad hombre|slp|[from] move: Rest
|
|upkeep
|turn|24
|c|☆LordST|g-G
|j|pancake
|-message|LordST forfeited.
|
|win|Slowbroth
|c| UberSkitty|gg</script>
</div>
<div class="battle-log battle-log-inline"><div class="inner"><div class="battle-options"></div><div class="inner"><div class="chat"><small>Slowbroth joined.</small></div><div class="chat"><small>LordST joined.</small></div><div class=""><small>Format:</small> <br><strong>PU</strong></div><div class=""><small><em>Sleep Clause Mod:</em> Limit one foe put to sleep</small></div><div class=""><small><em>Species Clause:</em> Limit one of each Pokémon</small></div><div class=""><small><em>OHKO Clause:</em> OHKO moves are banned</small></div><div class=""><small><em>Moody Clause:</em> Moody is banned</small></div><div class=""><small><em>Evasion Moves Clause:</em> Evasion moves are banned</small></div><div class=""><small><em>Endless Battle Clause:</em> Forcing endless battles is banned</small></div><div class=""><small><em>HP Percentage Mod:</em> HP is shown in percentages</small></div><div class=""><small><em>Swagger Clause:</em> Swagger is banned</small></div><div class=""><small><em>Baton Pass Clause:</em> Limit one Baton Passer, can't pass Spe and other stats simultaneously</small></div><div class="chat battle-history"><strong>Slowbroth's team:</strong> <em style="color:#445566;display:block;">Chatot / Mr. Mime / Meowstic / Lickilicky / Maractus / Gigalith</em></div><div class="chat battle-history"><strong>LordST's team:</strong> <em style="color:#445566;display:block;">Fraxure / Rapidash / Chinchou / Vibrava / Mr. Mime / Metang</em></div><div class="chat"><small>UberSkitty joined.</small></div><div class="chat chatmessage-uberskitty"><strong style="color:hsl(74,64%,33%)"><small> </small><span class="username" data-name="UberSkitty">UberSkitty</span>:</strong> <em>glhf</em></div><div class="chat chatmessage-slowbroth"><strong style="color:hsl(317,62%,48.816815154816716%)"><small>☆</small><span class="username" data-name="Slowbroth">Slowbroth</span>:</strong> <em>hf</em></div><div class="chat chatmessage-lordst"><strong style="color:hsl(5,52%,47%)"><small>☆</small><span class="username" data-name="LordST">LordST</span>:</strong> <em>saem</em></div><div class="chat"><small>PokemonMasterTJ joined.</small></div><div class="spacer battle-history"><br></div><div class="battle-history">Battle started between Slowbroth and LordST!<br></div><div class="spacer battle-history"><br></div><div class="battle-history">Go! border wall (<strong>Gigalith</strong>)!<br></div><div class="spacer battle-history"><br></div><div class="battle-history">LordST sent out <strong>Fraxure</strong>!<br></div><div class="battle-history"><small>[The opposing Fraxure's Mold Breaker]</small><br><small>The opposing Fraxure breaks the mold!</small><br></div><div class="spacer battle-history"><br></div><h2 class="battle-history">Turn 1</h2><div class="spacer battle-history"><br></div><div class="battle-history">The opposing Fraxure used <strong>Superpower</strong>!<br></div><div class="battle-history"><small>It's super effective!</small><br></div><div class="battle-history"><small>(border wall lost <abbr title="−318/353">90.1%</abbr> of its health!)</small><br></div><div class="battle-history"><small>The opposing Fraxure's Attack fell!</small><br></div><div class="battle-history"><small>The opposing Fraxure's Defense fell!</small><br></div><div class="spacer battle-history"><br></div><div class="battle-history">border wall used <strong>Stone Edge</strong>!<br></div><div class="battle-history"><small>(The opposing Fraxure lost <abbr title="−273/273">100%</abbr> of its health!)</small><br></div><div class="spacer battle-history"><br></div><div class="battle-history">The opposing Fraxure fainted!<br></div><div class="spacer battle-history"><br></div><div class="battle-history"><small>border wall restored a little HP using its Leftovers!</small><br></div><div class="chat chatmessage-lordst"><strong style="color:hsl(5,52%,47%)"><small>☆</small><span class="username" data-name="LordST">LordST</span>:</strong> <em>that doest kill</em></div><div class="chat chatmessage-pokemonmastertj"><strong style="color:hsl(26,75%,48%)"><small>+</small><span class="username" data-name="PokemonMasterTJ">PokemonMasterTJ</span>:</strong> <em>slowbroth</em></div><div class="chat chatmessage-lordst"><strong style="color:hsl(5,52%,47%)"><small>☆</small><span class="username" data-name="LordST">LordST</span>:</strong> <em>frax sux</em></div><div class="chat chatmessage-pokemonmastertj"><strong style="color:hsl(26,75%,48%)"><small>+</small><span class="username" data-name="PokemonMasterTJ">PokemonMasterTJ</span>:</strong> <em>don't use that</em></div><div class="chat chatmessage-pokemonmastertj"><strong style="color:hsl(26,75%,48%)"><small>+</small><span class="username" data-name="PokemonMasterTJ">PokemonMasterTJ</span>:</strong> <em>use this</em></div><div class="chat chatmessage-pokemonmastertj"><strong style="color:hsl(26,75%,48%)"><small>+</small><span class="username" data-name="PokemonMasterTJ">PokemonMasterTJ</span>:</strong> <em>!dt golem</em></div><div class="chat message-error">[outdated code no longer supported]</div><div class="chat"><font size="1"><font color="#686868">Dex#:</font> 76&nbsp;|  <font color="#686868">Gen:</font> 1&nbsp;|  <font color="#686868">Height:</font> 1.4 m&nbsp;|  <font color="#686868">Weight:</font> 300 kg <em>(120 BP)</em>&nbsp;|  <font color="#686868">Dex Colour:</font> Brown&nbsp;|  <font color="#686868">Egg Group(s):</font> Mineral&nbsp;|  <font color="#686868">Does Not Evolve</font></font></div><div class="chat chatmessage-uberskitty"><strong style="color:hsl(74,64%,33%)"><small> </small><span class="username" data-name="UberSkitty">UberSkitty</span>:</strong> <em>i mean sturdy either way</em></div><div class="chat chatmessage-slowbroth"><strong style="color:hsl(317,62%,48.816815154816716%)"><small>☆</small><span class="username" data-name="Slowbroth">Slowbroth</span>:</strong> <em>use what</em></div><div class="chat chatmessage-slowbroth"><strong style="color:hsl(317,62%,48.816815154816716%)"><small>☆</small><span class="username" data-name="Slowbroth">Slowbroth</span>:</strong> <em>oh golem sux</em></div><div class="chat chatmessage-lordst"><strong style="color:hsl(5,52%,47%)"><small>☆</small><span class="username" data-name="LordST">LordST</span>:</strong> <em>tru</em></div><div class="chat chatmessage-slowbroth"><strong style="color:hsl(317,62%,48.816815154816716%)"><small>☆</small><span class="username" data-name="Slowbroth">Slowbroth</span>:</strong> <em>it has a 4x weakness to water</em></div><div class="chat chatmessage-slowbroth"><strong style="color:hsl(317,62%,48.816815154816716%)"><small>☆</small><span class="username" data-name="Slowbroth">Slowbroth</span>:</strong> <em>and grass</em></div><div class="spacer battle-history"><br></div><div class="battle-history">LordST sent out <strong>Metang</strong>!<br></div><div class="spacer battle-history"><br></div><h2 class="battle-history">Turn 2</h2><div class="chat chatmessage-pokemonmastertj"><strong style="color:hsl(26,75%,48%)"><small>+</small><span class="username" data-name="PokemonMasterTJ">PokemonMasterTJ</span>:</strong> <em>oh yea</em></div><div class="chat message-error">Battle timer is ON: inactive players will automatically lose when time's up. (requested by Slowbroth)</div><div class="chat chatmessage-lordst"><strong style="color:hsl(5,52%,47%)"><small>☆</small><span class="username" data-name="LordST">LordST</span>:</strong> <em>but slowbroth why not use sand stream</em></div><div class="chat chatmessage-uberskitty"><strong style="color:hsl(74,64%,33%)"><small> </small><span class="username" data-name="UberSkitty">UberSkitty</span>:</strong> <em>and a 16x weakness to lombre :O</em></div><div class="chat chatmessage-pokemonmastertj"><strong style="color:hsl(26,75%,48%)"><small>+</small><span class="username" data-name="PokemonMasterTJ">PokemonMasterTJ</span>:</strong> <em>!dt border wall</em></div><div class="chat"><div class="message-error">No Pokémon, item, move, ability or nature named 'border wall' was found. (Check your spelling?)</div></div><div class="chat chatmessage-pokemonmastertj"><strong style="color:hsl(26,75%,48%)"><small>+</small><span class="username" data-name="PokemonMasterTJ">PokemonMasterTJ</span>:</strong> <em>!dt gigalith</em></div><div class="chat message-error">[outdated code no longer supported]</div><div class="chat"><font size="1"><font color="#686868">Dex#:</font> 526&nbsp;|  <font color="#686868">Gen:</font> 5&nbsp;|  <font color="#686868">Height:</font> 1.7 m&nbsp;|  <font color="#686868">Weight:</font> 260 kg <em>(120 BP)</em>&nbsp;|  <font color="#686868">Dex Colour:</font> Blue&nbsp;|  <font color="#686868">Egg Group(s):</font> Mineral&nbsp;|  <font color="#686868">Does Not Evolve</font></font></div><div class="spacer battle-history"><br></div><div class="battle-history">The opposing Metang used <strong>Bullet Punch</strong>!<br></div><div class="battle-history"><small>It's super effective!</small><br></div><div class="battle-history"><small>(border wall lost <abbr title="−57/353">16.1%</abbr> of its health!)</small><br></div><div class="spacer battle-history"><br></div><div class="battle-history">border wall fainted!<br></div><div class="chat chatmessage-pokemonmastertj"><strong style="color:hsl(26,75%,48%)"><small>+</small><span class="username" data-name="PokemonMasterTJ">PokemonMasterTJ</span>:</strong> <em>whoruns bp</em></div><div class="chat chatmessage-lordst"><strong style="color:hsl(5,52%,47%)"><small>☆</small><span class="username" data-name="LordST">LordST</span>:</strong> <em><b>???</b></em></div><div class="chat chatmessage-lordst"><strong style="color:hsl(5,52%,47%)"><small>☆</small><span class="username" data-name="LordST">LordST</span>:</strong> <em>ur mum</em></div><div class="chat chatmessage-uberskitty"><strong style="color:hsl(74,64%,33%)"><small> </small><span class="username" data-name="UberSkitty">UberSkitty</span>:</strong> <em>hey</em></div><div class="spacer battle-history"><br></div><div class="battle-history">Go! illegal immigrants (<strong>Maractus</strong>)!<br></div><div class="spacer battle-history"><br></div><h2 class="battle-history">Turn 3</h2><div class="chat chatmessage-uberskitty"><strong style="color:hsl(74,64%,33%)"><small> </small><span class="username" data-name="UberSkitty">UberSkitty</span>:</strong> <em>thats my thing</em></div><div class="chat chatmessage-pokemonmastertj"><strong style="color:hsl(26,75%,48%)"><small>+</small><span class="username" data-name="PokemonMasterTJ">PokemonMasterTJ</span>:</strong> <em>slowbroth</em></div><div class="chat chatmessage-pokemonmastertj"><strong style="color:hsl(26,75%,48%)"><small>+</small><span class="username" data-name="PokemonMasterTJ">PokemonMasterTJ</span>:</strong> <em>donaldtrump</em></div><div class="chat chatmessage-slowbroth"><strong style="color:hsl(317,62%,48.816815154816716%)"><small>☆</small><span class="username" data-name="Slowbroth">Slowbroth</span>:</strong> <em>what about him</em></div><div class="spacer battle-history"><br></div><div class="battle-history">LordST withdrew Metang!<br></div><div class="battle-history">LordST sent out <strong>Rapidash</strong>!<br></div><div class="spacer battle-history"><br></div><div class="battle-history">illegal immigrants used <strong>Knock Off</strong>!<br></div><div class="battle-history"><small>A critical hit!</small><br></div><div class="battle-history"><small>(The opposing Rapidash lost <abbr title="−124/271">45.8%</abbr> of its health!)</small><br></div><div class="battle-history"><small>illegal immigrants knocked off the opposing Rapidash's Leftovers!</small><br></div><div class="spacer battle-history"><br></div><h2 class="battle-history">Turn 4</h2><div class="chat chatmessage-pokemonmastertj"><strong style="color:hsl(26,75%,48%)"><small>+</small><span class="username" data-name="PokemonMasterTJ">PokemonMasterTJ</span>:</strong> <em>@realDonaldTrump</em></div><div class="spacer battle-history"><br></div><div class="battle-history">The opposing Rapidash used <strong>Morning Sun</strong>!<br></div><div class="battle-history"><small>The opposing Rapidash restored its HP.</small><br></div><div class="spacer battle-history"><br></div><div class="battle-history">illegal immigrants used <strong>Spikes</strong>!<br></div><div class="battle-history"><small>Spikes were scattered on the ground all around the opposing team!</small><br></div><div class="spacer battle-history"><br></div><h2 class="battle-history">Turn 5</h2><div class="chat chatmessage-lordst"><strong style="color:hsl(5,52%,47%)"><small>☆</small><span class="username" data-name="LordST">LordST</span>:</strong> <em>slowbroth</em></div><div class="chat chatmessage-lordst"><strong style="color:hsl(5,52%,47%)"><small>☆</small><span class="username" data-name="LordST">LordST</span>:</strong> <em>rename your maractus</em></div><div class="chat chatmessage-lordst"><strong style="color:hsl(5,52%,47%)"><small>☆</small><span class="username" data-name="LordST">LordST</span>:</strong> <em>"Bad Hombre"</em></div><div class="chat chatmessage-uberskitty"><strong style="color:hsl(74,64%,33%)"><small> </small><span class="username" data-name="UberSkitty">UberSkitty</span>:</strong> <em>to weed</em></div><div class="chat chatmessage-uberskitty"><strong style="color:hsl(74,64%,33%)"><small> </small><span class="username" data-name="UberSkitty">UberSkitty</span>:</strong> <em>oh</em></div><div class="spacer battle-history"><br></div><div class="battle-history">The opposing Rapidash used <strong>Flare Blitz</strong>!<br></div><div class="battle-history"><small>It's super effective!</small><br></div><div class="battle-history"><small>(illegal immigrants lost <abbr title="−354/354">100%</abbr> of its health!)</small><br></div><div class="battle-history"><small>The opposing Rapidash is damaged by the recoil!</small><br></div><div class="spacer battle-history"><br></div><div class="battle-history">illegal immigrants fainted!<br></div><div class="chat chatmessage-uberskitty"><strong style="color:hsl(74,64%,33%)"><small> </small><span class="username" data-name="UberSkitty">UberSkitty</span>:</strong> <em>or that</em></div><div class="chat chatmessage-slowbroth"><strong style="color:hsl(317,62%,48.816815154816716%)"><small>☆</small><span class="username" data-name="Slowbroth">Slowbroth</span>:</strong> <em>oh someone else</em></div><div class="chat chatmessage-slowbroth"><strong style="color:hsl(317,62%,48.816815154816716%)"><small>☆</small><span class="username" data-name="Slowbroth">Slowbroth</span>:</strong> <em>already is bad homre</em></div><div class="chat chatmessage-lordst"><strong style="color:hsl(5,52%,47%)"><small>☆</small><span class="username" data-name="LordST">LordST</span>:</strong> <em>o</em></div><div class="spacer battle-history"><br></div><div class="battle-history">Go! bad hombre (<strong>Lickilicky</strong>)!<br></div><div class="spacer battle-history"><br></div><h2 class="battle-history">Turn 6</h2><div class="chat chatmessage-lordst"><strong style="color:hsl(5,52%,47%)"><small>☆</small><span class="username" data-name="LordST">LordST</span>:</strong> <em>nice</em></div><div class="spacer battle-history"><br></div><div class="battle-history">The opposing Rapidash used <strong>Will-O-Wisp</strong>!<br></div><div class="battle-history"><small>bad hombre was burned!</small><br></div><div class="spacer battle-history"><br></div><div class="battle-history">bad hombre used <strong>Curse</strong>!<br></div><div class="battle-history"><small>bad hombre's Speed fell!</small><br></div><div class="battle-history"><small>bad hombre's Attack rose!</small><br></div><div class="battle-history"><small>bad hombre's Defense rose!</small><br></div><div class="spacer battle-history"><br></div><div class="battle-history"><small>bad hombre was hurt by its burn!</small><br></div><div class="spacer battle-history"><br></div><h2 class="battle-history">Turn 7</h2><div class="chat chatmessage-lordst"><strong style="color:hsl(5,52%,47%)"><small>☆</small><span class="username" data-name="LordST">LordST</span>:</strong> <em>tfw auto lose</em></div><div class="chat chatmessage-lordst"><strong style="color:hsl(5,52%,47%)"><small>☆</small><span class="username" data-name="LordST">LordST</span>:</strong> <em>banded fraxure is so garbage lol</em></div><div class="spacer battle-history"><br></div><div class="battle-history">The opposing Rapidash used <strong>Flare Blitz</strong>!<br></div><div class="battle-history"><small>(bad hombre lost <abbr title="−123/361">34.1%</abbr> of its health!)</small><br></div><div class="battle-history"><small>The opposing Rapidash is damaged by the recoil!</small><br></div><div class="spacer battle-history"><br></div><div class="battle-history">bad hombre used <strong>Rest</strong>!<br></div><div class="battle-history"><small>bad hombre fell asleep!</small><br></div><div class="battle-history"><small>bad hombre slept and became healthy!</small><br></div><div class="spacer battle-history"><br></div><h2 class="battle-history">Turn 8</h2><div class="chat chatmessage-slowbroth"><strong style="color:hsl(317,62%,48.816815154816716%)"><small>☆</small><span class="username" data-name="Slowbroth">Slowbroth</span>:</strong> <em>g_g</em></div><div class="spacer battle-history"><br></div><div class="battle-history">The opposing Rapidash used <strong>Flare Blitz</strong>!<br></div><div class="battle-history"><small>(bad hombre lost <abbr title="−118/361">32.7%</abbr> of its health!)</small><br></div><div class="battle-history"><small>The opposing Rapidash is damaged by the recoil!</small><br></div><div class="spacer battle-history"><br></div><div class="battle-history">bad hombre is fast asleep.<br></div><div class="spacer battle-history"><br></div><div class="battle-history">bad hombre used <strong>Sleep Talk</strong>!<br></div><div class="spacer battle-history"><br></div><div class="battle-history">bad hombre used <strong>Rest</strong>!<br></div><div class="battle-history"><small>But it failed!</small><br></div><div class="spacer battle-history"><br></div><div class="battle-history"><small>bad hombre restored a little HP using its Leftovers!</small><br></div><div class="spacer battle-history"><br></div><h2 class="battle-history">Turn 9</h2><div class="spacer battle-history"><br></div><div class="battle-history">The opposing Rapidash used <strong>Flare Blitz</strong>!<br></div><div class="battle-history"><small>(bad hombre lost <abbr title="−127/361">35.2%</abbr> of its health!)</small><br></div><div class="battle-history"><small>The opposing Rapidash is damaged by the recoil!</small><br></div><div class="spacer battle-history"><br></div><div class="battle-history">bad hombre is fast asleep.<br></div><div class="spacer battle-history"><br></div><div class="battle-history">bad hombre used <strong>Sleep Talk</strong>!<br></div><div class="spacer battle-history"><br></div><div class="battle-history">bad hombre used <strong>Curse</strong>!<br></div><div class="battle-history"><small>bad hombre's Speed fell!</small><br></div><div class="battle-history"><small>bad hombre's Attack rose!</small><br></div><div class="battle-history"><small>bad hombre's Defense rose!</small><br></div><div class="spacer battle-history"><br></div><div class="battle-history"><small>bad hombre restored a little HP using its Leftovers!</small><br></div><div class="spacer battle-history"><br></div><h2 class="battle-history">Turn 10</h2><div class="chat chatmessage-slowbroth"><strong style="color:hsl(317,62%,48.816815154816716%)"><small>☆</small><span class="username" data-name="Slowbroth">Slowbroth</span>:</strong> <em>can i pull something good</em></div><div class="chat chatmessage-lordst"><strong style="color:hsl(5,52%,47%)"><small>☆</small><span class="username" data-name="LordST">LordST</span>:</strong> <em>no</em></div><div class="spacer battle-history"><br></div><div class="battle-history">The opposing Rapidash used <strong>Flare Blitz</strong>!<br></div><div class="battle-history"><small>(bad hombre lost <abbr title="−91/361">25.2%</abbr> of its health!)</small><br></div><div class="battle-history"><small>The opposing Rapidash is damaged by the recoil!</small><br></div><div class="battle-history"><small>bad hombre woke up!</small><br></div><div class="spacer battle-history"><br></div><div class="battle-history">bad hombre used <strong>Rest</strong>!<br></div><div class="battle-history"><small>bad hombre fell asleep!</small><br></div><div class="battle-history"><small>bad hombre slept and became healthy!</small><br></div><div class="spacer battle-history"><br></div><h2 class="battle-history">Turn 11</h2><div class="chat chatmessage-pokemonmastertj"><strong style="color:hsl(26,75%,48%)"><small>+</small><span class="username" data-name="PokemonMasterTJ">PokemonMasterTJ</span>:</strong> <em>this man said gg on turn8</em></div><div class="spacer battle-history"><br></div><div class="battle-history">The opposing Rapidash used <strong>Morning Sun</strong>!<br></div><div class="battle-history"><small>The opposing Rapidash restored its HP.</small><br></div><div class="spacer battle-history"><br></div><div class="battle-history">bad hombre is fast asleep.<br></div><div class="spacer battle-history"><br></div><div class="battle-history">bad hombre used <strong>Sleep Talk</strong>!<br></div><div class="spacer battle-history"><br></div><div class="battle-history">bad hombre used <strong>Chip Away</strong>!<br></div><div class="battle-history"><small>(The opposing Rapidash lost <abbr title="−137/271">50.6%</abbr> of its health!)</small><br></div><div class="spacer battle-history"><br></div><div class="battle-history">The opposing Rapidash fainted!<br></div><div class="chat chatmessage-uberskitty"><strong style="color:hsl(74,64%,33%)"><small> </small><span class="username" data-name="UberSkitty">UberSkitty</span>:</strong> <em>ez crit</em></div><div class="chat chatmessage-pokemonmastertj"><strong style="color:hsl(26,75%,48%)"><small>+</small><span class="username" data-name="PokemonMasterTJ">PokemonMasterTJ</span>:</strong> <em>how do u feel</em></div><div class="chat chatmessage-pokemonmastertj"><strong style="color:hsl(26,75%,48%)"><small>+</small><span class="username" data-name="PokemonMasterTJ">PokemonMasterTJ</span>:</strong> <em>lst</em></div><div class="spacer battle-history"><br></div><div class="battle-history">LordST sent out <strong>Metang</strong>!<br></div><div class="battle-history"><small>The opposing Metang is hurt by the spikes!</small><br></div><div class="spacer battle-history"><br></div><h2 class="battle-history">Turn 12</h2><div class="chat chatmessage-lordst"><strong style="color:hsl(5,52%,47%)"><small>☆</small><span class="username" data-name="LordST">LordST</span>:</strong> <em>i feel like i lost my breaker turn 1</em></div><div class="chat chatmessage-slowbroth"><strong style="color:hsl(317,62%,48.816815154816716%)"><small>☆</small><span class="username" data-name="Slowbroth">Slowbroth</span>:</strong> <em>this is one</em></div><div class="chat chatmessage-slowbroth"><strong style="color:hsl(317,62%,48.816815154816716%)"><small>☆</small><span class="username" data-name="Slowbroth">Slowbroth</span>:</strong> <em>bad hombre</em></div><div class="spacer battle-history"><br></div><div class="battle-history">The opposing Metang used <strong>Meteor Mash</strong>!<br></div><div class="battle-history"><small>(bad hombre lost <abbr title="−61/361">16.9%</abbr> of its health!)</small><br></div><div class="spacer battle-history"><br></div><div class="battle-history">bad hombre is fast asleep.<br></div><div class="spacer battle-history"><br></div><div class="battle-history">bad hombre used <strong>Sleep Talk</strong>!<br></div><div class="spacer battle-history"><br></div><div class="battle-history">bad hombre used <strong>Rest</strong>!<br></div><div class="battle-history"><small>But it failed!</small><br></div><div class="spacer battle-history"><br></div><div class="battle-history"><small>bad hombre restored a little HP using its Leftovers!</small><br></div><div class="spacer battle-history"><br></div><h2 class="battle-history">Turn 13</h2><div class="spacer battle-history"><br></div><div class="battle-history">The opposing Metang used <strong>Meteor Mash</strong>!<br></div><div class="battle-history"><small>(bad hombre lost <abbr title="−67/361">18.6%</abbr> of its health!)</small><br></div><div class="battle-history"><small>The opposing Metang's Attack rose!</small><br></div><div class="battle-history"><small>bad hombre woke up!</small><br></div><div class="spacer battle-history"><br></div><div class="battle-history">bad hombre used <strong>Curse</strong>!<br></div><div class="battle-history"><small>bad hombre's Speed fell!</small><br></div><div class="battle-history"><small>bad hombre's Attack rose!</small><br></div><div class="battle-history"><small>bad hombre's Defense rose!</small><br></div><div class="spacer battle-history"><br></div><div class="battle-history"><small>bad hombre restored a little HP using its Leftovers!</small><br></div><div class="spacer battle-history"><br></div><h2 class="battle-history">Turn 14</h2><div class="spacer battle-history"><br></div><div class="battle-history">The opposing Metang used <strong>Meteor Mash</strong>!<br></div><div class="battle-history"><small>(bad hombre lost <abbr title="−72/361">19.9%</abbr> of its health!)</small><br></div><div class="spacer battle-history"><br></div><div class="battle-history">bad hombre used <strong>Curse</strong>!<br></div><div class="battle-history"><small>bad hombre's Speed fell!</small><br></div><div class="battle-history"><small>bad hombre's Attack rose!</small><br></div><div class="battle-history"><small>bad hombre's Defense rose!</small><br></div><div class="spacer battle-history"><br></div><div class="battle-history"><small>bad hombre restored a little HP using its Leftovers!</small><br></div><div class="spacer battle-history"><br></div><h2 class="battle-history">Turn 15</h2><div class="spacer battle-history"><br></div><div class="battle-history">The opposing Metang used <strong>Meteor Mash</strong>!<br></div><div class="battle-history"><small>(bad hombre lost <abbr title="−63/361">17.5%</abbr> of its health!)</small><br></div><div class="spacer battle-history"><br></div><div class="battle-history">bad hombre used <strong>Curse</strong>!<br></div><div class="battle-history"><small>bad hombre's Speed fell!</small><br></div><div class="battle-history"><small>bad hombre's Attack rose!</small><br></div><div class="battle-history"><small>bad hombre's Defense rose!</small><br></div><div class="spacer battle-history"><br></div><div class="battle-history"><small>bad hombre restored a little HP using its Leftovers!</small><br></div><div class="spacer battle-history"><br></div><h2 class="battle-history">Turn 16</h2><div class="spacer battle-history"><br></div><div class="battle-history">The opposing Metang used <strong>Meteor Mash</strong>!<br></div><div class="battle-history"><small>(bad hombre lost <abbr title="−57/361">15.8%</abbr> of its health!)</small><br></div><div class="spacer battle-history"><br></div><div class="battle-history">bad hombre used <strong>Curse</strong>!<br></div><div class="battle-history"><small>bad hombre's Speed fell!</small><br></div><div class="battle-history"><small>bad hombre's Attack rose!</small><br></div><div class="battle-history"><small>bad hombre's Defense rose!</small><br></div><div class="spacer battle-history"><br></div><div class="battle-history"><small>bad hombre restored a little HP using its Leftovers!</small><br></div><div class="spacer battle-history"><br></div><h2 class="battle-history">Turn 17</h2><div class="spacer battle-history"><br></div><div class="battle-history">The opposing Metang used <strong>Meteor Mash</strong>!<br></div><div class="battle-history"><small>(bad hombre lost <abbr title="−51/361">14.1%</abbr> of its health!)</small><br></div><div class="spacer battle-history"><br></div><div class="battle-history">bad hombre used <strong>Rest</strong>!<br></div><div class="battle-history"><small>bad hombre fell asleep!</small><br></div><div class="battle-history"><small>bad hombre slept and became healthy!</small><br></div><div class="spacer battle-history"><br></div><h2 class="battle-history">Turn 18</h2><div class="chat chatmessage-lordst"><strong style="color:hsl(5,52%,47%)"><small>☆</small><span class="username" data-name="LordST">LordST</span>:</strong> <em>wheres my crit at</em></div><div class="spacer battle-history"><br></div><div class="battle-history">The opposing Metang used <strong>Meteor Mash</strong>!<br></div><div class="battle-history"><small>(bad hombre lost <abbr title="−49/361">13.6%</abbr> of its health!)</small><br></div><div class="spacer battle-history"><br></div><div class="battle-history">bad hombre is fast asleep.<br></div><div class="spacer battle-history"><br></div><div class="battle-history">bad hombre used <strong>Sleep Talk</strong>!<br></div><div class="spacer battle-history"><br></div><div class="battle-history">bad hombre used <strong>Chip Away</strong>!<br></div><div class="battle-history"><small>It's not very effective...</small><br></div><div class="battle-history"><small>(The opposing Metang lost <abbr title="−96/314">30.6%</abbr> of its health!)</small><br></div><div class="spacer battle-history"><br></div><div class="battle-history"><small>bad hombre restored a little HP using its Leftovers!</small><br></div><div class="spacer battle-history"><br></div><h2 class="battle-history">Turn 19</h2><div class="spacer battle-history"><br></div><div class="battle-history">The opposing Metang used <strong>Meteor Mash</strong>!<br></div><div class="battle-history"><small>(bad hombre lost <abbr title="−49/361">13.6%</abbr> of its health!)</small><br></div><div class="battle-history"><small>The opposing Metang's Attack rose!</small><br></div><div class="spacer battle-history"><br></div><div class="battle-history">bad hombre is fast asleep.<br></div><div class="spacer battle-history"><br></div><div class="battle-history">bad hombre used <strong>Sleep Talk</strong>!<br></div><div class="spacer battle-history"><br></div><div class="battle-history">bad hombre used <strong>Rest</strong>!<br></div><div class="battle-history"><small>But it failed!</small><br></div><div class="spacer battle-history"><br></div><div class="battle-history"><small>bad hombre restored a little HP using its Leftovers!</small><br></div><div class="spacer battle-history"><br></div><h2 class="battle-history">Turn 20</h2><div class="spacer battle-history"><br></div><div class="battle-history">The opposing Metang used <strong>Meteor Mash</strong>!<br></div><div class="battle-history"><small>(bad hombre lost <abbr title="−61/361">16.9%</abbr> of its health!)</small><br></div><div class="battle-history"><small>bad hombre woke up!</small><br></div><div class="spacer battle-history"><br></div><div class="battle-history">bad hombre used <strong>Chip Away</strong>!<br></div><div class="battle-history"><small>It's not very effective...</small><br></div><div class="battle-history"><small>(The opposing Metang lost <abbr title="−102/314">32.5%</abbr> of its health!)</small><br></div><div class="spacer battle-history"><br></div><div class="battle-history"><small>bad hombre restored a little HP using its Leftovers!</small><br></div><div class="spacer battle-history"><br></div><h2 class="battle-history">Turn 21</h2><div class="chat"><small>ShuckleDeath joined.</small></div><div class="spacer battle-history"><br></div><div class="battle-history">The opposing Metang used <strong>Meteor Mash</strong>!<br></div><div class="battle-history"><small>(bad hombre lost <abbr title="−60/361">16.6%</abbr> of its health!)</small><br></div><div class="battle-history"><small>The opposing Metang's Attack rose!</small><br></div><div class="spacer battle-history"><br></div><div class="battle-history">bad hombre used <strong>Chip Away</strong>!<br></div><div class="battle-history"><small>It's not very effective...</small><br></div><div class="battle-history"><small>(The opposing Metang lost <abbr title="−77/314">24.5%</abbr> of its health!)</small><br></div><div class="spacer battle-history"><br></div><div class="battle-history">The opposing Metang fainted!<br></div><div class="spacer battle-history"><br></div><div class="battle-history"><small>bad hombre restored a little HP using its Leftovers!</small><br></div><div class="spacer battle-history"><br></div><div class="battle-history">LordST sent out <strong>Mr. Mime</strong>!<br></div><div class="battle-history"><small>The opposing Mr. Mime is hurt by the spikes!</small><br></div><div class="spacer battle-history"><br></div><h2 class="battle-history">Turn 22</h2><div class="spacer battle-history"><br></div><div class="battle-history">The opposing Mr. Mime used <strong>Focus Blast</strong>!<br></div><div class="battle-history"><small>It's super effective!</small><br></div><div class="battle-history"><small>(bad hombre lost <abbr title="−180/361">49.9%</abbr> of its health!)</small><br></div><div class="spacer battle-history"><br></div><div class="battle-history">bad hombre used <strong>Chip Away</strong>!<br></div><div class="battle-history"><small>(The opposing Mr. Mime lost <abbr title="−194/221">87.8%</abbr> of its health!)</small><br></div><div class="spacer battle-history"><br></div><div class="battle-history">The opposing Mr. Mime fainted!<br></div><div class="spacer battle-history"><br></div><div class="battle-history"><small>bad hombre restored a little HP using its Leftovers!</small><br></div><div class="spacer battle-history"><br></div><div class="battle-history">LordST sent out <strong>Chinchou</strong>!<br></div><div class="battle-history"><small>The opposing Chinchou is hurt by the spikes!</small><br></div><div class="spacer battle-history"><br></div><h2 class="battle-history">Turn 23</h2><div class="chat chatmessage-slowbroth"><strong style="color:hsl(317,62%,48.816815154816716%)"><small>☆</small><span class="username" data-name="Slowbroth">Slowbroth</span>:</strong> <em>dontn kill</em></div><div class="chat chatmessage-lordst"><strong style="color:hsl(5,52%,47%)"><small>☆</small><span class="username" data-name="LordST">LordST</span>:</strong> <em>specs chinchou sweep</em></div><div class="chat chatmessage-slowbroth"><strong style="color:hsl(317,62%,48.816815154816716%)"><small>☆</small><span class="username" data-name="Slowbroth">Slowbroth</span>:</strong> <em>plz</em></div><div class="chat chatmessage-lordst"><strong style="color:hsl(5,52%,47%)"><small>☆</small><span class="username" data-name="LordST">LordST</span>:</strong> <em>bep bep</em></div><div class="spacer battle-history"><br></div><div class="battle-history">The opposing Chinchou used <strong>Scald</strong>!<br></div><div class="battle-history"><small>(bad hombre lost <abbr title="−46/361">12.7%</abbr> of its health!)</small><br></div><div class="spacer battle-history"><br></div><div class="battle-history">bad hombre used <strong>Rest</strong>!<br></div><div class="battle-history"><small>bad hombre fell asleep!</small><br></div><div class="battle-history"><small>bad hombre slept and became healthy!</small><br></div><div class="spacer battle-history"><br></div><h2 class="battle-history">Turn 24</h2><div class="chat chatmessage-lordst"><strong style="color:hsl(5,52%,47%)"><small>☆</small><span class="username" data-name="LordST">LordST</span>:</strong> <em>g-G</em></div><div class="chat"><small>pancake joined.</small></div><div class="spacer battle-history"><br></div><div class="battle-history"><small>LordST forfeited.</small><br></div><div class="spacer battle-history"><br></div><div class="battle-history"><strong>Slowbroth</strong> won the battle!<br></div><div class="chat chatmessage-uberskitty"><strong style="color:hsl(74,64%,33%)"><small> </small><span class="username" data-name="UberSkitty">UberSkitty</span>:</strong> <em>gg</em></div></div><div class="inner-preempt"></div></div></div>
</div>
<script>
let daily = Math.floor(Date.now()/1000/60/60/24);document.write('<script src="https://play.pokemonshowdown.com/js/replay-embed.js?version'+daily+'"></'+'script>');
</script>
