<!DOCTYPE html>
<meta charset="utf-8" />
<!-- version 1 -->
<title>PU replay: Bruno de lucas vs. aj meat</title>
<style>
html,body {font-family:Verdana, sans-serif;font-size:10pt;margin:0;padding:0;}body{padding:12px 0;} .battle-log {font-family:Verdana, sans-serif;font-size:10pt;} .battle-log-inline {border:1px solid #AAAAAA;background:#EEF2F5;color:black;max-width:640px;margin:0 auto 80px;padding-bottom:5px;} .battle-log .inner {padding:4px 8px 0px 8px;} .battle-log .inner-preempt {padding:0 8px 4px 8px;} .battle-log .inner-after {margin-top:0.5em;} .battle-log h2 {margin:0.5em -8px;padding:4px 8px;border:1px solid #AAAAAA;background:#E0E7EA;border-left:0;border-right:0;font-family:Verdana, sans-serif;font-size:13pt;} .battle-log .chat {vertical-align:middle;padding:3px 0 3px 0;font-size:8pt;} .battle-log .chat strong {color:#40576A;} .battle-log .chat em {padding:1px 4px 1px 3px;color:#000000;font-style:normal;} .chat.mine {background:rgba(0,0,0,0.05);margin-left:-8px;margin-right:-8px;padding-left:8px;padding-right:8px;} .spoiler {color:#BBBBBB;background:#BBBBBB;padding:0px 3px;} .spoiler:hover, .spoiler:active, .spoiler-shown {color:#000000;background:#E2E2E2;padding:0px 3px;} .spoiler a {color:#BBBBBB;} .spoiler:hover a, .spoiler:active a, .spoiler-shown a {color:#2288CC;} .chat code, .chat .spoiler:hover code, .chat .spoiler:active code, .chat .spoiler-shown code {border:1px solid #C0C0C0;background:#EEEEEE;color:black;padding:0 2px;} .chat .spoiler code {border:1px solid #CCCCCC;background:#CCCCCC;color:#CCCCCC;} .battle-log .rated {padding:3px 4px;} .battle-log .rated strong {color:white;background:#89A;padding:1px 4px;border-radius:4px;} .spacer {margin-top:0.5em;} .message-announce {background:#6688AA;color:white;padding:1px 4px 2px;} .message-announce a, .broadcast-green a, .broadcast-blue a, .broadcast-red a {color:#DDEEFF;} .broadcast-green {background-color:#559955;color:white;padding:2px 4px;} .broadcast-blue {background-color:#6688AA;color:white;padding:2px 4px;} .infobox {border:1px solid #6688AA;padding:2px 4px;} .infobox-limited {max-height:200px;overflow:auto;overflow-x:hidden;} .broadcast-red {background-color:#AA5544;color:white;padding:2px 4px;} .message-learn-canlearn {font-weight:bold;color:#228822;text-decoration:underline;} .message-learn-cannotlearn {font-weight:bold;color:#CC2222;text-decoration:underline;} .message-effect-weak {font-weight:bold;color:#CC2222;} .message-effect-resist {font-weight:bold;color:#6688AA;} .message-effect-immune {font-weight:bold;color:#666666;} .message-learn-list {margin-top:0;margin-bottom:0;} .message-throttle-notice, .message-error {color:#992222;} .message-overflow, .chat small.message-overflow {font-size:0pt;} .message-overflow::before {font-size:9pt;content:'...';} .subtle {color:#3A4A66;}
</style>
<div class="wrapper replay-wrapper" style="max-width:1180px;margin:0 auto">
<input type="hidden" name="replayid" value="pu-567392524" />
<div class="battle"></div><div class="battle-log"></div><div class="replay-controls"></div><div class="replay-controls-2"></div>
<h1 style="font-weight:normal;text-align:center"><strong>PU</strong><br /><a href="http://pokemonshowdown.com/users/brunodelucas" class="subtle" target="_blank">Bruno de lucas</a> vs. <a href="http://pokemonshowdown.com/users/ajmeat" class="subtle" target="_blank">aj meat</a></h1>
<script type="text/plain" class="battle-log-data">|j|Bruno de lucas
|j|aj meat
|player|p1|Bruno de lucas|1
|player|p2|aj meat|265
|gametype|singles
|gen|6
|tier|PU
|seed|38398,22191,39874,36358
|rule|Sleep Clause Mod: Limit one foe put to sleep
|rule|Species Clause: Limit one of each Pokémon
|rule|OHKO Clause: OHKO moves are banned
|rule|Moody Clause: Moody is banned
|rule|Evasion Moves Clause: Evasion moves are banned
|rule|Endless Battle Clause: Forcing endless battles is banned
|rule|HP Percentage Mod: HP is shown in percentages
|clearpoke
|poke|p1|Cacturne, M|item
|poke|p1|Flareon, M|item
|poke|p1|Prinplup, M|item
|poke|p1|Zebstrika, F|item
|poke|p1|Kadabra, M|item
|poke|p1|Kingler, F|item
|poke|p2|Monferno, M|item
|poke|p2|Grumpig, M|item
|poke|p2|Rotom-Frost|item
|poke|p2|Bouffalant, F|item
|poke|p2|Golem, F|item
|poke|p2|Floatzel, F|item
|rule|Swagger Clause: Swagger is banned
|rule|Baton Pass Clause: Limit one Baton Passer, can't pass Spe and other stats simultaneously
|teampreview
|inactive|Battle timer is ON: inactive players will automatically lose when time's up. (requested by Bruno de lucas)
|choice|team 3, team 2, team 1, team 4, team 5, team 6|team 3, team 2, team 1, team 4, team 5, team 6
|
|start
|switch|p1a: Prinplup|Prinplup, M|331\/331
|switch|p2a: Rotom|Rotom-Frost|241\/241
|turn|1
|choice|move stealthrock|move substitute
|
|move|p2a: Rotom|Substitute|p2a: Rotom
|-start|p2a: Rotom|Substitute
|-damage|p2a: Rotom|181\/241
|move|p1a: Prinplup|Stealth Rock|p2a: Rotom
|-sidestart|p2: aj meat|move: Stealth Rock
|
|-heal|p2a: Rotom|196\/241|[from] item: Leftovers
|upkeep
|turn|2
|choice|switch 2|move thunderbolt
|
|switch|p1a: Flareon|Flareon, M|271\/271
|move|p2a: Rotom|Thunderbolt|p1a: Flareon
|-damage|p1a: Flareon|145\/271
|
|-heal|p2a: Rotom|211\/241|[from] item: Leftovers
|-status|p1a: Flareon|tox|[from] item: Toxic Orb
|upkeep
|turn|3
|choice|move flamecharge|move thunderbolt
|
|move|p2a: Rotom|Thunderbolt|p1a: Flareon
|-damage|p1a: Flareon|27\/271 tox
|move|p1a: Flareon|Flame Charge|p2a: Rotom
|-supereffective|p2a: Rotom
|-end|p2a: Rotom|Substitute
|-boost|p1a: Flareon|spe|1
|
|-heal|p2a: Rotom|226\/241|[from] item: Leftovers
|-damage|p1a: Flareon|11\/271 tox|[from] psn
|upkeep
|turn|4
|choice|move flareblitz|switch 2
|
|switch|p2a: Grumpig|Grumpig, M|321\/321
|-damage|p2a: Grumpig|281\/321|[from] Stealth Rock
|move|p1a: Flareon|Flare Blitz|p2a: Grumpig
|-damage|p2a: Grumpig|16\/321
|-damage|p1a: Flareon|0 fnt|[from] recoil|[of] p2a: Grumpig
|faint|p1a: Flareon
|
|upkeep
|choice|switch 5|
|
|switch|p1a: Kadabra|Kadabra, M|221\/221
|turn|5
|choice|move psychic|switch 4
|
|switch|p2a: Bouffalant|Bouffalant, F|393\/393
|-damage|p2a: Bouffalant|344\/393|[from] Stealth Rock
|move|p1a: Kadabra|Psychic|p2a: Bouffalant
|-damage|p2a: Bouffalant|232\/393
|
|upkeep
|turn|6
|choice|move psychic|move pursuit
|
|move|p1a: Kadabra|Psychic|p2a: Bouffalant
|-damage|p2a: Bouffalant|120\/393
|move|p2a: Bouffalant|Pursuit|p1a: Kadabra
|-supereffective|p1a: Kadabra
|-damage|p1a: Kadabra|3\/221
|
|upkeep
|turn|7
|choice|move psychic|switch 4
|
|switch|p2a: Grumpig|Grumpig, M|16\/321
|-damage|p2a: Grumpig|0 fnt|[from] Stealth Rock
|faint|p2a: Grumpig
|move|p1a: Kadabra|Psychic|p2: Grumpig|[notarget]
|-notarget
|
|upkeep
|choice||switch 3
|
|switch|p2a: Monferno|Monferno, M|269\/269
|-damage|p2a: Monferno|236\/269|[from] Stealth Rock
|turn|8
|choice|switch 2|move machpunch
|
|switch|p1a: Prinplup|Prinplup, M|331\/331
|move|p2a: Monferno|Mach Punch|p1a: Prinplup
|-damage|p1a: Prinplup|286\/331
|
|upkeep
|turn|9
|choice|move scald|move swordsdance
|
|move|p2a: Monferno|Swords Dance|p2a: Monferno
|-boost|p2a: Monferno|atk|2
|move|p1a: Prinplup|Scald|p2a: Monferno
|-supereffective|p2a: Monferno
|-damage|p2a: Monferno|44\/269
|
|upkeep
|turn|10
|choice|move scald|move closecombat
|
|move|p2a: Monferno|Close Combat|p1a: Prinplup
|-damage|p1a: Prinplup|87\/331
|-unboost|p2a: Monferno|def|1
|-unboost|p2a: Monferno|spd|1
|move|p1a: Prinplup|Scald|p2a: Monferno
|-supereffective|p2a: Monferno
|-damage|p2a: Monferno|0 fnt
|faint|p2a: Monferno
|
|upkeep
|choice||switch 2
|
|switch|p2a: Rotom|Rotom-Frost|226\/241
|-damage|p2a: Rotom|166\/241|[from] Stealth Rock
|turn|11
|choice|move scald|move thunderbolt
|
|move|p2a: Rotom|Thunderbolt|p1a: Prinplup
|-supereffective|p1a: Prinplup
|-damage|p1a: Prinplup|0 fnt
|faint|p1a: Prinplup
|
|-heal|p2a: Rotom|181\/241|[from] item: Leftovers
|upkeep
|choice|switch 2|
|
|switch|p1a: Kadabra|Kadabra, M|3\/221
|turn|12
|choice|move psychic|move thunderbolt
|
|move|p1a: Kadabra|Psychic|p2a: Rotom
|-damage|p2a: Rotom|45\/241
|move|p2a: Rotom|Thunderbolt|p1a: Kadabra
|-damage|p1a: Kadabra|0 fnt
|faint|p1a: Kadabra
|
|-heal|p2a: Rotom|60\/241|[from] item: Leftovers
|upkeep
|choice|switch 6|
|
|switch|p1a: Kingler|Kingler, F|251\/251
|turn|13
|choice|move crabhammer|move willowisp
|
|move|p1a: Kingler|Crabhammer|p2a: Rotom
|-damage|p2a: Rotom|0 fnt
|faint|p2a: Rotom
|
|upkeep
|choice||switch 6
|
|switch|p2a: Floatzel|Floatzel, F|311\/311
|-damage|p2a: Floatzel|273\/311|[from] Stealth Rock
|turn|14
|choice|move crabhammer|move icebeam
|
|move|p2a: Floatzel|Ice Beam|p1a: Kingler
|-resisted|p1a: Kingler
|-damage|p1a: Kingler|181\/251
|move|p1a: Kingler|Crabhammer|p2a: Floatzel
|-resisted|p2a: Floatzel
|-damage|p2a: Floatzel|136\/311
|
|upkeep
|turn|15
|choice|move crabhammer|switch 4
|
|switch|p2a: Bouffalant|Bouffalant, F|120\/393
|-damage|p2a: Bouffalant|71\/393|[from] Stealth Rock
|move|p1a: Kingler|Crabhammer|p2a: Bouffalant
|-crit|p2a: Bouffalant
|-damage|p2a: Bouffalant|0 fnt
|faint|p2a: Bouffalant
|
|upkeep
|choice||switch 4
|
|switch|p2a: Floatzel|Floatzel, F|136\/311
|-damage|p2a: Floatzel|98\/311|[from] Stealth Rock
|turn|16
|choice|move crabhammer|move icebeam
|
|move|p2a: Floatzel|Ice Beam|p1a: Kingler
|-resisted|p1a: Kingler
|-damage|p1a: Kingler|108\/251
|move|p1a: Kingler|Crabhammer|p2a: Floatzel
|-resisted|p2a: Floatzel
|-damage|p2a: Floatzel|0 fnt
|faint|p2a: Floatzel
|
|upkeep
|choice||switch 5
|
|switch|p2a: Golem|Golem, F|301\/301
|-damage|p2a: Golem|283\/301|[from] Stealth Rock
|turn|17
|c|☆Bruno de lucas|Gg
|choice|move crabhammer|move suckerpunch
|
|move|p2a: Golem|Sucker Punch|p1a: Kingler
|-damage|p1a: Kingler|23\/251
|move|p1a: Kingler|Crabhammer|p2a: Golem
|-supereffective|p2a: Golem
|-crit|p2a: Golem
|-damage|p2a: Golem|0 fnt
|faint|p2a: Golem
|
|win|Bruno de lucas
|c|☆aj meat|gg
|c|☆Bruno de lucas|Sem.hax
|c|☆aj meat|essa vez
|c|☆aj meat|vc mereceu
|c|☆aj meat|kkk
|c|☆Bruno de lucas|Kkk
|c|☆Bruno de lucas|Pu sou god
|c|☆aj meat|kkk
|c|☆aj meat|vou testar
|c|☆Bruno de lucas|Bora outra tier
|c|☆aj meat|aquele
|c|☆aj meat|time com outra pessoa
|c|☆aj meat|oo
|c|☆aj meat|bora
|c|☆aj meat|qual?
|c|☆Bruno de lucas|Wheitron ?
|c|☆aj meat|nao
|c|☆Bruno de lucas|Quem ?
|c|☆aj meat|wheitron nao gosta de jogar comigo
|c|☆aj meat|jose la do discord
|c|☆Bruno de lucas|Kkk nem eu gosto
|c|☆Bruno de lucas|Pretty haxer
|c|☆aj meat|kkkkk
|c|☆aj meat|:[
|c|☆aj meat|que tier
|c|☆aj meat|?
|c|☆Bruno de lucas|Ou oras ?
|c|☆aj meat|bora
|l|aj meat</script>
</div>
<div class="battle-log battle-log-inline"><div class="inner"><div class="battle-options"></div><div class="inner"><div class="chat"><small>Bruno de lucas joined.</small></div><div class="chat"><small>aj meat joined.</small></div><div class=""><small>Format:</small> <br><strong>PU</strong></div><div class=""><small><em>Sleep Clause Mod:</em> Limit one foe put to sleep</small></div><div class=""><small><em>Species Clause:</em> Limit one of each Pokémon</small></div><div class=""><small><em>OHKO Clause:</em> OHKO moves are banned</small></div><div class=""><small><em>Moody Clause:</em> Moody is banned</small></div><div class=""><small><em>Evasion Moves Clause:</em> Evasion moves are banned</small></div><div class=""><small><em>Endless Battle Clause:</em> Forcing endless battles is banned</small></div><div class=""><small><em>HP Percentage Mod:</em> HP is shown in percentages</small></div><div class=""><small><em>Swagger Clause:</em> Swagger is banned</small></div><div class=""><small><em>Baton Pass Clause:</em> Limit one Baton Passer, can't pass Spe and other stats simultaneously</small></div><div class="chat battle-history"><strong>Bruno de lucas's team:</strong> <em style="color:#445566;display:block;">Cacturne / Flareon / Prinplup / Zebstrika / Kadabra / Kingler</em></div><div class="chat battle-history"><strong>aj meat's team:</strong> <em style="color:#445566;display:block;">Monferno / Grumpig / Rotom-Frost / Bouffalant / Golem / Floatzel</em></div><div class="chat message-error">Battle timer is ON: inactive players will automatically lose when time's up. (requested by Bruno de lucas)</div><div class="spacer battle-history"><br></div><div class="battle-history">Battle started between Bruno de lucas and aj meat!<br></div><div class="spacer battle-history"><br></div><div class="battle-history">Go! <strong>Prinplup</strong>!<br></div><div class="spacer battle-history"><br></div><div class="battle-history">aj meat sent out Rotom (<strong>Rotom-Frost</strong>)!<br></div><div class="spacer battle-history"><br></div><h2 class="battle-history">Turn 1</h2><div class="spacer battle-history"><br></div><div class="battle-history">The opposing Rotom used <strong>Substitute</strong>!<br></div><div class="battle-history"><small>The opposing Rotom put in a substitute!</small><br></div><div class="battle-history"><small>(The opposing Rotom lost <abbr title="−60/241">24.9%</abbr> of its health!)</small><br></div><div class="spacer battle-history"><br></div><div class="battle-history">Prinplup used <strong>Stealth Rock</strong>!<br></div><div class="battle-history"><small>Pointed stones float in the air around the opposing team!</small><br></div><div class="spacer battle-history"><br></div><div class="battle-history"><small>The opposing Rotom restored a little HP using its Leftovers!</small><br></div><div class="spacer battle-history"><br></div><h2 class="battle-history">Turn 2</h2><div class="spacer battle-history"><br></div><div class="battle-history">Prinplup, come back!<br></div><div class="battle-history">Go! <strong>Flareon</strong>!<br></div><div class="spacer battle-history"><br></div><div class="battle-history">The opposing Rotom used <strong>Thunderbolt</strong>!<br></div><div class="battle-history"><small>(Flareon lost <abbr title="−126/271">46.5%</abbr> of its health!)</small><br></div><div class="spacer battle-history"><br></div><div class="battle-history"><small>The opposing Rotom restored a little HP using its Leftovers!</small><br></div><div class="battle-history"><small>Flareon was badly poisoned!</small><br></div><div class="spacer battle-history"><br></div><h2 class="battle-history">Turn 3</h2><div class="spacer battle-history"><br></div><div class="battle-history">The opposing Rotom used <strong>Thunderbolt</strong>!<br></div><div class="battle-history"><small>(Flareon lost <abbr title="−118/271">43.5%</abbr> of its health!)</small><br></div><div class="spacer battle-history"><br></div><div class="battle-history">Flareon used <strong>Flame Charge</strong>!<br></div><div class="battle-history"><small>It's super effective!</small><br></div><div class="battle-history"><small>The opposing Rotom's substitute faded!</small><br></div><div class="battle-history"><small>Flareon's Speed rose!</small><br></div><div class="spacer battle-history"><br></div><div class="battle-history"><small>The opposing Rotom restored a little HP using its Leftovers!</small><br></div><div class="battle-history"><small>Flareon was hurt by poison!</small><br></div><div class="spacer battle-history"><br></div><h2 class="battle-history">Turn 4</h2><div class="spacer battle-history"><br></div><div class="battle-history">aj meat withdrew Rotom!<br></div><div class="battle-history">aj meat sent out <strong>Grumpig</strong>!<br></div><div class="battle-history"><small>Pointed stones dug into the opposing Grumpig!</small><br></div><div class="spacer battle-history"><br></div><div class="battle-history">Flareon used <strong>Flare Blitz</strong>!<br></div><div class="battle-history"><small>(The opposing Grumpig lost <abbr title="−265/321">82.6%</abbr> of its health!)</small><br></div><div class="battle-history"><small>Flareon is damaged by the recoil!</small><br></div><div class="spacer battle-history"><br></div><div class="battle-history">Flareon fainted!<br></div><div class="spacer battle-history"><br></div><div class="battle-history">Go! <strong>Kadabra</strong>!<br></div><div class="spacer battle-history"><br></div><h2 class="battle-history">Turn 5</h2><div class="spacer battle-history"><br></div><div class="battle-history">aj meat withdrew Grumpig!<br></div><div class="battle-history">aj meat sent out <strong>Bouffalant</strong>!<br></div><div class="battle-history"><small>Pointed stones dug into the opposing Bouffalant!</small><br></div><div class="spacer battle-history"><br></div><div class="battle-history">Kadabra used <strong>Psychic</strong>!<br></div><div class="battle-history"><small>(The opposing Bouffalant lost <abbr title="−112/393">28.5%</abbr> of its health!)</small><br></div><div class="spacer battle-history"><br></div><h2 class="battle-history">Turn 6</h2><div class="spacer battle-history"><br></div><div class="battle-history">Kadabra used <strong>Psychic</strong>!<br></div><div class="battle-history"><small>(The opposing Bouffalant lost <abbr title="−112/393">28.5%</abbr> of its health!)</small><br></div><div class="spacer battle-history"><br></div><div class="battle-history">The opposing Bouffalant used <strong>Pursuit</strong>!<br></div><div class="battle-history"><small>It's super effective!</small><br></div><div class="battle-history"><small>(Kadabra lost <abbr title="−218/221">98.6%</abbr> of its health!)</small><br></div><div class="spacer battle-history"><br></div><h2 class="battle-history">Turn 7</h2><div class="spacer battle-history"><br></div><div class="battle-history">aj meat withdrew Bouffalant!<br></div><div class="battle-history">aj meat sent out <strong>Grumpig</strong>!<br></div><div class="battle-history"><small>Pointed stones dug into the opposing Grumpig!</small><br></div><div class="spacer battle-history"><br></div><div class="battle-history">The opposing Grumpig fainted!<br></div><div class="battle-history">Kadabra used <strong>Psychic</strong>!<br></div><div class="battle-history"><small>But there was no target...</small><br></div><div class="spacer battle-history"><br></div><div class="battle-history">aj meat sent out <strong>Monferno</strong>!<br></div><div class="battle-history"><small>Pointed stones dug into the opposing Monferno!</small><br></div><div class="spacer battle-history"><br></div><h2 class="battle-history">Turn 8</h2><div class="spacer battle-history"><br></div><div class="battle-history">Kadabra, come back!<br></div><div class="battle-history">Go! <strong>Prinplup</strong>!<br></div><div class="spacer battle-history"><br></div><div class="battle-history">The opposing Monferno used <strong>Mach Punch</strong>!<br></div><div class="battle-history"><small>(Prinplup lost <abbr title="−45/331">13.6%</abbr> of its health!)</small><br></div><div class="spacer battle-history"><br></div><h2 class="battle-history">Turn 9</h2><div class="spacer battle-history"><br></div><div class="battle-history">The opposing Monferno used <strong>Swords Dance</strong>!<br></div><div class="battle-history"><small>The opposing Monferno's Attack rose sharply!</small><br></div><div class="spacer battle-history"><br></div><div class="battle-history">Prinplup used <strong>Scald</strong>!<br></div><div class="battle-history"><small>It's super effective!</small><br></div><div class="battle-history"><small>(The opposing Monferno lost <abbr title="−192/269">71.4%</abbr> of its health!)</small><br></div><div class="spacer battle-history"><br></div><h2 class="battle-history">Turn 10</h2><div class="spacer battle-history"><br></div><div class="battle-history">The opposing Monferno used <strong>Close Combat</strong>!<br></div><div class="battle-history"><small>(Prinplup lost <abbr title="−199/331">60.1%</abbr> of its health!)</small><br></div><div class="battle-history"><small>The opposing Monferno's Defense fell!</small><br></div><div class="battle-history"><small>The opposing Monferno's Special Defense fell!</small><br></div><div class="spacer battle-history"><br></div><div class="battle-history">Prinplup used <strong>Scald</strong>!<br></div><div class="battle-history"><small>It's super effective!</small><br></div><div class="battle-history"><small>(The opposing Monferno lost <abbr title="−44/269">16.4%</abbr> of its health!)</small><br></div><div class="spacer battle-history"><br></div><div class="battle-history">The opposing Monferno fainted!<br></div><div class="spacer battle-history"><br></div><div class="battle-history">aj meat sent out Rotom (<strong>Rotom-Frost</strong>)!<br></div><div class="battle-history"><small>Pointed stones dug into the opposing Rotom!</small><br></div><div class="spacer battle-history"><br></div><h2 class="battle-history">Turn 11</h2><div class="spacer battle-history"><br></div><div class="battle-history">The opposing Rotom used <strong>Thunderbolt</strong>!<br></div><div class="battle-history"><small>It's super effective!</small><br></div><div class="battle-history"><small>(Prinplup lost <abbr title="−87/331">26.3%</abbr> of its health!)</small><br></div><div class="spacer battle-history"><br></div><div class="battle-history">Prinplup fainted!<br></div><div class="spacer battle-history"><br></div><div class="battle-history"><small>The opposing Rotom restored a little HP using its Leftovers!</small><br></div><div class="spacer battle-history"><br></div><div class="battle-history">Go! <strong>Kadabra</strong>!<br></div><div class="spacer battle-history"><br></div><h2 class="battle-history">Turn 12</h2><div class="spacer battle-history"><br></div><div class="battle-history">Kadabra used <strong>Psychic</strong>!<br></div><div class="battle-history"><small>(The opposing Rotom lost <abbr title="−136/241">56.4%</abbr> of its health!)</small><br></div><div class="spacer battle-history"><br></div><div class="battle-history">The opposing Rotom used <strong>Thunderbolt</strong>!<br></div><div class="battle-history"><small>(Kadabra lost <abbr title="−3/221">1.4%</abbr> of its health!)</small><br></div><div class="spacer battle-history"><br></div><div class="battle-history">Kadabra fainted!<br></div><div class="spacer battle-history"><br></div><div class="battle-history"><small>The opposing Rotom restored a little HP using its Leftovers!</small><br></div><div class="spacer battle-history"><br></div><div class="battle-history">Go! <strong>Kingler</strong>!<br></div><div class="spacer battle-history"><br></div><h2 class="battle-history">Turn 13</h2><div class="spacer battle-history"><br></div><div class="battle-history">Kingler used <strong>Crabhammer</strong>!<br></div><div class="battle-history"><small>(The opposing Rotom lost <abbr title="−60/241">24.9%</abbr> of its health!)</small><br></div><div class="spacer battle-history"><br></div><div class="battle-history">The opposing Rotom fainted!<br></div><div class="spacer battle-history"><br></div><div class="battle-history">aj meat sent out <strong>Floatzel</strong>!<br></div><div class="battle-history"><small>Pointed stones dug into the opposing Floatzel!</small><br></div><div class="spacer battle-history"><br></div><h2 class="battle-history">Turn 14</h2><div class="spacer battle-history"><br></div><div class="battle-history">The opposing Floatzel used <strong>Ice Beam</strong>!<br></div><div class="battle-history"><small>It's not very effective...</small><br></div><div class="battle-history"><small>(Kingler lost <abbr title="−70/251">27.9%</abbr> of its health!)</small><br></div><div class="spacer battle-history"><br></div><div class="battle-history">Kingler used <strong>Crabhammer</strong>!<br></div><div class="battle-history"><small>It's not very effective...</small><br></div><div class="battle-history"><small>(The opposing Floatzel lost <abbr title="−137/311">44.1%</abbr> of its health!)</small><br></div><div class="spacer battle-history"><br></div><h2 class="battle-history">Turn 15</h2><div class="spacer battle-history"><br></div><div class="battle-history">aj meat withdrew Floatzel!<br></div><div class="battle-history">aj meat sent out <strong>Bouffalant</strong>!<br></div><div class="battle-history"><small>Pointed stones dug into the opposing Bouffalant!</small><br></div><div class="spacer battle-history"><br></div><div class="battle-history">Kingler used <strong>Crabhammer</strong>!<br></div><div class="battle-history"><small>A critical hit!</small><br></div><div class="battle-history"><small>(The opposing Bouffalant lost <abbr title="−71/393">18.1%</abbr> of its health!)</small><br></div><div class="spacer battle-history"><br></div><div class="battle-history">The opposing Bouffalant fainted!<br></div><div class="spacer battle-history"><br></div><div class="battle-history">aj meat sent out <strong>Floatzel</strong>!<br></div><div class="battle-history"><small>Pointed stones dug into the opposing Floatzel!</small><br></div><div class="spacer battle-history"><br></div><h2 class="battle-history">Turn 16</h2><div class="spacer battle-history"><br></div><div class="battle-history">The opposing Floatzel used <strong>Ice Beam</strong>!<br></div><div class="battle-history"><small>It's not very effective...</small><br></div><div class="battle-history"><small>(Kingler lost <abbr title="−73/251">29.1%</abbr> of its health!)</small><br></div><div class="spacer battle-history"><br></div><div class="battle-history">Kingler used <strong>Crabhammer</strong>!<br></div><div class="battle-history"><small>It's not very effective...</small><br></div><div class="battle-history"><small>(The opposing Floatzel lost <abbr title="−98/311">31.5%</abbr> of its health!)</small><br></div><div class="spacer battle-history"><br></div><div class="battle-history">The opposing Floatzel fainted!<br></div><div class="spacer battle-history"><br></div><div class="battle-history">aj meat sent out <strong>Golem</strong>!<br></div><div class="battle-history"><small>Pointed stones dug into the opposing Golem!</small><br></div><div class="spacer battle-history"><br></div><h2 class="battle-history">Turn 17</h2><div class="chat chatmessage-brunodelucas"><strong style="color:hsl(72,81%,31.96254768862037%)"><small>☆</small><span class="username" data-name="Bruno de lucas">Bruno de lucas</span>:</strong> <em>Gg</em></div><div class="spacer battle-history"><br></div><div class="battle-history">The opposing Golem used <strong>Sucker Punch</strong>!<br></div><div class="battle-history"><small>(Kingler lost <abbr title="−85/251">33.9%</abbr> of its health!)</small><br></div><div class="spacer battle-history"><br></div><div class="battle-history">Kingler used <strong>Crabhammer</strong>!<br></div><div class="battle-history"><small>It's super effective!</small><br></div><div class="battle-history"><small>A critical hit!</small><br></div><div class="battle-history"><small>(The opposing Golem lost <abbr title="−283/301">94.0%</abbr> of its health!)</small><br></div><div class="spacer battle-history"><br></div><div class="battle-history">The opposing Golem fainted!<br></div><div class="spacer battle-history"><br></div><div class="battle-history"><strong>Bruno de lucas</strong> won the battle!<br></div><div class="chat chatmessage-ajmeat"><strong style="color:hsl(57,59%,35%)"><small>☆</small><span class="username" data-name="aj meat">aj meat</span>:</strong> <em>gg</em></div><div class="chat chatmessage-brunodelucas"><strong style="color:hsl(72,81%,31.96254768862037%)"><small>☆</small><span class="username" data-name="Bruno de lucas">Bruno de lucas</span>:</strong> <em>Sem.hax</em></div><div class="chat chatmessage-ajmeat"><strong style="color:hsl(57,59%,35%)"><small>☆</small><span class="username" data-name="aj meat">aj meat</span>:</strong> <em>essa vez</em></div><div class="chat chatmessage-ajmeat"><strong style="color:hsl(57,59%,35%)"><small>☆</small><span class="username" data-name="aj meat">aj meat</span>:</strong> <em>vc mereceu</em></div><div class="chat chatmessage-ajmeat"><strong style="color:hsl(57,59%,35%)"><small>☆</small><span class="username" data-name="aj meat">aj meat</span>:</strong> <em>kkk</em></div><div class="chat chatmessage-brunodelucas"><strong style="color:hsl(72,81%,31.96254768862037%)"><small>☆</small><span class="username" data-name="Bruno de lucas">Bruno de lucas</span>:</strong> <em>Kkk</em></div><div class="chat chatmessage-brunodelucas"><strong style="color:hsl(72,81%,31.96254768862037%)"><small>☆</small><span class="username" data-name="Bruno de lucas">Bruno de lucas</span>:</strong> <em>Pu sou god</em></div><div class="chat chatmessage-ajmeat"><strong style="color:hsl(57,59%,35%)"><small>☆</small><span class="username" data-name="aj meat">aj meat</span>:</strong> <em>kkk</em></div><div class="chat chatmessage-ajmeat"><strong style="color:hsl(57,59%,35%)"><small>☆</small><span class="username" data-name="aj meat">aj meat</span>:</strong> <em>vou testar</em></div><div class="chat chatmessage-brunodelucas"><strong style="color:hsl(72,81%,31.96254768862037%)"><small>☆</small><span class="username" data-name="Bruno de lucas">Bruno de lucas</span>:</strong> <em>Bora outra tier</em></div><div class="chat chatmessage-ajmeat"><strong style="color:hsl(57,59%,35%)"><small>☆</small><span class="username" data-name="aj meat">aj meat</span>:</strong> <em>aquele</em></div><div class="chat chatmessage-ajmeat"><strong style="color:hsl(57,59%,35%)"><small>☆</small><span class="username" data-name="aj meat">aj meat</span>:</strong> <em>time com outra pessoa</em></div><div class="chat chatmessage-ajmeat"><strong style="color:hsl(57,59%,35%)"><small>☆</small><span class="username" data-name="aj meat">aj meat</span>:</strong> <em>oo</em></div><div class="chat chatmessage-ajmeat"><strong style="color:hsl(57,59%,35%)"><small>☆</small><span class="username" data-name="aj meat">aj meat</span>:</strong> <em>bora</em></div><div class="chat chatmessage-ajmeat"><strong style="color:hsl(57,59%,35%)"><small>☆</small><span class="username" data-name="aj meat">aj meat</span>:</strong> <em>qual?</em></div><div class="chat chatmessage-brunodelucas"><strong style="color:hsl(72,81%,31.96254768862037%)"><small>☆</small><span class="username" data-name="Bruno de lucas">Bruno de lucas</span>:</strong> <em>Wheitron ?</em></div><div class="chat chatmessage-ajmeat"><strong style="color:hsl(57,59%,35%)"><small>☆</small><span class="username" data-name="aj meat">aj meat</span>:</strong> <em>nao</em></div><div class="chat chatmessage-brunodelucas"><strong style="color:hsl(72,81%,31.96254768862037%)"><small>☆</small><span class="username" data-name="Bruno de lucas">Bruno de lucas</span>:</strong> <em>Quem ?</em></div><div class="chat chatmessage-ajmeat"><strong style="color:hsl(57,59%,35%)"><small>☆</small><span class="username" data-name="aj meat">aj meat</span>:</strong> <em>wheitron nao gosta de jogar comigo</em></div><div class="chat chatmessage-ajmeat"><strong style="color:hsl(57,59%,35%)"><small>☆</small><span class="username" data-name="aj meat">aj meat</span>:</strong> <em>jose la do discord</em></div><div class="chat chatmessage-brunodelucas"><strong style="color:hsl(72,81%,31.96254768862037%)"><small>☆</small><span class="username" data-name="Bruno de lucas">Bruno de lucas</span>:</strong> <em>Kkk nem eu gosto</em></div><div class="chat chatmessage-brunodelucas"><strong style="color:hsl(72,81%,31.96254768862037%)"><small>☆</small><span class="username" data-name="Bruno de lucas">Bruno de lucas</span>:</strong> <em>Pretty haxer</em></div><div class="chat chatmessage-ajmeat"><strong style="color:hsl(57,59%,35%)"><small>☆</small><span class="username" data-name="aj meat">aj meat</span>:</strong> <em>kkkkk</em></div><div class="chat chatmessage-ajmeat"><strong style="color:hsl(57,59%,35%)"><small>☆</small><span class="username" data-name="aj meat">aj meat</span>:</strong> <em>:[</em></div><div class="chat chatmessage-ajmeat"><strong style="color:hsl(57,59%,35%)"><small>☆</small><span class="username" data-name="aj meat">aj meat</span>:</strong> <em>que tier</em></div><div class="chat chatmessage-ajmeat"><strong style="color:hsl(57,59%,35%)"><small>☆</small><span class="username" data-name="aj meat">aj meat</span>:</strong> <em>?</em></div><div class="chat chatmessage-brunodelucas"><strong style="color:hsl(72,81%,31.96254768862037%)"><small>☆</small><span class="username" data-name="Bruno de lucas">Bruno de lucas</span>:</strong> <em>Ou oras ?</em></div><div class="chat chatmessage-ajmeat"><strong style="color:hsl(57,59%,35%)"><small>☆</small><span class="username" data-name="aj meat">aj meat</span>:</strong> <em>bora</em></div><div class="chat"><small>aj meat left.</small></div></div><div class="inner-preempt"></div></div></div>
</div>
<script>
let daily = Math.floor(Date.now()/1000/60/60/24);document.write('<script src="https://play.pokemonshowdown.com/js/replay-embed.js?version'+daily+'"></'+'script>');
</script>
