<!DOCTYPE html>
<meta charset="utf-8" />
<!-- version 1 -->
<title>PU replay: lcezasfuck vs. Alolan's_Butt</title>
<style>
html,body {font-family:Verdana, sans-serif;font-size:10pt;margin:0;padding:0;}body{padding:12px 0;} .battle-log {font-family:Verdana, sans-serif;font-size:10pt;} .battle-log-inline {border:1px solid #AAAAAA;background:#EEF2F5;color:black;max-width:640px;margin:0 auto 80px;padding-bottom:5px;} .battle-log .inner {padding:4px 8px 0px 8px;} .battle-log .inner-preempt {padding:0 8px 4px 8px;} .battle-log .inner-after {margin-top:0.5em;} .battle-log h2 {margin:0.5em -8px;padding:4px 8px;border:1px solid #AAAAAA;background:#E0E7EA;border-left:0;border-right:0;font-family:Verdana, sans-serif;font-size:13pt;} .battle-log .chat {vertical-align:middle;padding:3px 0 3px 0;font-size:8pt;} .battle-log .chat strong {color:#40576A;} .battle-log .chat em {padding:1px 4px 1px 3px;color:#000000;font-style:normal;} .chat.mine {background:rgba(0,0,0,0.05);margin-left:-8px;margin-right:-8px;padding-left:8px;padding-right:8px;} .spoiler {color:#BBBBBB;background:#BBBBBB;padding:0px 3px;} .spoiler:hover, .spoiler:active, .spoiler-shown {color:#000000;background:#E2E2E2;padding:0px 3px;} .spoiler a {color:#BBBBBB;} .spoiler:hover a, .spoiler:active a, .spoiler-shown a {color:#2288CC;} .chat code, .chat .spoiler:hover code, .chat .spoiler:active code, .chat .spoiler-shown code {border:1px solid #C0C0C0;background:#EEEEEE;color:black;padding:0 2px;} .chat .spoiler code {border:1px solid #CCCCCC;background:#CCCCCC;color:#CCCCCC;} .battle-log .rated {padding:3px 4px;} .battle-log .rated strong {color:white;background:#89A;padding:1px 4px;border-radius:4px;} .spacer {margin-top:0.5em;} .message-announce {background:#6688AA;color:white;padding:1px 4px 2px;} .message-announce a, .broadcast-green a, .broadcast-blue a, .broadcast-red a {color:#DDEEFF;} .broadcast-green {background-color:#559955;color:white;padding:2px 4px;} .broadcast-blue {background-color:#6688AA;color:white;padding:2px 4px;} .infobox {border:1px solid #6688AA;padding:2px 4px;} .infobox-limited {max-height:200px;overflow:auto;overflow-x:hidden;} .broadcast-red {background-color:#AA5544;color:white;padding:2px 4px;} .message-learn-canlearn {font-weight:bold;color:#228822;text-decoration:underline;} .message-learn-cannotlearn {font-weight:bold;color:#CC2222;text-decoration:underline;} .message-effect-weak {font-weight:bold;color:#CC2222;} .message-effect-resist {font-weight:bold;color:#6688AA;} .message-effect-immune {font-weight:bold;color:#666666;} .message-learn-list {margin-top:0;margin-bottom:0;} .message-throttle-notice, .message-error {color:#992222;} .message-overflow, .chat small.message-overflow {font-size:0pt;} .message-overflow::before {font-size:9pt;content:'...';} .subtle {color:#3A4A66;}
</style>
<div class="wrapper replay-wrapper" style="max-width:1180px;margin:0 auto">
<input type="hidden" name="replayid" value="pu-576143432" />
<div class="battle"></div><div class="battle-log"></div><div class="replay-controls"></div><div class="replay-controls-2"></div>
<h1 style="font-weight:normal;text-align:center"><strong>PU</strong><br /><a href="http://pokemonshowdown.com/users/lcezasfuck" class="subtle" target="_blank">lcezasfuck</a> vs. <a href="http://pokemonshowdown.com/users/alolansbutt" class="subtle" target="_blank">Alolan's_Butt</a></h1>
<script type="text/plain" class="battle-log-data">|j|lcezasfuck
|j|Alolan's_Butt
|player|p1|lcezasfuck|#teamrocket
|player|p2|Alolan's_Butt|102
|gametype|singles
|gen|6
|tier|PU
|rated
|seed|48659,60128,64620,43683
|rule|Sleep Clause Mod: Limit one foe put to sleep
|rule|Species Clause: Limit one of each Pokémon
|rule|OHKO Clause: OHKO moves are banned
|rule|Moody Clause: Moody is banned
|rule|Evasion Moves Clause: Evasion moves are banned
|rule|Endless Battle Clause: Forcing endless battles is banned
|rule|HP Percentage Mod: HP is shown in percentages
|clearpoke
|poke|p1|Vullaby, F|item
|poke|p1|Pawniard, F|item
|poke|p1|Probopass, M|item
|poke|p1|Dusknoir, F|item
|poke|p1|Kadabra, M|item
|poke|p1|Seaking, M|item
|poke|p2|Audino, F|item
|poke|p2|Lunatone|item
|poke|p2|Lopunny, F|item
|poke|p2|Smeargle, F|item
|poke|p2|Misdreavus, M|item
|poke|p2|Girafarig, M|item
|rule|Swagger Clause: Swagger is banned
|rule|Baton Pass Clause: Limit one Baton Passer, can't pass Spe and other stats simultaneously
|teampreview
|choice|team 3, team 2, team 1, team 4, team 5, team 6|team 4, team 2, team 3, team 1, team 5, team 6
|
|start
|switch|p1a: Probopass|Probopass, M|324\/324
|switch|p2a: ur Dad|Smeargle, F|314\/314
|turn|1
|choice|move flashcannon|move stickyweb
|
|move|p2a: ur Dad|Sticky Web|p1a: Probopass
|-sidestart|p1: lcezasfuck|move: Sticky Web
|move|p1a: Probopass|Flash Cannon|p2a: ur Dad
|-damage|p2a: ur Dad|166\/314
|
|upkeep
|turn|2
|choice|move stealthrock|move stealthrock
|
|move|p2a: ur Dad|Stealth Rock|p1a: Probopass
|-sidestart|p1: lcezasfuck|move: Stealth Rock
|move|p1a: Probopass|Stealth Rock|p2a: ur Dad
|-sidestart|p2: Alolan's_Butt|move: Stealth Rock
|
|upkeep
|turn|3
|choice|move voltswitch|move toxicspikes
|
|move|p2a: ur Dad|Toxic Spikes|p1a: Probopass
|-sidestart|p1: lcezasfuck|move: Toxic Spikes
|move|p1a: Probopass|Volt Switch|p2a: ur Dad
|-crit|p2a: ur Dad
|-damage|p2a: ur Dad|41\/314
|choice|switch 2|
|
|switch|p1a: Pawniard|Pawniard, F|231\/231
|-damage|p1a: Pawniard|217\/231|[from] stealthrock
|-activate|p1a: Pawniard|move: Sticky Web
|-unboost|p1a: Pawniard|spe|1
|-ability|p1a: Pawniard|Defiant|boost
|-boost|p1a: Pawniard|atk|2
|
|upkeep
|turn|4
|choice|move swordsdance|move taunt
|
|move|p2a: ur Dad|Taunt|p1a: Pawniard
|-start|p1a: Pawniard|move: Taunt
|cant|p1a: Pawniard|move: Taunt|Swords Dance
|
|upkeep
|turn|5
|choice|move knockoff|move toxicspikes
|
|move|p2a: ur Dad|Toxic Spikes|p1a: Pawniard
|-sidestart|p1: lcezasfuck|move: Toxic Spikes
|move|p1a: Pawniard|Knock Off|p2a: ur Dad
|-damage|p2a: ur Dad|0 fnt
|-enditem|p2a: ur Dad|Focus Sash|[from] move: Knock Off|[of] p1a: Pawniard
|faint|p2a: ur Dad
|
|upkeep
|choice||switch 2
|
|switch|p2a: Lunatone|Lunatone|281\/281
|-damage|p2a: Lunatone|246\/281|[from] stealthrock
|turn|6
|choice|move knockoff|move calmmind
|
|move|p2a: Lunatone|Calm Mind|p2a: Lunatone
|-boost|p2a: Lunatone|spa|1
|-boost|p2a: Lunatone|spd|1
|move|p1a: Pawniard|Knock Off|p2a: Lunatone
|-supereffective|p2a: Lunatone
|-damage|p2a: Lunatone|0 fnt
|-enditem|p2a: Lunatone|Focus Sash|[from] move: Knock Off|[of] p1a: Pawniard
|faint|p2a: Lunatone
|
|-end|p1a: Pawniard|move: Taunt
|upkeep
|choice||switch 5
|
|switch|p2a: ProstiDude|Misdreavus, M|324\/324
|-damage|p2a: ProstiDude|284\/324|[from] stealthrock
|turn|7
|choice|move swordsdance|move nastyplot
|
|move|p2a: ProstiDude|Nasty Plot|p2a: ProstiDude
|-boost|p2a: ProstiDude|spa|2
|move|p1a: Pawniard|Swords Dance|p1a: Pawniard
|-boost|p1a: Pawniard|atk|2
|
|upkeep
|turn|8
|choice|move suckerpunch|move willowisp
|
|move|p1a: Pawniard|Sucker Punch|p2a: ProstiDude|[still]
|-fail|p1a: Pawniard
|move|p2a: ProstiDude|Will-O-Wisp|p1a: Pawniard
|-status|p1a: Pawniard|brn
|
|-damage|p1a: Pawniard|189\/231 brn|[from] brn
|upkeep
|turn|9
|choice|move knockoff|move shadowball
|
|move|p2a: ProstiDude|Shadow Ball|p1a: Pawniard
|-resisted|p1a: Pawniard
|-damage|p1a: Pawniard|60\/231 brn
|move|p1a: Pawniard|Knock Off|p2a: ProstiDude
|-supereffective|p2a: ProstiDude
|-damage|p2a: ProstiDude|0 fnt
|-enditem|p2a: ProstiDude|Eviolite|[from] move: Knock Off|[of] p1a: Pawniard
|faint|p2a: ProstiDude
|
|-damage|p1a: Pawniard|32\/231 brn|[from] brn
|upkeep
|choice||switch 3
|
|switch|p2a: Lopunny|Lopunny, F|334\/334
|-damage|p2a: Lopunny|293\/334|[from] stealthrock
|turn|10
|choice|move knockoff|move cosmicpower
|
|move|p2a: Lopunny|Cosmic Power|p2a: Lopunny
|-boost|p2a: Lopunny|def|1
|-boost|p2a: Lopunny|spd|1
|move|p1a: Pawniard|Knock Off|p2a: Lopunny
|-damage|p2a: Lopunny|125\/334
|-enditem|p2a: Lopunny|Sitrus Berry|[from] move: Knock Off|[of] p1a: Pawniard
|
|-damage|p1a: Pawniard|4\/231 brn|[from] brn
|upkeep
|turn|11
|choice|move ironhead|move cosmicpower
|
|move|p2a: Lopunny|Cosmic Power|p2a: Lopunny
|-boost|p2a: Lopunny|def|1
|-boost|p2a: Lopunny|spd|1
|move|p1a: Pawniard|Iron Head|p2a: Lopunny
|-damage|p2a: Lopunny|23\/334
|
|-damage|p1a: Pawniard|0 fnt|[from] brn
|upkeep
|faint|p1a: Pawniard
|choice|switch 3|
|
|switch|p1a: Vullaby|Vullaby, F|343\/343
|-damage|p1a: Vullaby|258\/343|[from] stealthrock
|turn|12
|choice|move defog|move cosmicpower
|
|move|p2a: Lopunny|Cosmic Power|p2a: Lopunny
|-boost|p2a: Lopunny|def|1
|-boost|p2a: Lopunny|spd|1
|move|p1a: Vullaby|Defog|p2a: Lopunny
|-unboost|p2a: Lopunny|evasion|1
|-sideend|p2: Alolan's_Butt|stealthrock|[from] move: Defog|[of] p2a: Lopunny
|-sideend|p1: lcezasfuck|toxicspikes|[from] move: Defog|[of] p1a: Vullaby
|-sideend|p1: lcezasfuck|stealthrock|[from] move: Defog|[of] p1a: Vullaby
|-sideend|p1: lcezasfuck|stickyweb|[from] move: Defog|[of] p1a: Vullaby
|
|upkeep
|turn|13
|choice|switch 4|move batonpass
|
|switch|p1a: Dusknoir|Dusknoir, F|294\/294
|move|p2a: Lopunny|Baton Pass|p2a: Lopunny
|choice||switch 4
|
|switch|p2a: Audino|Audino, F|347\/347
|
|upkeep
|turn|14
|choice|move trick|move calmmind
|
|move|p2a: Audino|Calm Mind|p2a: Audino
|-boost|p2a: Audino|spa|1
|-boost|p2a: Audino|spd|1
|move|p1a: Dusknoir|Trick|p2a: Audino
|-activate|p1a: Dusknoir|move: Trick|[of] p2a: Audino
|-item|p2a: Audino|Choice Band|[from] move: Trick
|-item|p1a: Dusknoir|Choice Band|[from] move: Trick
|
|upkeep
|turn|15
|choice|switch 6|move fireblast
|
|switch|p1a: Seaking|Seaking, M|364\/364
|move|p2a: Audino|Fire Blast|p1a: Seaking
|-resisted|p1a: Seaking
|-damage|p1a: Seaking|292\/364
|
|-heal|p1a: Seaking|314\/364|[from] item: Leftovers
|upkeep
|turn|16
|choice|move protect|move hypervoice
|
|move|p1a: Seaking|Protect|p1a: Seaking
|-singleturn|p1a: Seaking|Protect
|move|p2a: Audino|Hyper Voice|p1a: Seaking
|-activate|p1a: Seaking|move: Protect
|
|-heal|p1a: Seaking|336\/364|[from] item: Leftovers
|upkeep
|turn|17
|choice|move scald|move hypervoice
|
|move|p1a: Seaking|Scald|p2a: Audino
|-damage|p2a: Audino|325\/347
|-status|p2a: Audino|brn
|move|p2a: Audino|Hyper Voice|p1a: Seaking
|-crit|p1a: Seaking
|-damage|p1a: Seaking|66\/364
|
|-heal|p1a: Seaking|88\/364|[from] item: Leftovers
|-damage|p2a: Audino|282\/347 brn|[from] brn
|upkeep
|turn|18
|choice|move megahorn|move calmmind
|
|move|p1a: Seaking|Megahorn|p2a: Audino
|-damage|p2a: Audino|245\/347 brn
|move|p2a: Audino|Calm Mind|p2a: Audino
|-boost|p2a: Audino|spa|1
|-boost|p2a: Audino|spd|1
|
|-heal|p1a: Seaking|110\/364|[from] item: Leftovers
|-damage|p2a: Audino|202\/347 brn|[from] brn
|upkeep
|turn|19
|choice|move megahorn|move hypervoice
|
|move|p1a: Seaking|Megahorn|p2a: Audino
|-damage|p2a: Audino|158\/347 brn
|move|p2a: Audino|Hyper Voice|p1a: Seaking
|-damage|p1a: Seaking|0 fnt
|faint|p1a: Seaking
|
|-damage|p2a: Audino|115\/347 brn|[from] brn
|upkeep
|choice|switch 4|
|
|switch|p1a: Vullaby|Vullaby, F|258\/343
|turn|20
|choice|move uturn|move hypervoice
|
|move|p1a: Vullaby|U-turn|p2a: Audino
|-damage|p2a: Audino|100\/347 brn
|choice|switch 2|
|
|switch|p1a: Probopass|Probopass, M|324\/324
|move|p2a: Audino|Hyper Voice|p1a: Probopass
|-resisted|p1a: Probopass
|-crit|p1a: Probopass
|-damage|p1a: Probopass|282\/324
|
|-heal|p1a: Probopass|302\/324|[from] item: Leftovers
|-damage|p2a: Audino|57\/347 brn|[from] brn
|upkeep
|turn|21
|choice|move stealthrock|move rest
|
|move|p2a: Audino|Rest|p2a: Audino
|-status|p2a: Audino|slp
|-heal|p2a: Audino|347\/347 slp|[silent]
|-status|p2a: Audino|slp|[from] move: Rest
|move|p1a: Probopass|Stealth Rock|p2a: Audino
|-sidestart|p2: Alolan's_Butt|move: Stealth Rock
|
|-heal|p1a: Probopass|322\/324|[from] item: Leftovers
|upkeep
|turn|22
|choice|move voltswitch|move calmmind
|
|cant|p2a: Audino|slp
|move|p1a: Probopass|Volt Switch|p2a: Audino
|-damage|p2a: Audino|334\/347 slp
|choice|switch 5|
|
|switch|p1a: Kadabra|Kadabra, M|221\/221
|
|upkeep
|turn|23
|choice|move encore|move hypervoice
|
|move|p1a: Kadabra|Encore|p2a: Audino
|-start|p2a: Audino|Encore
|cant|p2a: Audino|slp
|
|upkeep
|turn|24
|choice|move psychic|move rest
|
|move|p1a: Kadabra|Psychic|p2a: Audino
|-damage|p2a: Audino|291\/347 slp
|-curestatus|p2a: Audino|slp|[msg]
|move|p2a: Audino|Rest|p2a: Audino
|-status|p2a: Audino|slp
|-heal|p2a: Audino|347\/347 slp|[silent]
|-status|p2a: Audino|slp|[from] move: Rest
|
|upkeep
|turn|25
|choice|switch 5|move rest
|
|switch|p1a: Probopass|Probopass, M|322\/324
|cant|p2a: Audino|slp
|
|-heal|p1a: Probopass|324\/324|[from] item: Leftovers
|-end|p2a: Audino|Encore
|upkeep
|turn|26
|choice|move voltswitch|move hypervoice
|
|cant|p2a: Audino|slp
|move|p1a: Probopass|Volt Switch|p2a: Audino
|-damage|p2a: Audino|333\/347 slp
|choice|switch 5|
|
|switch|p1a: Kadabra|Kadabra, M|221\/221
|
|upkeep
|turn|27
|choice|move encore|move hypervoice
|
|move|p1a: Kadabra|Encore|p2a: Audino
|-start|p2a: Audino|Encore
|-curestatus|p2a: Audino|slp|[msg]
|move|p2a: Audino|Rest|p2a: Audino
|-status|p2a: Audino|slp
|-heal|p2a: Audino|347\/347 slp|[silent]
|-status|p2a: Audino|slp|[from] move: Rest
|
|upkeep
|turn|28
|choice|switch 2|move rest
|
|switch|p1a: Vullaby|Vullaby, F|258\/343
|cant|p2a: Audino|slp
|
|upkeep
|turn|29
|choice|move uturn|move rest
|
|move|p1a: Vullaby|U-turn|p2a: Audino
|-damage|p2a: Audino|330\/347 slp
|choice|switch 2|
|
|switch|p1a: Kadabra|Kadabra, M|221\/221
|cant|p2a: Audino|slp
|
|-end|p2a: Audino|Encore
|upkeep
|turn|30
|choice|move encore|move calmmind
|
|move|p1a: Kadabra|Encore|p2a: Audino
|-start|p2a: Audino|Encore
|-curestatus|p2a: Audino|slp|[msg]
|move|p2a: Audino|Rest|p2a: Audino
|-status|p2a: Audino|slp
|-heal|p2a: Audino|347\/347 slp|[silent]
|-status|p2a: Audino|slp|[from] move: Rest
|
|upkeep
|turn|31
|inactive|Battle timer is ON: inactive players will automatically lose when time's up. (requested by Alolan's_Butt)
|choice|move psychic|move rest
|
|move|p1a: Kadabra|Psychic|p2a: Audino
|-crit|p2a: Audino
|-damage|p2a: Audino|106\/347 slp
|cant|p2a: Audino|slp
|
|upkeep
|turn|32
|choice|move psychic|move rest
|
|move|p1a: Kadabra|Psychic|p2a: Audino
|-damage|p2a: Audino|66\/347 slp
|cant|p2a: Audino|slp
|
|-end|p2a: Audino|Encore
|upkeep
|turn|33
|choice|move psychic|move rest
|
|move|p1a: Kadabra|Psychic|p2a: Audino
|-damage|p2a: Audino|24\/347 slp
|-curestatus|p2a: Audino|slp|[msg]
|move|p2a: Audino|Rest|p2a: Audino
|-status|p2a: Audino|slp
|-heal|p2a: Audino|347\/347 slp|[silent]
|-status|p2a: Audino|slp|[from] move: Rest
|
|upkeep
|turn|34
|choice|move psychic|move calmmind
|
|move|p1a: Kadabra|Psychic|p2a: Audino
|-damage|p2a: Audino|304\/347 slp
|cant|p2a: Audino|slp
|
|upkeep
|turn|35
|choice|move psychic|move calmmind
|
|move|p1a: Kadabra|Psychic|p2a: Audino
|-damage|p2a: Audino|262\/347 slp
|cant|p2a: Audino|slp
|
|upkeep
|turn|36
|choice|move encore|move calmmind
|
|move|p1a: Kadabra|Encore|p2a: Audino
|-start|p2a: Audino|Encore
|-curestatus|p2a: Audino|slp|[msg]
|move|p2a: Audino|Rest|p2a: Audino
|-status|p2a: Audino|slp
|-heal|p2a: Audino|347\/347 slp|[silent]
|-status|p2a: Audino|slp|[from] move: Rest
|
|upkeep
|turn|37
|choice|move shadowball|move rest
|
|move|p1a: Kadabra|Shadow Ball|p2a: Audino
|-immune|p2a: Audino|[msg]
|cant|p2a: Audino|slp
|
|upkeep
|turn|38
|choice|move shadowball|move rest
|
|move|p1a: Kadabra|Shadow Ball|p2a: Audino
|-immune|p2a: Audino|[msg]
|cant|p2a: Audino|slp
|
|-end|p2a: Audino|Encore
|upkeep
|turn|39
|choice|move encore|move fireblast
|
|move|p1a: Kadabra|Encore|p2a: Audino
|-start|p2a: Audino|Encore
|-curestatus|p2a: Audino|slp|[msg]
|move|p2a: Audino|Rest|p2a: Audino
|-fail|p2a: Audino
|
|upkeep
|turn|40
|choice|switch 5|move rest
|
|switch|p1a: Probopass|Probopass, M|324\/324
|move|p2a: Audino|Rest|p2a: Audino
|-fail|p2a: Audino
|
|upkeep
|turn|41
|choice|move toxic|move rest
|
|move|p2a: Audino|Rest|p2a: Audino
|-fail|p2a: Audino
|move|p1a: Probopass|Toxic|p2a: Audino
|-status|p2a: Audino|tox
|
|-damage|p2a: Audino|326\/347 tox|[from] psn
|-end|p2a: Audino|Encore
|upkeep
|turn|42
|choice|move flashcannon|move fireblast
|
|move|p2a: Audino|Fire Blast|p1a: Probopass
|-damage|p1a: Probopass|229\/324
|move|p1a: Probopass|Flash Cannon|p2a: Audino
|-damage|p2a: Audino|304\/347 tox
|-unboost|p2a: Audino|spd|1
|
|-heal|p1a: Probopass|249\/324|[from] item: Leftovers
|-damage|p2a: Audino|262\/347 tox|[from] psn
|upkeep
|turn|43
|choice|move voltswitch|move rest
|
|move|p2a: Audino|Rest|p2a: Audino
|-status|p2a: Audino|slp
|-heal|p2a: Audino|347\/347 slp|[silent]
|-status|p2a: Audino|slp|[from] move: Rest
|move|p1a: Probopass|Volt Switch|p2a: Audino
|-damage|p2a: Audino|330\/347 slp
|choice|switch 2|
|
|switch|p1a: Vullaby|Vullaby, F|258\/343
|
|upkeep
|turn|44
|choice|move uturn|move hypervoice
|
|move|p1a: Vullaby|U-turn|p2a: Audino
|-damage|p2a: Audino|313\/347 slp
|choice|switch 6|
|
|switch|p1a: Dusknoir|Dusknoir, F|294\/294
|-item|p2a: Audino|Choice Band|[from] ability: Frisk|[of] p1a: Dusknoir|[identify]
|cant|p2a: Audino|slp
|
|upkeep
|turn|45
|choice|move thunderpunch|move fireblast
|
|cant|p2a: Audino|slp
|move|p1a: Dusknoir|Thunder Punch|p2a: Audino
|-damage|p2a: Audino|255\/347 slp
|
|upkeep
|turn|46
|choice|switch 5|move fireblast
|
|switch|p1a: Kadabra|Kadabra, M|221\/221
|-curestatus|p2a: Audino|slp|[msg]
|move|p2a: Audino|Fire Blast|p1a: Kadabra|[miss]
|-miss|p2a: Audino|p1a: Kadabra
|
|upkeep
|turn|47
|choice|switch 5|move fireblast
|
|switch|p1a: Dusknoir|Dusknoir, F|294\/294
|-item|p2a: Audino|Choice Band|[from] ability: Frisk|[of] p1a: Dusknoir|[identify]
|move|p2a: Audino|Fire Blast|p1a: Dusknoir
|-damage|p1a: Dusknoir|153\/294
|
|upkeep
|turn|48
|choice|move earthquake|move fireblast
|
|move|p2a: Audino|Fire Blast|p1a: Dusknoir
|-damage|p1a: Dusknoir|15\/294
|move|p1a: Dusknoir|Earthquake|p2a: Audino
|-damage|p2a: Audino|184\/347
|
|upkeep
|turn|49
|choice|switch 6|move fireblast
|
|switch|p1a: Vullaby|Vullaby, F|258\/343
|move|p2a: Audino|Fire Blast|p1a: Vullaby
|-damage|p1a: Vullaby|100\/343
|
|upkeep
|turn|50
|choice|switch 6|move rest
|
|switch|p1a: Dusknoir|Dusknoir, F|15\/294
|-item|p2a: Audino|Choice Band|[from] ability: Frisk|[of] p1a: Dusknoir|[identify]
|move|p2a: Audino|Rest|p2a: Audino
|-status|p2a: Audino|slp
|-heal|p2a: Audino|347\/347 slp|[silent]
|-status|p2a: Audino|slp|[from] move: Rest
|
|upkeep
|turn|51
|choice|move earthquake|move calmmind
|
|cant|p2a: Audino|slp
|move|p1a: Dusknoir|Earthquake|p2a: Audino
|-damage|p2a: Audino|270\/347 slp
|
|upkeep
|turn|52
|choice|move earthquake|move calmmind
|
|cant|p2a: Audino|slp
|move|p1a: Dusknoir|Earthquake|p2a: Audino
|-damage|p2a: Audino|195\/347 slp
|
|upkeep
|turn|53
|choice|switch 6|move calmmind
|
|switch|p1a: Vullaby|Vullaby, F|100\/343
|-curestatus|p2a: Audino|slp|[msg]
|move|p2a: Audino|Calm Mind|p2a: Audino
|-boost|p2a: Audino|spa|1
|-boost|p2a: Audino|spd|1
|
|upkeep
|turn|54
|choice|switch 6|move fireblast
|
|switch|p1a: Dusknoir|Dusknoir, F|15\/294
|-item|p2a: Audino|Choice Band|[from] ability: Frisk|[of] p1a: Dusknoir|[identify]
|move|p2a: Audino|Fire Blast|p1a: Dusknoir
|-damage|p1a: Dusknoir|0 fnt
|faint|p1a: Dusknoir
|
|upkeep
|choice|switch 2|
|
|switch|p1a: Probopass|Probopass, M|249\/324
|turn|55
|choice|move toxic|move fireblast
|
|move|p2a: Audino|Fire Blast|p1a: Probopass
|-damage|p1a: Probopass|134\/324
|move|p1a: Probopass|Toxic|p2a: Audino
|-status|p2a: Audino|tox
|
|-heal|p1a: Probopass|154\/324|[from] item: Leftovers
|-damage|p2a: Audino|174\/347 tox|[from] psn
|upkeep
|turn|56
|choice|move flashcannon|move rest
|
|move|p2a: Audino|Rest|p2a: Audino
|-status|p2a: Audino|slp
|-heal|p2a: Audino|347\/347 slp|[silent]
|-status|p2a: Audino|slp|[from] move: Rest
|move|p1a: Probopass|Flash Cannon|p2a: Audino
|-damage|p2a: Audino|325\/347 slp
|
|-heal|p1a: Probopass|174\/324|[from] item: Leftovers
|upkeep
|turn|57
|choice|move flashcannon|move calmmind
|
|cant|p2a: Audino|slp
|move|p1a: Probopass|Flash Cannon|p2a: Audino
|-damage|p2a: Audino|301\/347 slp
|
|-heal|p1a: Probopass|194\/324|[from] item: Leftovers
|upkeep
|turn|58
|choice|move voltswitch|move calmmind
|
|cant|p2a: Audino|slp
|move|p1a: Probopass|Volt Switch|p2a: Audino
|-damage|p2a: Audino|288\/347 slp
|choice|switch 5|
|
|switch|p1a: Kadabra|Kadabra, M|221\/221
|
|upkeep
|turn|59
|choice|move encore|move hypervoice
|
|move|p1a: Kadabra|Encore|p2a: Audino
|-start|p2a: Audino|Encore
|-curestatus|p2a: Audino|slp|[msg]
|move|p2a: Audino|Rest|p2a: Audino
|-status|p2a: Audino|slp
|-heal|p2a: Audino|347\/347 slp|[silent]
|-status|p2a: Audino|slp|[from] move: Rest
|
|upkeep
|turn|60
|choice|switch 5|move rest
|
|switch|p1a: Probopass|Probopass, M|194\/324
|cant|p2a: Audino|slp
|
|-heal|p1a: Probopass|214\/324|[from] item: Leftovers
|upkeep
|turn|61
|choice|move flashcannon|move rest
|
|cant|p2a: Audino|slp
|move|p1a: Probopass|Flash Cannon|p2a: Audino
|-damage|p2a: Audino|323\/347 slp
|
|-heal|p1a: Probopass|234\/324|[from] item: Leftovers
|-end|p2a: Audino|Encore
|upkeep
|turn|62
|choice|move toxic|move hypervoice
|
|-curestatus|p2a: Audino|slp|[msg]
|move|p2a: Audino|Hyper Voice|p1a: Probopass
|-resisted|p1a: Probopass
|-damage|p1a: Probopass|196\/324
|move|p1a: Probopass|Toxic|p2a: Audino
|-status|p2a: Audino|tox
|
|-heal|p1a: Probopass|216\/324|[from] item: Leftovers
|-damage|p2a: Audino|302\/347 tox|[from] psn
|upkeep
|turn|63
|choice|move voltswitch|move hypervoice
|
|move|p2a: Audino|Hyper Voice|p1a: Probopass
|-resisted|p1a: Probopass
|-damage|p1a: Probopass|178\/324
|move|p1a: Probopass|Volt Switch|p2a: Audino
|-crit|p2a: Audino
|-damage|p2a: Audino|233\/347 tox
|choice|switch 6|
|
|switch|p1a: Vullaby|Vullaby, F|100\/343
|
|-damage|p2a: Audino|191\/347 tox|[from] psn
|upkeep
|turn|64
|choice|move uturn|move hypervoice
|
|move|p1a: Vullaby|U-turn|p2a: Audino
|-damage|p2a: Audino|173\/347 tox
|choice|switch 6|
|
|switch|p1a: Probopass|Probopass, M|178\/324
|move|p2a: Audino|Hyper Voice|p1a: Probopass
|-resisted|p1a: Probopass
|-damage|p1a: Probopass|142\/324
|
|-heal|p1a: Probopass|162\/324|[from] item: Leftovers
|-damage|p2a: Audino|110\/347 tox|[from] psn
|upkeep
|turn|65
|choice|move flashcannon|move rest
|
|move|p2a: Audino|Rest|p2a: Audino
|-status|p2a: Audino|slp
|-heal|p2a: Audino|347\/347 slp|[silent]
|-status|p2a: Audino|slp|[from] move: Rest
|move|p1a: Probopass|Flash Cannon|p2a: Audino
|-damage|p2a: Audino|323\/347 slp
|-unboost|p2a: Audino|spd|1
|
|-heal|p1a: Probopass|182\/324|[from] item: Leftovers
|upkeep
|turn|66
|choice|move flashcannon|move calmmind
|
|cant|p2a: Audino|slp
|move|p1a: Probopass|Flash Cannon|p2a: Audino
|-damage|p2a: Audino|298\/347 slp
|-unboost|p2a: Audino|spd|1
|
|-heal|p1a: Probopass|202\/324|[from] item: Leftovers
|upkeep
|turn|67
|choice|move voltswitch|move calmmind
|
|cant|p2a: Audino|slp
|move|p1a: Probopass|Volt Switch|p2a: Audino
|-damage|p2a: Audino|280\/347 slp
|choice|switch 5|
|
|switch|p1a: Kadabra|Kadabra, M|221\/221
|
|upkeep
|turn|68
|choice|move encore|move calmmind
|
|move|p1a: Kadabra|Encore|p2a: Audino
|-start|p2a: Audino|Encore
|-curestatus|p2a: Audino|slp|[msg]
|move|p2a: Audino|Rest|p2a: Audino
|-status|p2a: Audino|slp
|-heal|p2a: Audino|347\/347 slp|[silent]
|-status|p2a: Audino|slp|[from] move: Rest
|
|upkeep
|turn|69
|choice|switch 5|move rest
|
|switch|p1a: Probopass|Probopass, M|202\/324
|cant|p2a: Audino|slp
|
|-heal|p1a: Probopass|222\/324|[from] item: Leftovers
|upkeep
|turn|70
|choice|move stealthrock|move rest
|
|cant|p2a: Audino|slp
|move|p1a: Probopass|Stealth Rock|p2a: Audino
|-fail|p2a: Audino
|
|-heal|p1a: Probopass|242\/324|[from] item: Leftovers
|-end|p2a: Audino|Encore
|upkeep
|turn|71
|choice|move toxic|move calmmind
|
|-curestatus|p2a: Audino|slp|[msg]
|move|p2a: Audino|Calm Mind|p2a: Audino
|-boost|p2a: Audino|spa|1
|-boost|p2a: Audino|spd|1
|move|p1a: Probopass|Toxic|p2a: Audino
|-status|p2a: Audino|tox
|
|-heal|p1a: Probopass|262\/324|[from] item: Leftovers
|-damage|p2a: Audino|326\/347 tox|[from] psn
|upkeep
|turn|72
|choice|move voltswitch|move calmmind
|
|move|p2a: Audino|Calm Mind|p2a: Audino
|-boost|p2a: Audino|spa|1
|-boost|p2a: Audino|spd|1
|move|p1a: Probopass|Volt Switch|p2a: Audino
|-damage|p2a: Audino|312\/347 tox
|choice|switch 5|
|
|switch|p1a: Kadabra|Kadabra, M|221\/221
|
|-damage|p2a: Audino|270\/347 tox|[from] psn
|upkeep
|turn|73
|choice|move encore|move calmmind
|
|move|p1a: Kadabra|Encore|p2a: Audino
|-start|p2a: Audino|Encore
|move|p2a: Audino|Calm Mind|p2a: Audino
|-boost|p2a: Audino|spa|1
|-boost|p2a: Audino|spd|1
|
|-damage|p2a: Audino|207\/347 tox|[from] psn
|upkeep
|turn|74
|choice|move psychic|move calmmind
|
|move|p1a: Kadabra|Psychic|p2a: Audino
|-damage|p2a: Audino|165\/347 tox
|move|p2a: Audino|Calm Mind|p2a: Audino
|-boost|p2a: Audino|spa|0
|-boost|p2a: Audino|spd|0
|
|-damage|p2a: Audino|81\/347 tox|[from] psn
|upkeep
|turn|75
|choice|move psychic|move calmmind
|
|move|p1a: Kadabra|Psychic|p2a: Audino
|-damage|p2a: Audino|42\/347 tox
|move|p2a: Audino|Calm Mind|p2a: Audino
|-boost|p2a: Audino|spa|0
|-boost|p2a: Audino|spd|0
|
|-damage|p2a: Audino|0 fnt|[from] psn
|upkeep
|faint|p2a: Audino
|choice||switch 4
|
|switch|p2a: Lopunny|Lopunny, F|23\/334
|-damage|p2a: Lopunny|0 fnt|[from] stealthrock
|faint|p2a: Lopunny
|choice||switch 6
|
|switch|p2a: Girafarig|Girafarig, M|344\/344
|-damage|p2a: Girafarig|301\/344|[from] stealthrock
|turn|76
|choice|move thunderwave|move hypervoice
|
|move|p1a: Kadabra|Thunder Wave|p2a: Girafarig
|-status|p2a: Girafarig|par
|move|p2a: Girafarig|Hyper Voice|p1a: Kadabra
|-damage|p1a: Kadabra|50\/221
|
|-heal|p2a: Girafarig|322\/344 par|[from] item: Leftovers
|upkeep
|turn|77
|choice|move psychic|move nastyplot
|
|move|p1a: Kadabra|Psychic|p2a: Girafarig
|-resisted|p2a: Girafarig
|-damage|p2a: Girafarig|214\/344 par
|cant|p2a: Girafarig|par
|
|-heal|p2a: Girafarig|235\/344 par|[from] item: Leftovers
|upkeep
|turn|78
|choice|move psychic|move nastyplot
|
|move|p1a: Kadabra|Psychic|p2a: Girafarig
|-resisted|p2a: Girafarig
|-damage|p2a: Girafarig|129\/344 par
|-unboost|p2a: Girafarig|spd|1
|cant|p2a: Girafarig|par
|
|-heal|p2a: Girafarig|150\/344 par|[from] item: Leftovers
|upkeep
|turn|79
|-message|Alolan's_Butt forfeited.
|
|win|lcezasfuck
|raw|lcezasfuck's rating: 1419 &rarr; <strong>1427<\/strong><br \/>(+8 for winning)
|raw|Alolan&apos;s_Butt's rating: 1194 &rarr; <strong>1183<\/strong><br \/>(-11 for losing)
|l|Alolan's_Butt</script>
</div>
<div class="battle-log battle-log-inline"><div class="inner"><div class="battle-options"></div><div class="inner"><div class="chat"><small>lcezasfuck joined.</small></div><div class="chat"><small>Alolan's_Butt joined.</small></div><div class=""><small>Format:</small> <br><strong>PU</strong></div><div class="rated"><strong>Rated battle</strong></div><div class=""><small><em>Sleep Clause Mod:</em> Limit one foe put to sleep</small></div><div class=""><small><em>Species Clause:</em> Limit one of each Pokémon</small></div><div class=""><small><em>OHKO Clause:</em> OHKO moves are banned</small></div><div class=""><small><em>Moody Clause:</em> Moody is banned</small></div><div class=""><small><em>Evasion Moves Clause:</em> Evasion moves are banned</small></div><div class=""><small><em>Endless Battle Clause:</em> Forcing endless battles is banned</small></div><div class=""><small><em>HP Percentage Mod:</em> HP is shown in percentages</small></div><div class=""><small><em>Swagger Clause:</em> Swagger is banned</small></div><div class=""><small><em>Baton Pass Clause:</em> Limit one Baton Passer, can't pass Spe and other stats simultaneously</small></div><div class="chat battle-history"><strong>lcezasfuck's team:</strong> <em style="color:#445566;display:block;">Vullaby / Pawniard / Probopass / Dusknoir / Kadabra / Seaking</em></div><div class="chat battle-history"><strong>Alolan's_Butt's team:</strong> <em style="color:#445566;display:block;">Audino / Lunatone / Lopunny / Smeargle / Misdreavus / Girafarig</em></div><div class="spacer battle-history"><br></div><div class="battle-history">Battle started between lcezasfuck and Alolan's_Butt!<br></div><div class="spacer battle-history"><br></div><div class="battle-history">Go! <strong>Probopass</strong>!<br></div><div class="spacer battle-history"><br></div><div class="battle-history">Alolan's_Butt sent out ur Dad (<strong>Smeargle</strong>)!<br></div><div class="spacer battle-history"><br></div><h2 class="battle-history">Turn 1</h2><div class="spacer battle-history"><br></div><div class="battle-history">The opposing ur Dad used <strong>Sticky Web</strong>!<br></div><div class="battle-history"><small>A sticky web spreads out on the ground around your team!</small><br></div><div class="spacer battle-history"><br></div><div class="battle-history">Probopass used <strong>Flash Cannon</strong>!<br></div><div class="battle-history"><small>(The opposing ur Dad lost <abbr title="−148/314">47.1%</abbr> of its health!)</small><br></div><div class="spacer battle-history"><br></div><h2 class="battle-history">Turn 2</h2><div class="spacer battle-history"><br></div><div class="battle-history">The opposing ur Dad used <strong>Stealth Rock</strong>!<br></div><div class="battle-history"><small>Pointed stones float in the air around your team!</small><br></div><div class="spacer battle-history"><br></div><div class="battle-history">Probopass used <strong>Stealth Rock</strong>!<br></div><div class="battle-history"><small>Pointed stones float in the air around the opposing team!</small><br></div><div class="spacer battle-history"><br></div><h2 class="battle-history">Turn 3</h2><div class="spacer battle-history"><br></div><div class="battle-history">The opposing ur Dad used <strong>Toxic Spikes</strong>!<br></div><div class="battle-history"><small>Poison spikes were scattered on the ground all around your team!</small><br></div><div class="spacer battle-history"><br></div><div class="battle-history">Probopass used <strong>Volt Switch</strong>!<br></div><div class="battle-history"><small>A critical hit!</small><br></div><div class="battle-history"><small>(The opposing ur Dad lost <abbr title="−125/314">39.8%</abbr> of its health!)</small><br></div><div class="spacer battle-history"><br></div><div class="battle-history">Probopass went back to lcezasfuck!<br></div><div class="battle-history">Go! <strong>Pawniard</strong>!<br></div><div class="battle-history"><small>Pointed stones dug into Pawniard!</small><br></div><div class="battle-history"><small>Pawniard was caught in a sticky web!</small><br></div><div class="battle-history"><small>Pawniard's Speed fell!</small><br></div><div class="battle-history"><small>[Pawniard's Defiant]</small><br></div><div class="battle-history"><small>Pawniard's Attack rose sharply!</small><br></div><div class="spacer battle-history"><br></div><h2 class="battle-history">Turn 4</h2><div class="spacer battle-history"><br></div><div class="battle-history">The opposing ur Dad used <strong>Taunt</strong>!<br></div><div class="battle-history"><small>Pawniard fell for the taunt!</small><br></div><div class="spacer battle-history"><br></div><div class="battle-history">Pawniard can't use Swords Dance after the taunt!<br></div><div class="spacer battle-history"><br></div><h2 class="battle-history">Turn 5</h2><div class="spacer battle-history"><br></div><div class="battle-history">The opposing ur Dad used <strong>Toxic Spikes</strong>!<br></div><div class="battle-history"><small>Poison spikes were scattered on the ground all around your team!</small><br></div><div class="spacer battle-history"><br></div><div class="battle-history">Pawniard used <strong>Knock Off</strong>!<br></div><div class="battle-history"><small>(The opposing ur Dad lost <abbr title="−41/314">13.1%</abbr> of its health!)</small><br></div><div class="battle-history"><small>Pawniard knocked off the opposing ur Dad's Focus Sash!</small><br></div><div class="spacer battle-history"><br></div><div class="battle-history">The opposing ur Dad fainted!<br></div><div class="spacer battle-history"><br></div><div class="battle-history">Alolan's_Butt sent out <strong>Lunatone</strong>!<br></div><div class="battle-history"><small>Pointed stones dug into the opposing Lunatone!</small><br></div><div class="spacer battle-history"><br></div><h2 class="battle-history">Turn 6</h2><div class="spacer battle-history"><br></div><div class="battle-history">The opposing Lunatone used <strong>Calm Mind</strong>!<br></div><div class="battle-history"><small>The opposing Lunatone's Special Attack rose!</small><br></div><div class="battle-history"><small>The opposing Lunatone's Special Defense rose!</small><br></div><div class="spacer battle-history"><br></div><div class="battle-history">Pawniard used <strong>Knock Off</strong>!<br></div><div class="battle-history"><small>It's super effective!</small><br></div><div class="battle-history"><small>(The opposing Lunatone lost <abbr title="−246/281">87.5%</abbr> of its health!)</small><br></div><div class="battle-history"><small>Pawniard knocked off the opposing Lunatone's Focus Sash!</small><br></div><div class="spacer battle-history"><br></div><div class="battle-history">The opposing Lunatone fainted!<br></div><div class="spacer battle-history"><br></div><div class="battle-history"><small>Pawniard's taunt wore off!</small><br></div><div class="spacer battle-history"><br></div><div class="battle-history">Alolan's_Butt sent out ProstiDude (<strong>Misdreavus</strong>)!<br></div><div class="battle-history"><small>Pointed stones dug into the opposing ProstiDude!</small><br></div><div class="spacer battle-history"><br></div><h2 class="battle-history">Turn 7</h2><div class="spacer battle-history"><br></div><div class="battle-history">The opposing ProstiDude used <strong>Nasty Plot</strong>!<br></div><div class="battle-history"><small>The opposing ProstiDude's Special Attack rose sharply!</small><br></div><div class="spacer battle-history"><br></div><div class="battle-history">Pawniard used <strong>Swords Dance</strong>!<br></div><div class="battle-history"><small>Pawniard's Attack rose sharply!</small><br></div><div class="spacer battle-history"><br></div><h2 class="battle-history">Turn 8</h2><div class="spacer battle-history"><br></div><div class="battle-history">Pawniard used <strong>Sucker Punch</strong>!<br></div><div class="battle-history"><small>But it failed!</small><br></div><div class="spacer battle-history"><br></div><div class="battle-history">The opposing ProstiDude used <strong>Will-O-Wisp</strong>!<br></div><div class="battle-history"><small>Pawniard was burned!</small><br></div><div class="spacer battle-history"><br></div><div class="battle-history"><small>Pawniard was hurt by its burn!</small><br></div><div class="spacer battle-history"><br></div><h2 class="battle-history">Turn 9</h2><div class="spacer battle-history"><br></div><div class="battle-history">The opposing ProstiDude used <strong>Shadow Ball</strong>!<br></div><div class="battle-history"><small>It's not very effective...</small><br></div><div class="battle-history"><small>(Pawniard lost <abbr title="−129/231">55.8%</abbr> of its health!)</small><br></div><div class="spacer battle-history"><br></div><div class="battle-history">Pawniard used <strong>Knock Off</strong>!<br></div><div class="battle-history"><small>It's super effective!</small><br></div><div class="battle-history"><small>(The opposing ProstiDude lost <abbr title="−284/324">87.7%</abbr> of its health!)</small><br></div><div class="battle-history"><small>Pawniard knocked off the opposing ProstiDude's Eviolite!</small><br></div><div class="spacer battle-history"><br></div><div class="battle-history">The opposing ProstiDude fainted!<br></div><div class="spacer battle-history"><br></div><div class="battle-history"><small>Pawniard was hurt by its burn!</small><br></div><div class="spacer battle-history"><br></div><div class="battle-history">Alolan's_Butt sent out <strong>Lopunny</strong>!<br></div><div class="battle-history"><small>Pointed stones dug into the opposing Lopunny!</small><br></div><div class="spacer battle-history"><br></div><h2 class="battle-history">Turn 10</h2><div class="spacer battle-history"><br></div><div class="battle-history">The opposing Lopunny used <strong>Cosmic Power</strong>!<br></div><div class="battle-history"><small>The opposing Lopunny's Defense rose!</small><br></div><div class="battle-history"><small>The opposing Lopunny's Special Defense rose!</small><br></div><div class="spacer battle-history"><br></div><div class="battle-history">Pawniard used <strong>Knock Off</strong>!<br></div><div class="battle-history"><small>(The opposing Lopunny lost <abbr title="−168/334">50.3%</abbr> of its health!)</small><br></div><div class="battle-history"><small>Pawniard knocked off the opposing Lopunny's Sitrus Berry!</small><br></div><div class="spacer battle-history"><br></div><div class="battle-history"><small>Pawniard was hurt by its burn!</small><br></div><div class="spacer battle-history"><br></div><h2 class="battle-history">Turn 11</h2><div class="spacer battle-history"><br></div><div class="battle-history">The opposing Lopunny used <strong>Cosmic Power</strong>!<br></div><div class="battle-history"><small>The opposing Lopunny's Defense rose!</small><br></div><div class="battle-history"><small>The opposing Lopunny's Special Defense rose!</small><br></div><div class="spacer battle-history"><br></div><div class="battle-history">Pawniard used <strong>Iron Head</strong>!<br></div><div class="battle-history"><small>(The opposing Lopunny lost <abbr title="−102/334">30.5%</abbr> of its health!)</small><br></div><div class="spacer battle-history"><br></div><div class="battle-history"><small>Pawniard was hurt by its burn!</small><br></div><div class="spacer battle-history"><br></div><div class="battle-history">Pawniard fainted!<br></div><div class="spacer battle-history"><br></div><div class="battle-history">Go! <strong>Vullaby</strong>!<br></div><div class="battle-history"><small>Pointed stones dug into Vullaby!</small><br></div><div class="spacer battle-history"><br></div><h2 class="battle-history">Turn 12</h2><div class="spacer battle-history"><br></div><div class="battle-history">The opposing Lopunny used <strong>Cosmic Power</strong>!<br></div><div class="battle-history"><small>The opposing Lopunny's Defense rose!</small><br></div><div class="battle-history"><small>The opposing Lopunny's Special Defense rose!</small><br></div><div class="spacer battle-history"><br></div><div class="battle-history">Vullaby used <strong>Defog</strong>!<br></div><div class="battle-history"><small>The opposing Lopunny's evasiveness fell!</small><br></div><div class="battle-history"><small>The pointed stones disappeared from around the opposing team!</small><br></div><div class="battle-history"><small>The poison spikes disappeared from the ground around your team!</small><br></div><div class="battle-history"><small>The pointed stones disappeared from around your team!</small><br></div><div class="battle-history"><small>The sticky web has disappeared from the ground around your team!</small><br></div><div class="spacer battle-history"><br></div><h2 class="battle-history">Turn 13</h2><div class="spacer battle-history"><br></div><div class="battle-history">Vullaby, come back!<br></div><div class="battle-history">Go! <strong>Dusknoir</strong>!<br></div><div class="spacer battle-history"><br></div><div class="battle-history">The opposing Lopunny used <strong>Baton Pass</strong>!<br></div><div class="spacer battle-history"><br></div><div class="battle-history">Alolan's_Butt sent out <strong>Audino</strong>!<br></div><div class="spacer battle-history"><br></div><h2 class="battle-history">Turn 14</h2><div class="spacer battle-history"><br></div><div class="battle-history">The opposing Audino used <strong>Calm Mind</strong>!<br></div><div class="battle-history"><small>The opposing Audino's Special Attack rose!</small><br></div><div class="battle-history"><small>The opposing Audino's Special Defense rose!</small><br></div><div class="spacer battle-history"><br></div><div class="battle-history">Dusknoir used <strong>Trick</strong>!<br></div><div class="battle-history"><small>Dusknoir switched items with its target!</small><br></div><div class="battle-history"><small>The opposing Audino obtained one Choice Band.</small><br></div><div class="battle-history"><small>Dusknoir obtained one Choice Band.</small><br></div><div class="spacer battle-history"><br></div><h2 class="battle-history">Turn 15</h2><div class="spacer battle-history"><br></div><div class="battle-history">Dusknoir, come back!<br></div><div class="battle-history">Go! <strong>Seaking</strong>!<br></div><div class="spacer battle-history"><br></div><div class="battle-history">The opposing Audino used <strong>Fire Blast</strong>!<br></div><div class="battle-history"><small>It's not very effective...</small><br></div><div class="battle-history"><small>(Seaking lost <abbr title="−72/364">19.8%</abbr> of its health!)</small><br></div><div class="spacer battle-history"><br></div><div class="battle-history"><small>Seaking restored a little HP using its Leftovers!</small><br></div><div class="spacer battle-history"><br></div><h2 class="battle-history">Turn 16</h2><div class="spacer battle-history"><br></div><div class="battle-history">Seaking used <strong>Protect</strong>!<br></div><div class="battle-history"><small>Seaking protected itself!</small><br></div><div class="spacer battle-history"><br></div><div class="battle-history">The opposing Audino used <strong>Hyper Voice</strong>!<br></div><div class="battle-history"><small>Seaking protected itself!</small><br></div><div class="spacer battle-history"><br></div><div class="battle-history"><small>Seaking restored a little HP using its Leftovers!</small><br></div><div class="spacer battle-history"><br></div><h2 class="battle-history">Turn 17</h2><div class="spacer battle-history"><br></div><div class="battle-history">Seaking used <strong>Scald</strong>!<br></div><div class="battle-history"><small>(The opposing Audino lost <abbr title="−22/347">6.3%</abbr> of its health!)</small><br></div><div class="battle-history"><small>The opposing Audino was burned!</small><br></div><div class="spacer battle-history"><br></div><div class="battle-history">The opposing Audino used <strong>Hyper Voice</strong>!<br></div><div class="battle-history"><small>A critical hit!</small><br></div><div class="battle-history"><small>(Seaking lost <abbr title="−270/364">74.2%</abbr> of its health!)</small><br></div><div class="spacer battle-history"><br></div><div class="battle-history"><small>Seaking restored a little HP using its Leftovers!</small><br></div><div class="battle-history"><small>The opposing Audino was hurt by its burn!</small><br></div><div class="spacer battle-history"><br></div><h2 class="battle-history">Turn 18</h2><div class="spacer battle-history"><br></div><div class="battle-history">Seaking used <strong>Megahorn</strong>!<br></div><div class="battle-history"><small>(The opposing Audino lost <abbr title="−37/347">10.7%</abbr> of its health!)</small><br></div><div class="spacer battle-history"><br></div><div class="battle-history">The opposing Audino used <strong>Calm Mind</strong>!<br></div><div class="battle-history"><small>The opposing Audino's Special Attack rose!</small><br></div><div class="battle-history"><small>The opposing Audino's Special Defense rose!</small><br></div><div class="spacer battle-history"><br></div><div class="battle-history"><small>Seaking restored a little HP using its Leftovers!</small><br></div><div class="battle-history"><small>The opposing Audino was hurt by its burn!</small><br></div><div class="spacer battle-history"><br></div><h2 class="battle-history">Turn 19</h2><div class="spacer battle-history"><br></div><div class="battle-history">Seaking used <strong>Megahorn</strong>!<br></div><div class="battle-history"><small>(The opposing Audino lost <abbr title="−44/347">12.7%</abbr> of its health!)</small><br></div><div class="spacer battle-history"><br></div><div class="battle-history">The opposing Audino used <strong>Hyper Voice</strong>!<br></div><div class="battle-history"><small>(Seaking lost <abbr title="−110/364">30.2%</abbr> of its health!)</small><br></div><div class="spacer battle-history"><br></div><div class="battle-history">Seaking fainted!<br></div><div class="spacer battle-history"><br></div><div class="battle-history"><small>The opposing Audino was hurt by its burn!</small><br></div><div class="spacer battle-history"><br></div><div class="battle-history">Go! <strong>Vullaby</strong>!<br></div><div class="spacer battle-history"><br></div><h2 class="battle-history">Turn 20</h2><div class="spacer battle-history"><br></div><div class="battle-history">Vullaby used <strong>U-turn</strong>!<br></div><div class="battle-history"><small>(The opposing Audino lost <abbr title="−15/347">4.3%</abbr> of its health!)</small><br></div><div class="spacer battle-history"><br></div><div class="battle-history">Vullaby went back to lcezasfuck!<br></div><div class="battle-history">Go! <strong>Probopass</strong>!<br></div><div class="spacer battle-history"><br></div><div class="battle-history">The opposing Audino used <strong>Hyper Voice</strong>!<br></div><div class="battle-history"><small>It's not very effective...</small><br></div><div class="battle-history"><small>A critical hit!</small><br></div><div class="battle-history"><small>(Probopass lost <abbr title="−42/324">13.0%</abbr> of its health!)</small><br></div><div class="spacer battle-history"><br></div><div class="battle-history"><small>Probopass restored a little HP using its Leftovers!</small><br></div><div class="battle-history"><small>The opposing Audino was hurt by its burn!</small><br></div><div class="spacer battle-history"><br></div><h2 class="battle-history">Turn 21</h2><div class="spacer battle-history"><br></div><div class="battle-history">The opposing Audino used <strong>Rest</strong>!<br></div><div class="battle-history"><small>The opposing Audino fell asleep!</small><br></div><div class="battle-history"><small>The opposing Audino slept and became healthy!</small><br></div><div class="spacer battle-history"><br></div><div class="battle-history">Probopass used <strong>Stealth Rock</strong>!<br></div><div class="battle-history"><small>Pointed stones float in the air around the opposing team!</small><br></div><div class="spacer battle-history"><br></div><div class="battle-history"><small>Probopass restored a little HP using its Leftovers!</small><br></div><div class="spacer battle-history"><br></div><h2 class="battle-history">Turn 22</h2><div class="spacer battle-history"><br></div><div class="battle-history">The opposing Audino is fast asleep.<br></div><div class="spacer battle-history"><br></div><div class="battle-history">Probopass used <strong>Volt Switch</strong>!<br></div><div class="battle-history"><small>(The opposing Audino lost <abbr title="−13/347">3.7%</abbr> of its health!)</small><br></div><div class="spacer battle-history"><br></div><div class="battle-history">Probopass went back to lcezasfuck!<br></div><div class="battle-history">Go! <strong>Kadabra</strong>!<br></div><div class="spacer battle-history"><br></div><h2 class="battle-history">Turn 23</h2><div class="spacer battle-history"><br></div><div class="battle-history">Kadabra used <strong>Encore</strong>!<br></div><div class="battle-history"><small>The opposing Audino received an encore!</small><br></div><div class="spacer battle-history"><br></div><div class="battle-history">The opposing Audino is fast asleep.<br></div><div class="spacer battle-history"><br></div><h2 class="battle-history">Turn 24</h2><div class="spacer battle-history"><br></div><div class="battle-history">Kadabra used <strong>Psychic</strong>!<br></div><div class="battle-history"><small>(The opposing Audino lost <abbr title="−43/347">12.4%</abbr> of its health!)</small><br></div><div class="battle-history"><small>The opposing Audino woke up!</small><br></div><div class="spacer battle-history"><br></div><div class="battle-history">The opposing Audino used <strong>Rest</strong>!<br></div><div class="battle-history"><small>The opposing Audino fell asleep!</small><br></div><div class="battle-history"><small>The opposing Audino slept and became healthy!</small><br></div><div class="spacer battle-history"><br></div><h2 class="battle-history">Turn 25</h2><div class="spacer battle-history"><br></div><div class="battle-history">Kadabra, come back!<br></div><div class="battle-history">Go! <strong>Probopass</strong>!<br></div><div class="spacer battle-history"><br></div><div class="battle-history">The opposing Audino is fast asleep.<br></div><div class="spacer battle-history"><br></div><div class="battle-history"><small>Probopass restored a little HP using its Leftovers!</small><br></div><div class="battle-history"><small>The opposing Audino's encore ended!</small><br></div><div class="spacer battle-history"><br></div><h2 class="battle-history">Turn 26</h2><div class="spacer battle-history"><br></div><div class="battle-history">The opposing Audino is fast asleep.<br></div><div class="spacer battle-history"><br></div><div class="battle-history">Probopass used <strong>Volt Switch</strong>!<br></div><div class="battle-history"><small>(The opposing Audino lost <abbr title="−14/347">4.0%</abbr> of its health!)</small><br></div><div class="spacer battle-history"><br></div><div class="battle-history">Probopass went back to lcezasfuck!<br></div><div class="battle-history">Go! <strong>Kadabra</strong>!<br></div><div class="spacer battle-history"><br></div><h2 class="battle-history">Turn 27</h2><div class="spacer battle-history"><br></div><div class="battle-history">Kadabra used <strong>Encore</strong>!<br></div><div class="battle-history"><small>The opposing Audino received an encore!</small><br></div><div class="battle-history"><small>The opposing Audino woke up!</small><br></div><div class="spacer battle-history"><br></div><div class="battle-history">The opposing Audino used <strong>Rest</strong>!<br></div><div class="battle-history"><small>The opposing Audino fell asleep!</small><br></div><div class="battle-history"><small>The opposing Audino slept and became healthy!</small><br></div><div class="spacer battle-history"><br></div><h2 class="battle-history">Turn 28</h2><div class="spacer battle-history"><br></div><div class="battle-history">Kadabra, come back!<br></div><div class="battle-history">Go! <strong>Vullaby</strong>!<br></div><div class="spacer battle-history"><br></div><div class="battle-history">The opposing Audino is fast asleep.<br></div><div class="spacer battle-history"><br></div><h2 class="battle-history">Turn 29</h2><div class="spacer battle-history"><br></div><div class="battle-history">Vullaby used <strong>U-turn</strong>!<br></div><div class="battle-history"><small>(The opposing Audino lost <abbr title="−17/347">4.9%</abbr> of its health!)</small><br></div><div class="spacer battle-history"><br></div><div class="battle-history">Vullaby went back to lcezasfuck!<br></div><div class="battle-history">Go! <strong>Kadabra</strong>!<br></div><div class="spacer battle-history"><br></div><div class="battle-history">The opposing Audino is fast asleep.<br></div><div class="spacer battle-history"><br></div><div class="battle-history"><small>The opposing Audino's encore ended!</small><br></div><div class="spacer battle-history"><br></div><h2 class="battle-history">Turn 30</h2><div class="spacer battle-history"><br></div><div class="battle-history">Kadabra used <strong>Encore</strong>!<br></div><div class="battle-history"><small>The opposing Audino received an encore!</small><br></div><div class="battle-history"><small>The opposing Audino woke up!</small><br></div><div class="spacer battle-history"><br></div><div class="battle-history">The opposing Audino used <strong>Rest</strong>!<br></div><div class="battle-history"><small>The opposing Audino fell asleep!</small><br></div><div class="battle-history"><small>The opposing Audino slept and became healthy!</small><br></div><div class="spacer battle-history"><br></div><h2 class="battle-history">Turn 31</h2><div class="chat message-error">Battle timer is ON: inactive players will automatically lose when time's up. (requested by Alolan's_Butt)</div><div class="spacer battle-history"><br></div><div class="battle-history">Kadabra used <strong>Psychic</strong>!<br></div><div class="battle-history"><small>A critical hit!</small><br></div><div class="battle-history"><small>(The opposing Audino lost <abbr title="−241/347">69.5%</abbr> of its health!)</small><br></div><div class="spacer battle-history"><br></div><div class="battle-history">The opposing Audino is fast asleep.<br></div><div class="spacer battle-history"><br></div><h2 class="battle-history">Turn 32</h2><div class="spacer battle-history"><br></div><div class="battle-history">Kadabra used <strong>Psychic</strong>!<br></div><div class="battle-history"><small>(The opposing Audino lost <abbr title="−40/347">11.5%</abbr> of its health!)</small><br></div><div class="spacer battle-history"><br></div><div class="battle-history">The opposing Audino is fast asleep.<br></div><div class="spacer battle-history"><br></div><div class="battle-history"><small>The opposing Audino's encore ended!</small><br></div><div class="spacer battle-history"><br></div><h2 class="battle-history">Turn 33</h2><div class="spacer battle-history"><br></div><div class="battle-history">Kadabra used <strong>Psychic</strong>!<br></div><div class="battle-history"><small>(The opposing Audino lost <abbr title="−42/347">12.1%</abbr> of its health!)</small><br></div><div class="battle-history"><small>The opposing Audino woke up!</small><br></div><div class="spacer battle-history"><br></div><div class="battle-history">The opposing Audino used <strong>Rest</strong>!<br></div><div class="battle-history"><small>The opposing Audino fell asleep!</small><br></div><div class="battle-history"><small>The opposing Audino slept and became healthy!</small><br></div><div class="spacer battle-history"><br></div><h2 class="battle-history">Turn 34</h2><div class="spacer battle-history"><br></div><div class="battle-history">Kadabra used <strong>Psychic</strong>!<br></div><div class="battle-history"><small>(The opposing Audino lost <abbr title="−43/347">12.4%</abbr> of its health!)</small><br></div><div class="spacer battle-history"><br></div><div class="battle-history">The opposing Audino is fast asleep.<br></div><div class="spacer battle-history"><br></div><h2 class="battle-history">Turn 35</h2><div class="spacer battle-history"><br></div><div class="battle-history">Kadabra used <strong>Psychic</strong>!<br></div><div class="battle-history"><small>(The opposing Audino lost <abbr title="−42/347">12.1%</abbr> of its health!)</small><br></div><div class="spacer battle-history"><br></div><div class="battle-history">The opposing Audino is fast asleep.<br></div><div class="spacer battle-history"><br></div><h2 class="battle-history">Turn 36</h2><div class="spacer battle-history"><br></div><div class="battle-history">Kadabra used <strong>Encore</strong>!<br></div><div class="battle-history"><small>The opposing Audino received an encore!</small><br></div><div class="battle-history"><small>The opposing Audino woke up!</small><br></div><div class="spacer battle-history"><br></div><div class="battle-history">The opposing Audino used <strong>Rest</strong>!<br></div><div class="battle-history"><small>The opposing Audino fell asleep!</small><br></div><div class="battle-history"><small>The opposing Audino slept and became healthy!</small><br></div><div class="spacer battle-history"><br></div><h2 class="battle-history">Turn 37</h2><div class="spacer battle-history"><br></div><div class="battle-history">Kadabra used <strong>Shadow Ball</strong>!<br></div><div class="battle-history"><small>It doesn't affect the opposing Audino...</small><br></div><div class="spacer battle-history"><br></div><div class="battle-history">The opposing Audino is fast asleep.<br></div><div class="spacer battle-history"><br></div><h2 class="battle-history">Turn 38</h2><div class="spacer battle-history"><br></div><div class="battle-history">Kadabra used <strong>Shadow Ball</strong>!<br></div><div class="battle-history"><small>It doesn't affect the opposing Audino...</small><br></div><div class="spacer battle-history"><br></div><div class="battle-history">The opposing Audino is fast asleep.<br></div><div class="spacer battle-history"><br></div><div class="battle-history"><small>The opposing Audino's encore ended!</small><br></div><div class="spacer battle-history"><br></div><h2 class="battle-history">Turn 39</h2><div class="spacer battle-history"><br></div><div class="battle-history">Kadabra used <strong>Encore</strong>!<br></div><div class="battle-history"><small>The opposing Audino received an encore!</small><br></div><div class="battle-history"><small>The opposing Audino woke up!</small><br></div><div class="spacer battle-history"><br></div><div class="battle-history">The opposing Audino used <strong>Rest</strong>!<br></div><div class="battle-history"><small>But it failed!</small><br></div><div class="spacer battle-history"><br></div><h2 class="battle-history">Turn 40</h2><div class="spacer battle-history"><br></div><div class="battle-history">Kadabra, come back!<br></div><div class="battle-history">Go! <strong>Probopass</strong>!<br></div><div class="spacer battle-history"><br></div><div class="battle-history">The opposing Audino used <strong>Rest</strong>!<br></div><div class="battle-history"><small>But it failed!</small><br></div><div class="spacer battle-history"><br></div><h2 class="battle-history">Turn 41</h2><div class="spacer battle-history"><br></div><div class="battle-history">The opposing Audino used <strong>Rest</strong>!<br></div><div class="battle-history"><small>But it failed!</small><br></div><div class="spacer battle-history"><br></div><div class="battle-history">Probopass used <strong>Toxic</strong>!<br></div><div class="battle-history"><small>The opposing Audino was badly poisoned!</small><br></div><div class="spacer battle-history"><br></div><div class="battle-history"><small>The opposing Audino was hurt by poison!</small><br></div><div class="battle-history"><small>The opposing Audino's encore ended!</small><br></div><div class="spacer battle-history"><br></div><h2 class="battle-history">Turn 42</h2><div class="spacer battle-history"><br></div><div class="battle-history">The opposing Audino used <strong>Fire Blast</strong>!<br></div><div class="battle-history"><small>(Probopass lost <abbr title="−95/324">29.3%</abbr> of its health!)</small><br></div><div class="spacer battle-history"><br></div><div class="battle-history">Probopass used <strong>Flash Cannon</strong>!<br></div><div class="battle-history"><small>(The opposing Audino lost <abbr title="−22/347">6.3%</abbr> of its health!)</small><br></div><div class="battle-history"><small>The opposing Audino's Special Defense fell!</small><br></div><div class="spacer battle-history"><br></div><div class="battle-history"><small>Probopass restored a little HP using its Leftovers!</small><br></div><div class="battle-history"><small>The opposing Audino was hurt by poison!</small><br></div><div class="spacer battle-history"><br></div><h2 class="battle-history">Turn 43</h2><div class="spacer battle-history"><br></div><div class="battle-history">The opposing Audino used <strong>Rest</strong>!<br></div><div class="battle-history"><small>The opposing Audino fell asleep!</small><br></div><div class="battle-history"><small>The opposing Audino slept and became healthy!</small><br></div><div class="spacer battle-history"><br></div><div class="battle-history">Probopass used <strong>Volt Switch</strong>!<br></div><div class="battle-history"><small>(The opposing Audino lost <abbr title="−17/347">4.9%</abbr> of its health!)</small><br></div><div class="spacer battle-history"><br></div><div class="battle-history">Probopass went back to lcezasfuck!<br></div><div class="battle-history">Go! <strong>Vullaby</strong>!<br></div><div class="spacer battle-history"><br></div><h2 class="battle-history">Turn 44</h2><div class="spacer battle-history"><br></div><div class="battle-history">Vullaby used <strong>U-turn</strong>!<br></div><div class="battle-history"><small>(The opposing Audino lost <abbr title="−17/347">4.9%</abbr> of its health!)</small><br></div><div class="spacer battle-history"><br></div><div class="battle-history">Vullaby went back to lcezasfuck!<br></div><div class="battle-history">Go! <strong>Dusknoir</strong>!<br></div><div class="battle-history"><small>[Dusknoir's Frisk]</small><br><small>Dusknoir frisked the opposing Audino and found its Choice Band!</small><br></div><div class="spacer battle-history"><br></div><div class="battle-history">The opposing Audino is fast asleep.<br></div><div class="spacer battle-history"><br></div><h2 class="battle-history">Turn 45</h2><div class="spacer battle-history"><br></div><div class="battle-history">The opposing Audino is fast asleep.<br></div><div class="spacer battle-history"><br></div><div class="battle-history">Dusknoir used <strong>Thunder Punch</strong>!<br></div><div class="battle-history"><small>(The opposing Audino lost <abbr title="−58/347">16.7%</abbr> of its health!)</small><br></div><div class="spacer battle-history"><br></div><h2 class="battle-history">Turn 46</h2><div class="spacer battle-history"><br></div><div class="battle-history">Dusknoir, come back!<br></div><div class="battle-history">Go! <strong>Kadabra</strong>!<br></div><div class="battle-history"><small>The opposing Audino woke up!</small><br></div><div class="spacer battle-history"><br></div><div class="battle-history">The opposing Audino used <strong>Fire Blast</strong>!<br></div><div class="battle-history"><small>Kadabra avoided the attack!</small><br></div><div class="spacer battle-history"><br></div><h2 class="battle-history">Turn 47</h2><div class="spacer battle-history"><br></div><div class="battle-history">Kadabra, come back!<br></div><div class="battle-history">Go! <strong>Dusknoir</strong>!<br></div><div class="battle-history"><small>[Dusknoir's Frisk]</small><br><small>Dusknoir frisked the opposing Audino and found its Choice Band!</small><br></div><div class="spacer battle-history"><br></div><div class="battle-history">The opposing Audino used <strong>Fire Blast</strong>!<br></div><div class="battle-history"><small>(Dusknoir lost <abbr title="−141/294">48.0%</abbr> of its health!)</small><br></div><div class="spacer battle-history"><br></div><h2 class="battle-history">Turn 48</h2><div class="spacer battle-history"><br></div><div class="battle-history">The opposing Audino used <strong>Fire Blast</strong>!<br></div><div class="battle-history"><small>(Dusknoir lost <abbr title="−138/294">46.9%</abbr> of its health!)</small><br></div><div class="spacer battle-history"><br></div><div class="battle-history">Dusknoir used <strong>Earthquake</strong>!<br></div><div class="battle-history"><small>(The opposing Audino lost <abbr title="−71/347">20.5%</abbr> of its health!)</small><br></div><div class="spacer battle-history"><br></div><h2 class="battle-history">Turn 49</h2><div class="spacer battle-history"><br></div><div class="battle-history">Dusknoir, come back!<br></div><div class="battle-history">Go! <strong>Vullaby</strong>!<br></div><div class="spacer battle-history"><br></div><div class="battle-history">The opposing Audino used <strong>Fire Blast</strong>!<br></div><div class="battle-history"><small>(Vullaby lost <abbr title="−158/343">46.1%</abbr> of its health!)</small><br></div><div class="spacer battle-history"><br></div><h2 class="battle-history">Turn 50</h2><div class="spacer battle-history"><br></div><div class="battle-history">Vullaby, come back!<br></div><div class="battle-history">Go! <strong>Dusknoir</strong>!<br></div><div class="battle-history"><small>[Dusknoir's Frisk]</small><br><small>Dusknoir frisked the opposing Audino and found its Choice Band!</small><br></div><div class="spacer battle-history"><br></div><div class="battle-history">The opposing Audino used <strong>Rest</strong>!<br></div><div class="battle-history"><small>The opposing Audino fell asleep!</small><br></div><div class="battle-history"><small>The opposing Audino slept and became healthy!</small><br></div><div class="spacer battle-history"><br></div><h2 class="battle-history">Turn 51</h2><div class="spacer battle-history"><br></div><div class="battle-history">The opposing Audino is fast asleep.<br></div><div class="spacer battle-history"><br></div><div class="battle-history">Dusknoir used <strong>Earthquake</strong>!<br></div><div class="battle-history"><small>(The opposing Audino lost <abbr title="−77/347">22.2%</abbr> of its health!)</small><br></div><div class="spacer battle-history"><br></div><h2 class="battle-history">Turn 52</h2><div class="spacer battle-history"><br></div><div class="battle-history">The opposing Audino is fast asleep.<br></div><div class="spacer battle-history"><br></div><div class="battle-history">Dusknoir used <strong>Earthquake</strong>!<br></div><div class="battle-history"><small>(The opposing Audino lost <abbr title="−75/347">21.6%</abbr> of its health!)</small><br></div><div class="spacer battle-history"><br></div><h2 class="battle-history">Turn 53</h2><div class="spacer battle-history"><br></div><div class="battle-history">Dusknoir, come back!<br></div><div class="battle-history">Go! <strong>Vullaby</strong>!<br></div><div class="battle-history"><small>The opposing Audino woke up!</small><br></div><div class="spacer battle-history"><br></div><div class="battle-history">The opposing Audino used <strong>Calm Mind</strong>!<br></div><div class="battle-history"><small>The opposing Audino's Special Attack rose!</small><br></div><div class="battle-history"><small>The opposing Audino's Special Defense rose!</small><br></div><div class="spacer battle-history"><br></div><h2 class="battle-history">Turn 54</h2><div class="spacer battle-history"><br></div><div class="battle-history">Vullaby, come back!<br></div><div class="battle-history">Go! <strong>Dusknoir</strong>!<br></div><div class="battle-history"><small>[Dusknoir's Frisk]</small><br><small>Dusknoir frisked the opposing Audino and found its Choice Band!</small><br></div><div class="spacer battle-history"><br></div><div class="battle-history">The opposing Audino used <strong>Fire Blast</strong>!<br></div><div class="battle-history"><small>(Dusknoir lost <abbr title="−15/294">5.1%</abbr> of its health!)</small><br></div><div class="spacer battle-history"><br></div><div class="battle-history">Dusknoir fainted!<br></div><div class="spacer battle-history"><br></div><div class="battle-history">Go! <strong>Probopass</strong>!<br></div><div class="spacer battle-history"><br></div><h2 class="battle-history">Turn 55</h2><div class="spacer battle-history"><br></div><div class="battle-history">The opposing Audino used <strong>Fire Blast</strong>!<br></div><div class="battle-history"><small>(Probopass lost <abbr title="−115/324">35.5%</abbr> of its health!)</small><br></div><div class="spacer battle-history"><br></div><div class="battle-history">Probopass used <strong>Toxic</strong>!<br></div><div class="battle-history"><small>The opposing Audino was badly poisoned!</small><br></div><div class="spacer battle-history"><br></div><div class="battle-history"><small>Probopass restored a little HP using its Leftovers!</small><br></div><div class="battle-history"><small>The opposing Audino was hurt by poison!</small><br></div><div class="spacer battle-history"><br></div><h2 class="battle-history">Turn 56</h2><div class="spacer battle-history"><br></div><div class="battle-history">The opposing Audino used <strong>Rest</strong>!<br></div><div class="battle-history"><small>The opposing Audino fell asleep!</small><br></div><div class="battle-history"><small>The opposing Audino slept and became healthy!</small><br></div><div class="spacer battle-history"><br></div><div class="battle-history">Probopass used <strong>Flash Cannon</strong>!<br></div><div class="battle-history"><small>(The opposing Audino lost <abbr title="−22/347">6.3%</abbr> of its health!)</small><br></div><div class="spacer battle-history"><br></div><div class="battle-history"><small>Probopass restored a little HP using its Leftovers!</small><br></div><div class="spacer battle-history"><br></div><h2 class="battle-history">Turn 57</h2><div class="spacer battle-history"><br></div><div class="battle-history">The opposing Audino is fast asleep.<br></div><div class="spacer battle-history"><br></div><div class="battle-history">Probopass used <strong>Flash Cannon</strong>!<br></div><div class="battle-history"><small>(The opposing Audino lost <abbr title="−24/347">6.9%</abbr> of its health!)</small><br></div><div class="spacer battle-history"><br></div><div class="battle-history"><small>Probopass restored a little HP using its Leftovers!</small><br></div><div class="spacer battle-history"><br></div><h2 class="battle-history">Turn 58</h2><div class="spacer battle-history"><br></div><div class="battle-history">The opposing Audino is fast asleep.<br></div><div class="spacer battle-history"><br></div><div class="battle-history">Probopass used <strong>Volt Switch</strong>!<br></div><div class="battle-history"><small>(The opposing Audino lost <abbr title="−13/347">3.7%</abbr> of its health!)</small><br></div><div class="spacer battle-history"><br></div><div class="battle-history">Probopass went back to lcezasfuck!<br></div><div class="battle-history">Go! <strong>Kadabra</strong>!<br></div><div class="spacer battle-history"><br></div><h2 class="battle-history">Turn 59</h2><div class="spacer battle-history"><br></div><div class="battle-history">Kadabra used <strong>Encore</strong>!<br></div><div class="battle-history"><small>The opposing Audino received an encore!</small><br></div><div class="battle-history"><small>The opposing Audino woke up!</small><br></div><div class="spacer battle-history"><br></div><div class="battle-history">The opposing Audino used <strong>Rest</strong>!<br></div><div class="battle-history"><small>The opposing Audino fell asleep!</small><br></div><div class="battle-history"><small>The opposing Audino slept and became healthy!</small><br></div><div class="spacer battle-history"><br></div><h2 class="battle-history">Turn 60</h2><div class="spacer battle-history"><br></div><div class="battle-history">Kadabra, come back!<br></div><div class="battle-history">Go! <strong>Probopass</strong>!<br></div><div class="spacer battle-history"><br></div><div class="battle-history">The opposing Audino is fast asleep.<br></div><div class="spacer battle-history"><br></div><div class="battle-history"><small>Probopass restored a little HP using its Leftovers!</small><br></div><div class="spacer battle-history"><br></div><h2 class="battle-history">Turn 61</h2><div class="spacer battle-history"><br></div><div class="battle-history">The opposing Audino is fast asleep.<br></div><div class="spacer battle-history"><br></div><div class="battle-history">Probopass used <strong>Flash Cannon</strong>!<br></div><div class="battle-history"><small>(The opposing Audino lost <abbr title="−24/347">6.9%</abbr> of its health!)</small><br></div><div class="spacer battle-history"><br></div><div class="battle-history"><small>Probopass restored a little HP using its Leftovers!</small><br></div><div class="battle-history"><small>The opposing Audino's encore ended!</small><br></div><div class="spacer battle-history"><br></div><h2 class="battle-history">Turn 62</h2><div class="spacer battle-history"><br></div><div class="battle-history"><small>The opposing Audino woke up!</small><br></div><div class="spacer battle-history"><br></div><div class="battle-history">The opposing Audino used <strong>Hyper Voice</strong>!<br></div><div class="battle-history"><small>It's not very effective...</small><br></div><div class="battle-history"><small>(Probopass lost <abbr title="−38/324">11.7%</abbr> of its health!)</small><br></div><div class="spacer battle-history"><br></div><div class="battle-history">Probopass used <strong>Toxic</strong>!<br></div><div class="battle-history"><small>The opposing Audino was badly poisoned!</small><br></div><div class="spacer battle-history"><br></div><div class="battle-history"><small>Probopass restored a little HP using its Leftovers!</small><br></div><div class="battle-history"><small>The opposing Audino was hurt by poison!</small><br></div><div class="spacer battle-history"><br></div><h2 class="battle-history">Turn 63</h2><div class="spacer battle-history"><br></div><div class="battle-history">The opposing Audino used <strong>Hyper Voice</strong>!<br></div><div class="battle-history"><small>It's not very effective...</small><br></div><div class="battle-history"><small>(Probopass lost <abbr title="−38/324">11.7%</abbr> of its health!)</small><br></div><div class="spacer battle-history"><br></div><div class="battle-history">Probopass used <strong>Volt Switch</strong>!<br></div><div class="battle-history"><small>A critical hit!</small><br></div><div class="battle-history"><small>(The opposing Audino lost <abbr title="−69/347">19.9%</abbr> of its health!)</small><br></div><div class="spacer battle-history"><br></div><div class="battle-history">Probopass went back to lcezasfuck!<br></div><div class="battle-history">Go! <strong>Vullaby</strong>!<br></div><div class="spacer battle-history"><br></div><div class="battle-history"><small>The opposing Audino was hurt by poison!</small><br></div><div class="spacer battle-history"><br></div><h2 class="battle-history">Turn 64</h2><div class="spacer battle-history"><br></div><div class="battle-history">Vullaby used <strong>U-turn</strong>!<br></div><div class="battle-history"><small>(The opposing Audino lost <abbr title="−18/347">5.2%</abbr> of its health!)</small><br></div><div class="spacer battle-history"><br></div><div class="battle-history">Vullaby went back to lcezasfuck!<br></div><div class="battle-history">Go! <strong>Probopass</strong>!<br></div><div class="spacer battle-history"><br></div><div class="battle-history">The opposing Audino used <strong>Hyper Voice</strong>!<br></div><div class="battle-history"><small>It's not very effective...</small><br></div><div class="battle-history"><small>(Probopass lost <abbr title="−36/324">11.1%</abbr> of its health!)</small><br></div><div class="spacer battle-history"><br></div><div class="battle-history"><small>Probopass restored a little HP using its Leftovers!</small><br></div><div class="battle-history"><small>The opposing Audino was hurt by poison!</small><br></div><div class="spacer battle-history"><br></div><h2 class="battle-history">Turn 65</h2><div class="spacer battle-history"><br></div><div class="battle-history">The opposing Audino used <strong>Rest</strong>!<br></div><div class="battle-history"><small>The opposing Audino fell asleep!</small><br></div><div class="battle-history"><small>The opposing Audino slept and became healthy!</small><br></div><div class="spacer battle-history"><br></div><div class="battle-history">Probopass used <strong>Flash Cannon</strong>!<br></div><div class="battle-history"><small>(The opposing Audino lost <abbr title="−24/347">6.9%</abbr> of its health!)</small><br></div><div class="battle-history"><small>The opposing Audino's Special Defense fell!</small><br></div><div class="spacer battle-history"><br></div><div class="battle-history"><small>Probopass restored a little HP using its Leftovers!</small><br></div><div class="spacer battle-history"><br></div><h2 class="battle-history">Turn 66</h2><div class="spacer battle-history"><br></div><div class="battle-history">The opposing Audino is fast asleep.<br></div><div class="spacer battle-history"><br></div><div class="battle-history">Probopass used <strong>Flash Cannon</strong>!<br></div><div class="battle-history"><small>(The opposing Audino lost <abbr title="−25/347">7.2%</abbr> of its health!)</small><br></div><div class="battle-history"><small>The opposing Audino's Special Defense fell!</small><br></div><div class="spacer battle-history"><br></div><div class="battle-history"><small>Probopass restored a little HP using its Leftovers!</small><br></div><div class="spacer battle-history"><br></div><h2 class="battle-history">Turn 67</h2><div class="spacer battle-history"><br></div><div class="battle-history">The opposing Audino is fast asleep.<br></div><div class="spacer battle-history"><br></div><div class="battle-history">Probopass used <strong>Volt Switch</strong>!<br></div><div class="battle-history"><small>(The opposing Audino lost <abbr title="−18/347">5.2%</abbr> of its health!)</small><br></div><div class="spacer battle-history"><br></div><div class="battle-history">Probopass went back to lcezasfuck!<br></div><div class="battle-history">Go! <strong>Kadabra</strong>!<br></div><div class="spacer battle-history"><br></div><h2 class="battle-history">Turn 68</h2><div class="spacer battle-history"><br></div><div class="battle-history">Kadabra used <strong>Encore</strong>!<br></div><div class="battle-history"><small>The opposing Audino received an encore!</small><br></div><div class="battle-history"><small>The opposing Audino woke up!</small><br></div><div class="spacer battle-history"><br></div><div class="battle-history">The opposing Audino used <strong>Rest</strong>!<br></div><div class="battle-history"><small>The opposing Audino fell asleep!</small><br></div><div class="battle-history"><small>The opposing Audino slept and became healthy!</small><br></div><div class="spacer battle-history"><br></div><h2 class="battle-history">Turn 69</h2><div class="spacer battle-history"><br></div><div class="battle-history">Kadabra, come back!<br></div><div class="battle-history">Go! <strong>Probopass</strong>!<br></div><div class="spacer battle-history"><br></div><div class="battle-history">The opposing Audino is fast asleep.<br></div><div class="spacer battle-history"><br></div><div class="battle-history"><small>Probopass restored a little HP using its Leftovers!</small><br></div><div class="spacer battle-history"><br></div><h2 class="battle-history">Turn 70</h2><div class="spacer battle-history"><br></div><div class="battle-history">The opposing Audino is fast asleep.<br></div><div class="spacer battle-history"><br></div><div class="battle-history">Probopass used <strong>Stealth Rock</strong>!<br></div><div class="battle-history"><small>But it failed!</small><br></div><div class="spacer battle-history"><br></div><div class="battle-history"><small>Probopass restored a little HP using its Leftovers!</small><br></div><div class="battle-history"><small>The opposing Audino's encore ended!</small><br></div><div class="spacer battle-history"><br></div><h2 class="battle-history">Turn 71</h2><div class="spacer battle-history"><br></div><div class="battle-history"><small>The opposing Audino woke up!</small><br></div><div class="spacer battle-history"><br></div><div class="battle-history">The opposing Audino used <strong>Calm Mind</strong>!<br></div><div class="battle-history"><small>The opposing Audino's Special Attack rose!</small><br></div><div class="battle-history"><small>The opposing Audino's Special Defense rose!</small><br></div><div class="spacer battle-history"><br></div><div class="battle-history">Probopass used <strong>Toxic</strong>!<br></div><div class="battle-history"><small>The opposing Audino was badly poisoned!</small><br></div><div class="spacer battle-history"><br></div><div class="battle-history"><small>Probopass restored a little HP using its Leftovers!</small><br></div><div class="battle-history"><small>The opposing Audino was hurt by poison!</small><br></div><div class="spacer battle-history"><br></div><h2 class="battle-history">Turn 72</h2><div class="spacer battle-history"><br></div><div class="battle-history">The opposing Audino used <strong>Calm Mind</strong>!<br></div><div class="battle-history"><small>The opposing Audino's Special Attack rose!</small><br></div><div class="battle-history"><small>The opposing Audino's Special Defense rose!</small><br></div><div class="spacer battle-history"><br></div><div class="battle-history">Probopass used <strong>Volt Switch</strong>!<br></div><div class="battle-history"><small>(The opposing Audino lost <abbr title="−14/347">4.0%</abbr> of its health!)</small><br></div><div class="spacer battle-history"><br></div><div class="battle-history">Probopass went back to lcezasfuck!<br></div><div class="battle-history">Go! <strong>Kadabra</strong>!<br></div><div class="spacer battle-history"><br></div><div class="battle-history"><small>The opposing Audino was hurt by poison!</small><br></div><div class="spacer battle-history"><br></div><h2 class="battle-history">Turn 73</h2><div class="spacer battle-history"><br></div><div class="battle-history">Kadabra used <strong>Encore</strong>!<br></div><div class="battle-history"><small>The opposing Audino received an encore!</small><br></div><div class="spacer battle-history"><br></div><div class="battle-history">The opposing Audino used <strong>Calm Mind</strong>!<br></div><div class="battle-history"><small>The opposing Audino's Special Attack rose!</small><br></div><div class="battle-history"><small>The opposing Audino's Special Defense rose!</small><br></div><div class="spacer battle-history"><br></div><div class="battle-history"><small>The opposing Audino was hurt by poison!</small><br></div><div class="spacer battle-history"><br></div><h2 class="battle-history">Turn 74</h2><div class="spacer battle-history"><br></div><div class="battle-history">Kadabra used <strong>Psychic</strong>!<br></div><div class="battle-history"><small>(The opposing Audino lost <abbr title="−42/347">12.1%</abbr> of its health!)</small><br></div><div class="spacer battle-history"><br></div><div class="battle-history">The opposing Audino used <strong>Calm Mind</strong>!<br></div><div class="battle-history"><small>The opposing Audino's Special Attack won't go any higher!</small><br></div><div class="battle-history"><small>The opposing Audino's Special Defense won't go any higher!</small><br></div><div class="spacer battle-history"><br></div><div class="battle-history"><small>The opposing Audino was hurt by poison!</small><br></div><div class="spacer battle-history"><br></div><h2 class="battle-history">Turn 75</h2><div class="spacer battle-history"><br></div><div class="battle-history">Kadabra used <strong>Psychic</strong>!<br></div><div class="battle-history"><small>(The opposing Audino lost <abbr title="−39/347">11.2%</abbr> of its health!)</small><br></div><div class="spacer battle-history"><br></div><div class="battle-history">The opposing Audino used <strong>Calm Mind</strong>!<br></div><div class="battle-history"><small>The opposing Audino's Special Attack won't go any higher!</small><br></div><div class="battle-history"><small>The opposing Audino's Special Defense won't go any higher!</small><br></div><div class="spacer battle-history"><br></div><div class="battle-history"><small>The opposing Audino was hurt by poison!</small><br></div><div class="spacer battle-history"><br></div><div class="battle-history">The opposing Audino fainted!<br></div><div class="spacer battle-history"><br></div><div class="battle-history">Alolan's_Butt sent out <strong>Lopunny</strong>!<br></div><div class="battle-history"><small>Pointed stones dug into the opposing Lopunny!</small><br></div><div class="spacer battle-history"><br></div><div class="battle-history">The opposing Lopunny fainted!<br></div><div class="spacer battle-history"><br></div><div class="battle-history">Alolan's_Butt sent out <strong>Girafarig</strong>!<br></div><div class="battle-history"><small>Pointed stones dug into the opposing Girafarig!</small><br></div><div class="spacer battle-history"><br></div><h2 class="battle-history">Turn 76</h2><div class="spacer battle-history"><br></div><div class="battle-history">Kadabra used <strong>Thunder Wave</strong>!<br></div><div class="battle-history"><small>The opposing Girafarig is paralyzed! It may be unable to move!</small><br></div><div class="spacer battle-history"><br></div><div class="battle-history">The opposing Girafarig used <strong>Hyper Voice</strong>!<br></div><div class="battle-history"><small>(Kadabra lost <abbr title="−171/221">77.4%</abbr> of its health!)</small><br></div><div class="spacer battle-history"><br></div><div class="battle-history"><small>The opposing Girafarig restored a little HP using its Leftovers!</small><br></div><div class="spacer battle-history"><br></div><h2 class="battle-history">Turn 77</h2><div class="spacer battle-history"><br></div><div class="battle-history">Kadabra used <strong>Psychic</strong>!<br></div><div class="battle-history"><small>It's not very effective...</small><br></div><div class="battle-history"><small>(The opposing Girafarig lost <abbr title="−108/344">31.4%</abbr> of its health!)</small><br></div><div class="spacer battle-history"><br></div><div class="battle-history">The opposing Girafarig is paralyzed! It can't move!<br></div><div class="spacer battle-history"><br></div><div class="battle-history"><small>The opposing Girafarig restored a little HP using its Leftovers!</small><br></div><div class="spacer battle-history"><br></div><h2 class="battle-history">Turn 78</h2><div class="spacer battle-history"><br></div><div class="battle-history">Kadabra used <strong>Psychic</strong>!<br></div><div class="battle-history"><small>It's not very effective...</small><br></div><div class="battle-history"><small>(The opposing Girafarig lost <abbr title="−106/344">30.8%</abbr> of its health!)</small><br></div><div class="battle-history"><small>The opposing Girafarig's Special Defense fell!</small><br></div><div class="spacer battle-history"><br></div><div class="battle-history">The opposing Girafarig is paralyzed! It can't move!<br></div><div class="spacer battle-history"><br></div><div class="battle-history"><small>The opposing Girafarig restored a little HP using its Leftovers!</small><br></div><div class="spacer battle-history"><br></div><h2 class="battle-history">Turn 79</h2><div class="spacer battle-history"><br></div><div class="battle-history"><small>Alolan's_Butt forfeited.</small><br></div><div class="spacer battle-history"><br></div><div class="battle-history"><strong>lcezasfuck</strong> won the battle!<br></div><div class="chat">lcezasfuck's rating: 1419 → <strong>1427</strong><br>(+8 for winning)</div><div class="chat">Alolan's_Butt's rating: 1194 → <strong>1183</strong><br>(-11 for losing)</div><div class="chat"><small>Alolan's_Butt left.</small></div></div><div class="inner-preempt"></div></div></div>
</div>
<script>
let daily = Math.floor(Date.now()/1000/60/60/24);document.write('<script src="https://play.pokemonshowdown.com/js/replay-embed.js?version'+daily+'"></'+'script>');
</script>
