<!DOCTYPE html>
<meta charset="utf-8" />
<!-- version 1 -->
<title>PU replay: WhyTryToWin vs. Iralious</title>
<style>
html,body {font-family:Verdana, sans-serif;font-size:10pt;margin:0;padding:0;}body{padding:12px 0;} .battle-log {font-family:Verdana, sans-serif;font-size:10pt;} .battle-log-inline {border:1px solid #AAAAAA;background:#EEF2F5;color:black;max-width:640px;margin:0 auto 80px;padding-bottom:5px;} .battle-log .inner {padding:4px 8px 0px 8px;} .battle-log .inner-preempt {padding:0 8px 4px 8px;} .battle-log .inner-after {margin-top:0.5em;} .battle-log h2 {margin:0.5em -8px;padding:4px 8px;border:1px solid #AAAAAA;background:#E0E7EA;border-left:0;border-right:0;font-family:Verdana, sans-serif;font-size:13pt;} .battle-log .chat {vertical-align:middle;padding:3px 0 3px 0;font-size:8pt;} .battle-log .chat strong {color:#40576A;} .battle-log .chat em {padding:1px 4px 1px 3px;color:#000000;font-style:normal;} .chat.mine {background:rgba(0,0,0,0.05);margin-left:-8px;margin-right:-8px;padding-left:8px;padding-right:8px;} .spoiler {color:#BBBBBB;background:#BBBBBB;padding:0px 3px;} .spoiler:hover, .spoiler:active, .spoiler-shown {color:#000000;background:#E2E2E2;padding:0px 3px;} .spoiler a {color:#BBBBBB;} .spoiler:hover a, .spoiler:active a, .spoiler-shown a {color:#2288CC;} .chat code, .chat .spoiler:hover code, .chat .spoiler:active code, .chat .spoiler-shown code {border:1px solid #C0C0C0;background:#EEEEEE;color:black;padding:0 2px;} .chat .spoiler code {border:1px solid #CCCCCC;background:#CCCCCC;color:#CCCCCC;} .battle-log .rated {padding:3px 4px;} .battle-log .rated strong {color:white;background:#89A;padding:1px 4px;border-radius:4px;} .spacer {margin-top:0.5em;} .message-announce {background:#6688AA;color:white;padding:1px 4px 2px;} .message-announce a, .broadcast-green a, .broadcast-blue a, .broadcast-red a {color:#DDEEFF;} .broadcast-green {background-color:#559955;color:white;padding:2px 4px;} .broadcast-blue {background-color:#6688AA;color:white;padding:2px 4px;} .infobox {border:1px solid #6688AA;padding:2px 4px;} .infobox-limited {max-height:200px;overflow:auto;overflow-x:hidden;} .broadcast-red {background-color:#AA5544;color:white;padding:2px 4px;} .message-learn-canlearn {font-weight:bold;color:#228822;text-decoration:underline;} .message-learn-cannotlearn {font-weight:bold;color:#CC2222;text-decoration:underline;} .message-effect-weak {font-weight:bold;color:#CC2222;} .message-effect-resist {font-weight:bold;color:#6688AA;} .message-effect-immune {font-weight:bold;color:#666666;} .message-learn-list {margin-top:0;margin-bottom:0;} .message-throttle-notice, .message-error {color:#992222;} .message-overflow, .chat small.message-overflow {font-size:0pt;} .message-overflow::before {font-size:9pt;content:'...';} .subtle {color:#3A4A66;}
</style>
<div class="wrapper replay-wrapper" style="max-width:1180px;margin:0 auto">
<input type="hidden" name="replayid" value="pu-578903287" />
<div class="battle"></div><div class="battle-log"></div><div class="replay-controls"></div><div class="replay-controls-2"></div>
<h1 style="font-weight:normal;text-align:center"><strong>PU</strong><br /><a href="http://pokemonshowdown.com/users/whytrytowin" class="subtle" target="_blank">WhyTryToWin</a> vs. <a href="http://pokemonshowdown.com/users/iralious" class="subtle" target="_blank">Iralious</a></h1>
<script type="text/plain" class="battle-log-data">|j|WhyTryToWin
|j|Iralious
|player|p1|WhyTryToWin|132
|teamsize|p1|6
|player|p2|Iralious|#yellow
|teamsize|p2|6
|gametype|singles
|gen|6
|tier|PU
|seed|17984,60645,17003,28837
|rule|Sleep Clause Mod: Limit one foe put to sleep
|rule|Species Clause: Limit one of each Pokémon
|rule|OHKO Clause: OHKO moves are banned
|rule|Moody Clause: Moody is banned
|rule|Evasion Moves Clause: Evasion moves are banned
|rule|Endless Battle Clause: Forcing endless battles is banned
|rule|HP Percentage Mod: HP is shown in percentages
|clearpoke
|poke|p1|Articuno|item
|poke|p1|Bastiodon, F|item
|poke|p1|Chatot, F|item
|poke|p1|Ariados, F|item
|poke|p1|Dusclops, F|item
|poke|p1|Regice|item
|poke|p2|Rapidash, F|item
|poke|p2|Ariados, M|item
|poke|p2|Sunflora, F|item
|poke|p2|Numel, F|item
|poke|p2|Raichu, F, shiny|item
|poke|p2|Politoed, F|item
|rule|Swagger Clause: Swagger is banned
|rule|Baton Pass Clause: Limit one Baton Passer, can't pass Spe and other stats simultaneously
|teampreview
|choice|team 6, team 2, team 3, team 4, team 5, team 1|team 5, team 2, team 3, team 4, team 1, team 6
|
|start
|switch|p1a: I c ur Regi|Regice|363\/363
|switch|p2a: Raichu|Raichu, F, shiny|261\/261
|turn|1
|j|MidnightTDH
|choice|move icebeam|move fakeout
|
|move|p2a: Raichu|Fake Out|p1a: I c ur Regi
|-damage|p1a: I c ur Regi|327\/363
|-damage|p2a: Raichu|235\/261|[from] item: Life Orb
|cant|p1a: I c ur Regi|flinch
|
|upkeep
|turn|2
|choice|move icebeam|move nuzzle
|
|move|p2a: Raichu|Nuzzle|p1a: I c ur Regi
|-damage|p1a: I c ur Regi|298\/363
|-status|p1a: I c ur Regi|par
|-damage|p2a: Raichu|209\/261|[from] item: Life Orb
|move|p1a: I c ur Regi|Ice Beam|p2a: Raichu
|-damage|p2a: Raichu|46\/261
|
|upkeep
|turn|3
|choice|move icebeam|move thunderbolt
|
|move|p2a: Raichu|Thunderbolt|p1a: I c ur Regi
|-damage|p1a: I c ur Regi|242\/363 par
|-damage|p2a: Raichu|20\/261|[from] item: Life Orb
|move|p1a: I c ur Regi|Ice Beam|p2a: Raichu
|-damage|p2a: Raichu|0 fnt
|faint|p2a: Raichu
|
|upkeep
|choice||switch 5
|
|switch|p2a: Rapidash|Rapidash, F|334\/334
|turn|4
|choice|move focusblast|move sunnyday
|
|move|p2a: Rapidash|Sunny Day|p2a: Rapidash
|-weather|SunnyDay
|move|p1a: I c ur Regi|Focus Blast|p2a: Rapidash
|-damage|p2a: Rapidash|186\/334
|
|-weather|SunnyDay|[upkeep]
|upkeep
|turn|5
|choice|move focusblast|move agility
|
|move|p2a: Rapidash|Agility|p2a: Rapidash
|-boost|p2a: Rapidash|spe|2
|cant|p1a: I c ur Regi|par
|
|-weather|SunnyDay|[upkeep]
|upkeep
|turn|6
|choice|move thunderbolt|move agility
|
|move|p2a: Rapidash|Agility|p2a: Rapidash
|-boost|p2a: Rapidash|spe|2
|move|p1a: I c ur Regi|Thunderbolt|p2a: Rapidash
|-damage|p2a: Rapidash|77\/334
|
|-weather|SunnyDay|[upkeep]
|upkeep
|turn|7
|choice|move thunderbolt|move batonpass
|
|move|p2a: Rapidash|Baton Pass|p2a: Rapidash
|choice||switch 4
|
|switch|p2a: Numel|Numel, F|324\/324
|move|p1a: I c ur Regi|Thunderbolt|p2a: Numel
|-immune|p2a: Numel|[msg]
|
|-weather|SunnyDay|[upkeep]
|upkeep
|turn|8
|l|MidnightTDH
|choice|move flashcannon|move growth
|
|move|p2a: Numel|Growth|p2a: Numel
|-boost|p2a: Numel|atk|4
|-boost|p2a: Numel|spa|4
|move|p1a: I c ur Regi|Flash Cannon|p2a: Numel
|-resisted|p2a: Numel
|-damage|p2a: Numel|268\/324
|
|-weather|SunnyDay|[upkeep]
|upkeep
|turn|9
|choice|move focusblast|move ancientpower
|
|move|p2a: Numel|Ancient Power|p1a: I c ur Regi
|-supereffective|p1a: I c ur Regi
|-damage|p1a: I c ur Regi|130\/363 par
|move|p1a: I c ur Regi|Focus Blast|p2a: Numel|[miss]
|-miss|p1a: I c ur Regi|p2a: Numel
|
|-weather|SunnyDay|[upkeep]
|upkeep
|turn|10
|choice|switch 2|move ancientpower
|
|switch|p1a: WALL-E|Bastiodon, F|323\/323
|-item|p1a: WALL-E|Air Balloon
|move|p2a: Numel|Ancient Power|p1a: WALL-E
|-resisted|p1a: WALL-E
|-damage|p1a: WALL-E|270\/323
|-enditem|p1a: WALL-E|Air Balloon
|
|-weather|SunnyDay|[upkeep]
|upkeep
|turn|11
|choice|move roar|move earthpower
|
|move|p2a: Numel|Earth Power|p1a: WALL-E
|-supereffective|p1a: WALL-E
|-damage|p1a: WALL-E|0 fnt
|faint|p1a: WALL-E
|
|-weather|none
|upkeep
|choice|switch 4|
|
|switch|p1a: @Areidis|Ariados, F|343\/343
|turn|12
|choice|move xscissor|move ancientpower
|
|move|p2a: Numel|Ancient Power|p1a: @Areidis
|-supereffective|p1a: @Areidis
|-damage|p1a: @Areidis|0 fnt
|faint|p1a: @Areidis
|
|upkeep
|c|☆WhyTryToWin|https:\/\/www.youtube.com\/watch?v=ByC8sRdL-Ro
|choice|switch 5|
|
|switch|p1a: OakWolf|Dusclops, F|283\/283
|-item|p2a: Numel|Eviolite|[from] ability: Frisk|[of] p1a: OakWolf|[identify]
|turn|13
|choice|move willowisp|move ancientpower
|
|move|p2a: Numel|Ancient Power|p1a: OakWolf
|-damage|p1a: OakWolf|225\/283
|move|p1a: OakWolf|Will-O-Wisp|p2a: Numel
|-immune|p2a: Numel|[msg]
|
|upkeep
|turn|14
|choice|move taunt|move ancientpower
|
|move|p2a: Numel|Ancient Power|p1a: OakWolf
|-crit|p1a: OakWolf
|-damage|p1a: OakWolf|132\/283
|move|p1a: OakWolf|Taunt|p2a: Numel
|-start|p2a: Numel|move: Taunt
|
|upkeep
|turn|15
|choice|move shadowpunch|move ancientpower
|
|move|p2a: Numel|Ancient Power|p1a: OakWolf
|-damage|p1a: OakWolf|70\/283
|move|p1a: OakWolf|Shadow Punch|p2a: Numel
|-crit|p2a: Numel
|-damage|p2a: Numel|153\/324
|
|upkeep
|turn|16
|choice|move shadowpunch|move earthpower
|
|move|p2a: Numel|Earth Power|p1a: OakWolf
|-damage|p1a: OakWolf|0 fnt
|faint|p1a: OakWolf
|
|upkeep
|choice|switch 3|
|
|switch|p1a: Cuz Wynaut~|Chatot, F|293\/293
|turn|17
|j|MidnightTDH
|choice|move boomburst|move ancientpower
|
|move|p2a: Numel|Ancient Power|p1a: Cuz Wynaut~
|-supereffective|p1a: Cuz Wynaut~
|-enditem|p1a: Cuz Wynaut~|Focus Sash
|-damage|p1a: Cuz Wynaut~|1\/293
|-boost|p2a: Numel|atk|2
|-boost|p2a: Numel|def|2
|-boost|p2a: Numel|spa|2
|-boost|p2a: Numel|spd|2
|-boost|p2a: Numel|spe|2
|move|p1a: Cuz Wynaut~|Boomburst|p2a: Numel
|-damage|p2a: Numel|20\/324
|
|-end|p2a: Numel|move: Taunt
|upkeep
|turn|18
|choice|move boomburst|move ancientpower
|
|move|p2a: Numel|Ancient Power|p1a: Cuz Wynaut~
|-supereffective|p1a: Cuz Wynaut~
|-damage|p1a: Cuz Wynaut~|0 fnt
|faint|p1a: Cuz Wynaut~
|
|upkeep
|choice|switch 6|
|
|switch|p1a: Articuno|Articuno|383\/383
|-ability|p1a: Articuno|Pressure
|turn|19
|choice|move ancientpower|move fireblast
|
|move|p2a: Numel|Fire Blast|p1a: Articuno
|-supereffective|p1a: Articuno
|-damage|p1a: Articuno|0 fnt
|faint|p1a: Articuno
|
|upkeep
|-message|WhyTryToWin forfeited.
|
|win|Iralious
|l|WhyTryToWin</script>
</div>
<div class="battle-log battle-log-inline"><div class="inner"><div class="battle-options"></div><div class="inner"><div class="chat"><small>WhyTryToWin joined.</small></div><div class="chat"><small>Iralious joined.</small></div><div class=""><small>Format:</small> <br><strong>PU</strong></div><div class=""><small><em>Sleep Clause Mod:</em> Limit one foe put to sleep</small></div><div class=""><small><em>Species Clause:</em> Limit one of each Pokémon</small></div><div class=""><small><em>OHKO Clause:</em> OHKO moves are banned</small></div><div class=""><small><em>Moody Clause:</em> Moody is banned</small></div><div class=""><small><em>Evasion Moves Clause:</em> Evasion moves are banned</small></div><div class=""><small><em>Endless Battle Clause:</em> Forcing endless battles is banned</small></div><div class=""><small><em>HP Percentage Mod:</em> HP is shown in percentages</small></div><div class=""><small><em>Swagger Clause:</em> Swagger is banned</small></div><div class=""><small><em>Baton Pass Clause:</em> Limit one Baton Passer, can't pass Spe and other stats simultaneously</small></div><div class="chat battle-history"><strong>WhyTryToWin's team:</strong> <em style="color:#445566;display:block;">Articuno / Bastiodon / Chatot / Ariados / Dusclops / Regice</em></div><div class="chat battle-history"><strong>Iralious's team:</strong> <em style="color:#445566;display:block;">Rapidash / Ariados / Sunflora / Numel / Raichu / Politoed</em></div><div class="spacer battle-history"><br></div><div class="battle-history">Battle started between WhyTryToWin and Iralious!<br></div><div class="spacer battle-history"><br></div><div class="battle-history">Go! I c ur Regi (<strong>Regice</strong>)!<br></div><div class="spacer battle-history"><br></div><div class="battle-history">Iralious sent out <strong>Raichu</strong>!<br></div><div class="spacer battle-history"><br></div><h2 class="battle-history">Turn 1</h2><div class="chat"><small>MidnightTDH joined.</small></div><div class="spacer battle-history"><br></div><div class="battle-history">The opposing Raichu used <strong>Fake Out</strong>!<br></div><div class="battle-history"><small>(I c ur Regi lost <abbr title="−36/363">9.9%</abbr> of its health!)</small><br></div><div class="battle-history"><small>The opposing Raichu lost some of its HP!</small><br></div><div class="spacer battle-history"><br></div><div class="battle-history">I c ur Regi flinched and couldn't move!<br></div><div class="spacer battle-history"><br></div><h2 class="battle-history">Turn 2</h2><div class="spacer battle-history"><br></div><div class="battle-history">The opposing Raichu used <strong>Nuzzle</strong>!<br></div><div class="battle-history"><small>(I c ur Regi lost <abbr title="−29/363">8.0%</abbr> of its health!)</small><br></div><div class="battle-history"><small>I c ur Regi is paralyzed! It may be unable to move!</small><br></div><div class="battle-history"><small>The opposing Raichu lost some of its HP!</small><br></div><div class="spacer battle-history"><br></div><div class="battle-history">I c ur Regi used <strong>Ice Beam</strong>!<br></div><div class="battle-history"><small>(The opposing Raichu lost <abbr title="−163/261">62.5%</abbr> of its health!)</small><br></div><div class="spacer battle-history"><br></div><h2 class="battle-history">Turn 3</h2><div class="spacer battle-history"><br></div><div class="battle-history">The opposing Raichu used <strong>Thunderbolt</strong>!<br></div><div class="battle-history"><small>(I c ur Regi lost <abbr title="−56/363">15.4%</abbr> of its health!)</small><br></div><div class="battle-history"><small>The opposing Raichu lost some of its HP!</small><br></div><div class="spacer battle-history"><br></div><div class="battle-history">I c ur Regi used <strong>Ice Beam</strong>!<br></div><div class="battle-history"><small>(The opposing Raichu lost <abbr title="−20/261">7.7%</abbr> of its health!)</small><br></div><div class="spacer battle-history"><br></div><div class="battle-history">The opposing Raichu fainted!<br></div><div class="spacer battle-history"><br></div><div class="battle-history">Iralious sent out <strong>Rapidash</strong>!<br></div><div class="spacer battle-history"><br></div><h2 class="battle-history">Turn 4</h2><div class="spacer battle-history"><br></div><div class="battle-history">The opposing Rapidash used <strong>Sunny Day</strong>!<br></div><div class="battle-history"><small>The sunlight turned harsh!</small><br></div><div class="spacer battle-history"><br></div><div class="battle-history">I c ur Regi used <strong>Focus Blast</strong>!<br></div><div class="battle-history"><small>(The opposing Rapidash lost <abbr title="−148/334">44.3%</abbr> of its health!)</small><br></div><div class="spacer battle-history"><br></div><div class="battle-history"><small>(The sunlight is strong!)</small><br></div><div class="spacer battle-history"><br></div><h2 class="battle-history">Turn 5</h2><div class="spacer battle-history"><br></div><div class="battle-history">The opposing Rapidash used <strong>Agility</strong>!<br></div><div class="battle-history"><small>The opposing Rapidash's Speed rose sharply!</small><br></div><div class="spacer battle-history"><br></div><div class="battle-history">I c ur Regi is paralyzed! It can't move!<br></div><div class="spacer battle-history"><br></div><div class="battle-history"><small>(The sunlight is strong!)</small><br></div><div class="spacer battle-history"><br></div><h2 class="battle-history">Turn 6</h2><div class="spacer battle-history"><br></div><div class="battle-history">The opposing Rapidash used <strong>Agility</strong>!<br></div><div class="battle-history"><small>The opposing Rapidash's Speed rose sharply!</small><br></div><div class="spacer battle-history"><br></div><div class="battle-history">I c ur Regi used <strong>Thunderbolt</strong>!<br></div><div class="battle-history"><small>(The opposing Rapidash lost <abbr title="−109/334">32.6%</abbr> of its health!)</small><br></div><div class="spacer battle-history"><br></div><div class="battle-history"><small>(The sunlight is strong!)</small><br></div><div class="spacer battle-history"><br></div><h2 class="battle-history">Turn 7</h2><div class="spacer battle-history"><br></div><div class="battle-history">The opposing Rapidash used <strong>Baton Pass</strong>!<br></div><div class="spacer battle-history"><br></div><div class="battle-history">Iralious sent out <strong>Numel</strong>!<br></div><div class="spacer battle-history"><br></div><div class="battle-history">I c ur Regi used <strong>Thunderbolt</strong>!<br></div><div class="battle-history"><small>It doesn't affect the opposing Numel...</small><br></div><div class="spacer battle-history"><br></div><div class="battle-history"><small>(The sunlight is strong!)</small><br></div><div class="spacer battle-history"><br></div><h2 class="battle-history">Turn 8</h2><div class="chat"><small>MidnightTDH left.</small></div><div class="spacer battle-history"><br></div><div class="battle-history">The opposing Numel used <strong>Growth</strong>!<br></div><div class="battle-history"><small>The opposing Numel's Attack rose drastically!</small><br></div><div class="battle-history"><small>The opposing Numel's Special Attack rose drastically!</small><br></div><div class="spacer battle-history"><br></div><div class="battle-history">I c ur Regi used <strong>Flash Cannon</strong>!<br></div><div class="battle-history"><small>It's not very effective...</small><br></div><div class="battle-history"><small>(The opposing Numel lost <abbr title="−56/324">17.3%</abbr> of its health!)</small><br></div><div class="spacer battle-history"><br></div><div class="battle-history"><small>(The sunlight is strong!)</small><br></div><div class="spacer battle-history"><br></div><h2 class="battle-history">Turn 9</h2><div class="spacer battle-history"><br></div><div class="battle-history">The opposing Numel used <strong>Ancient Power</strong>!<br></div><div class="battle-history"><small>It's super effective!</small><br></div><div class="battle-history"><small>(I c ur Regi lost <abbr title="−112/363">30.9%</abbr> of its health!)</small><br></div><div class="spacer battle-history"><br></div><div class="battle-history">I c ur Regi used <strong>Focus Blast</strong>!<br></div><div class="battle-history"><small>The opposing Numel avoided the attack!</small><br></div><div class="spacer battle-history"><br></div><div class="battle-history"><small>(The sunlight is strong!)</small><br></div><div class="spacer battle-history"><br></div><h2 class="battle-history">Turn 10</h2><div class="spacer battle-history"><br></div><div class="battle-history">I c ur Regi, come back!<br></div><div class="battle-history">Go! WALL-E (<strong>Bastiodon</strong>)!<br></div><div class="battle-history"><small>WALL-E floats in the air with its Air Balloon!</small><br></div><div class="spacer battle-history"><br></div><div class="battle-history">The opposing Numel used <strong>Ancient Power</strong>!<br></div><div class="battle-history"><small>It's not very effective...</small><br></div><div class="battle-history"><small>(WALL-E lost <abbr title="−53/323">16.4%</abbr> of its health!)</small><br></div><div class="battle-history"><small>WALL-E's Air Balloon popped!</small><br></div><div class="spacer battle-history"><br></div><div class="battle-history"><small>(The sunlight is strong!)</small><br></div><div class="spacer battle-history"><br></div><h2 class="battle-history">Turn 11</h2><div class="spacer battle-history"><br></div><div class="battle-history">The opposing Numel used <strong>Earth Power</strong>!<br></div><div class="battle-history"><small>It's super effective!</small><br></div><div class="battle-history"><small>(WALL-E lost <abbr title="−270/323">83.6%</abbr> of its health!)</small><br></div><div class="spacer battle-history"><br></div><div class="battle-history">WALL-E fainted!<br></div><div class="spacer battle-history"><br></div><div class="battle-history"><small>The sunlight faded.</small><br></div><div class="spacer battle-history"><br></div><div class="battle-history">Go! @Areidis (<strong>Ariados</strong>)!<br></div><div class="spacer battle-history"><br></div><h2 class="battle-history">Turn 12</h2><div class="spacer battle-history"><br></div><div class="battle-history">The opposing Numel used <strong>Ancient Power</strong>!<br></div><div class="battle-history"><small>It's super effective!</small><br></div><div class="battle-history"><small>(@Areidis lost <abbr title="−343/343">100%</abbr> of its health!)</small><br></div><div class="spacer battle-history"><br></div><div class="battle-history">@Areidis fainted!<br></div><div class="chat chatmessage-whytrytowin"><strong style="color:hsl(66,70%,31%)"><small>☆</small><span class="username" data-name="WhyTryToWin">WhyTryToWin</span>:</strong> <em><a href="https://www.youtube.com/watch?v=ByC8sRdL-Ro" rel="noopener" target="_blank">https://www.youtube.com/watch?v=ByC8sRdL-Ro</a></em></div><div class="spacer battle-history"><br></div><div class="battle-history">Go! OakWolf (<strong>Dusclops</strong>)!<br></div><div class="battle-history"><small>[OakWolf's Frisk]</small><br><small>OakWolf frisked the opposing Numel and found its Eviolite!</small><br></div><div class="spacer battle-history"><br></div><h2 class="battle-history">Turn 13</h2><div class="spacer battle-history"><br></div><div class="battle-history">The opposing Numel used <strong>Ancient Power</strong>!<br></div><div class="battle-history"><small>(OakWolf lost <abbr title="−58/283">20.5%</abbr> of its health!)</small><br></div><div class="spacer battle-history"><br></div><div class="battle-history">OakWolf used <strong>Will-O-Wisp</strong>!<br></div><div class="battle-history"><small>It doesn't affect the opposing Numel...</small><br></div><div class="spacer battle-history"><br></div><h2 class="battle-history">Turn 14</h2><div class="spacer battle-history"><br></div><div class="battle-history">The opposing Numel used <strong>Ancient Power</strong>!<br></div><div class="battle-history"><small>A critical hit!</small><br></div><div class="battle-history"><small>(OakWolf lost <abbr title="−93/283">32.9%</abbr> of its health!)</small><br></div><div class="spacer battle-history"><br></div><div class="battle-history">OakWolf used <strong>Taunt</strong>!<br></div><div class="battle-history"><small>The opposing Numel fell for the taunt!</small><br></div><div class="spacer battle-history"><br></div><h2 class="battle-history">Turn 15</h2><div class="spacer battle-history"><br></div><div class="battle-history">The opposing Numel used <strong>Ancient Power</strong>!<br></div><div class="battle-history"><small>(OakWolf lost <abbr title="−62/283">21.9%</abbr> of its health!)</small><br></div><div class="spacer battle-history"><br></div><div class="battle-history">OakWolf used <strong>Shadow Punch</strong>!<br></div><div class="battle-history"><small>A critical hit!</small><br></div><div class="battle-history"><small>(The opposing Numel lost <abbr title="−115/324">35.5%</abbr> of its health!)</small><br></div><div class="spacer battle-history"><br></div><h2 class="battle-history">Turn 16</h2><div class="spacer battle-history"><br></div><div class="battle-history">The opposing Numel used <strong>Earth Power</strong>!<br></div><div class="battle-history"><small>(OakWolf lost <abbr title="−70/283">24.7%</abbr> of its health!)</small><br></div><div class="spacer battle-history"><br></div><div class="battle-history">OakWolf fainted!<br></div><div class="spacer battle-history"><br></div><div class="battle-history">Go! Cuz Wynaut~ (<strong>Chatot</strong>)!<br></div><div class="spacer battle-history"><br></div><h2 class="battle-history">Turn 17</h2><div class="chat"><small>MidnightTDH joined.</small></div><div class="spacer battle-history"><br></div><div class="battle-history">The opposing Numel used <strong>Ancient Power</strong>!<br></div><div class="battle-history"><small>It's super effective!</small><br></div><div class="battle-history"><small>Cuz Wynaut~ hung on using its Focus Sash!</small><br></div><div class="battle-history"><small>(Cuz Wynaut~ lost <abbr title="−292/293">99.7%</abbr> of its health!)</small><br></div><div class="battle-history"><small>The opposing Numel's Attack rose sharply!</small><br></div><div class="battle-history"><small>The opposing Numel's Defense rose sharply!</small><br></div><div class="battle-history"><small>The opposing Numel's Special Attack rose sharply!</small><br></div><div class="battle-history"><small>The opposing Numel's Special Defense rose sharply!</small><br></div><div class="battle-history"><small>The opposing Numel's Speed rose sharply!</small><br></div><div class="spacer battle-history"><br></div><div class="battle-history">Cuz Wynaut~ used <strong>Boomburst</strong>!<br></div><div class="battle-history"><small>(The opposing Numel lost <abbr title="−133/324">41.0%</abbr> of its health!)</small><br></div><div class="spacer battle-history"><br></div><div class="battle-history"><small>The opposing Numel's taunt wore off!</small><br></div><div class="spacer battle-history"><br></div><h2 class="battle-history">Turn 18</h2><div class="spacer battle-history"><br></div><div class="battle-history">The opposing Numel used <strong>Ancient Power</strong>!<br></div><div class="battle-history"><small>It's super effective!</small><br></div><div class="battle-history"><small>(Cuz Wynaut~ lost <abbr title="−1/293">0.3%</abbr> of its health!)</small><br></div><div class="spacer battle-history"><br></div><div class="battle-history">Cuz Wynaut~ fainted!<br></div><div class="spacer battle-history"><br></div><div class="battle-history">Go! <strong>Articuno</strong>!<br></div><div class="battle-history"><small>[Articuno's Pressure]</small><br><small>Articuno is exerting its pressure!</small><br></div><div class="spacer battle-history"><br></div><h2 class="battle-history">Turn 19</h2><div class="spacer battle-history"><br></div><div class="battle-history">The opposing Numel used <strong>Fire Blast</strong>!<br></div><div class="battle-history"><small>It's super effective!</small><br></div><div class="battle-history"><small>(Articuno lost <abbr title="−383/383">100%</abbr> of its health!)</small><br></div><div class="spacer battle-history"><br></div><div class="battle-history">Articuno fainted!<br></div><div class="spacer battle-history"><br></div><div class="battle-history"><small>WhyTryToWin forfeited.</small><br></div><div class="spacer battle-history"><br></div><div class="battle-history"><strong>Iralious</strong> won the battle!<br></div><div class="chat"><small>WhyTryToWin left.</small></div></div><div class="inner-preempt"></div></div></div>
</div>
<script>
let daily = Math.floor(Date.now()/1000/60/60/24);document.write('<script src="https://play.pokemonshowdown.com/js/replay-embed.js?version'+daily+'"></'+'script>');
</script>
