<!DOCTYPE html>
<meta charset="utf-8" />
<!-- version 1 -->
<title>PU replay: Gеrard Way vs. EL Cadaver de Xed</title>
<style>
html,body {font-family:Verdana, sans-serif;font-size:10pt;margin:0;padding:0;}body{padding:12px 0;} .battle-log {font-family:Verdana, sans-serif;font-size:10pt;} .battle-log-inline {border:1px solid #AAAAAA;background:#EEF2F5;color:black;max-width:640px;margin:0 auto 80px;padding-bottom:5px;} .battle-log .inner {padding:4px 8px 0px 8px;} .battle-log .inner-preempt {padding:0 8px 4px 8px;} .battle-log .inner-after {margin-top:0.5em;} .battle-log h2 {margin:0.5em -8px;padding:4px 8px;border:1px solid #AAAAAA;background:#E0E7EA;border-left:0;border-right:0;font-family:Verdana, sans-serif;font-size:13pt;} .battle-log .chat {vertical-align:middle;padding:3px 0 3px 0;font-size:8pt;} .battle-log .chat strong {color:#40576A;} .battle-log .chat em {padding:1px 4px 1px 3px;color:#000000;font-style:normal;} .chat.mine {background:rgba(0,0,0,0.05);margin-left:-8px;margin-right:-8px;padding-left:8px;padding-right:8px;} .spoiler {color:#BBBBBB;background:#BBBBBB;padding:0px 3px;} .spoiler:hover, .spoiler:active, .spoiler-shown {color:#000000;background:#E2E2E2;padding:0px 3px;} .spoiler a {color:#BBBBBB;} .spoiler:hover a, .spoiler:active a, .spoiler-shown a {color:#2288CC;} .chat code, .chat .spoiler:hover code, .chat .spoiler:active code, .chat .spoiler-shown code {border:1px solid #C0C0C0;background:#EEEEEE;color:black;padding:0 2px;} .chat .spoiler code {border:1px solid #CCCCCC;background:#CCCCCC;color:#CCCCCC;} .battle-log .rated {padding:3px 4px;} .battle-log .rated strong {color:white;background:#89A;padding:1px 4px;border-radius:4px;} .spacer {margin-top:0.5em;} .message-announce {background:#6688AA;color:white;padding:1px 4px 2px;} .message-announce a, .broadcast-green a, .broadcast-blue a, .broadcast-red a {color:#DDEEFF;} .broadcast-green {background-color:#559955;color:white;padding:2px 4px;} .broadcast-blue {background-color:#6688AA;color:white;padding:2px 4px;} .infobox {border:1px solid #6688AA;padding:2px 4px;} .infobox-limited {max-height:200px;overflow:auto;overflow-x:hidden;} .broadcast-red {background-color:#AA5544;color:white;padding:2px 4px;} .message-learn-canlearn {font-weight:bold;color:#228822;text-decoration:underline;} .message-learn-cannotlearn {font-weight:bold;color:#CC2222;text-decoration:underline;} .message-effect-weak {font-weight:bold;color:#CC2222;} .message-effect-resist {font-weight:bold;color:#6688AA;} .message-effect-immune {font-weight:bold;color:#666666;} .message-learn-list {margin-top:0;margin-bottom:0;} .message-throttle-notice, .message-error {color:#992222;} .message-overflow, .chat small.message-overflow {font-size:0pt;} .message-overflow::before {font-size:9pt;content:'...';} .subtle {color:#3A4A66;}
</style>
<div class="wrapper replay-wrapper" style="max-width:1180px;margin:0 auto">
<input type="hidden" name="replayid" value="destiny-pu-547000" />
<div class="battle"></div><div class="battle-log"></div><div class="replay-controls"></div><div class="replay-controls-2"></div>
<h1 style="font-weight:normal;text-align:center"><strong>PU</strong><br /><a href="http://pokemonshowdown.com/users/grardway" class="subtle" target="_blank">Gеrard Way</a> vs. <a href="http://pokemonshowdown.com/users/elcadaverdexed" class="subtle" target="_blank">EL Cadaver de Xed</a></h1>
<script type="text/plain" class="battle-log-data">|unlink|||tour
|player|p1|Gеrard Way|grardway-15.gif?739b7485
|teamsize|p1|6
|player|p2|EL Cadaver de Xed|elcadaverdexed.gif?d169dd34
|teamsize|p2|6
|teamsize|p1|6
|teamsize|p2|6
|gametype|singles
|gen|7
|tier|PU
|seed|42863,13407,12280,17931
|rule|Cláusula-Mod de Dormir: solo puedes dormir a uno de tus oponentes a la vez.
|rule|Cláusula de Especie: Hasta un Pokémon de cada especie
|rule|Cláusula de Golpe Fulminante: los movimientos fulminantes (OHKO) estan prohibidos
|rule|Cláusula de Veleta: la habilidad Veleta está prohibida
|rule|Cláusula de Movimientos Evasivos: los movimientos de Evasión están prohibidos.
|rule|Cláusula de Batallas Eternas: forzar batallas eternas está prohibido
|clearpoke
|poke|p1|Hitmonchan, M|item
|poke|p1|Mesprit|item
|poke|p1|Quagsire, M|item
|poke|p1|Rotom-Frost|item
|poke|p1|Cradily, F|item
|poke|p1|Flareon, M|item
|poke|p2|Persian-Alola, M|item
|poke|p2|Jellicent, M|item
|poke|p2|Raichu-Alola, F|item
|poke|p2|Togedemaru, M|item
|poke|p2|Mesprit|item
|poke|p2|Hitmonchan, M|item
|teampreview|undefined
|c|☆EL Cadaver de Xed|https:\/\/www.youtube.com\/watch?v=8KjORka7f-s
|choice|*team 523416|*
|c|☆EL Cadaver de Xed|top quality shitposting
|c|☆EL Cadaver de Xed|gl hf
|choice|*|*team 423156
|choice|team 5, 2, 3, 4, 1, 6|team 4, 2, 3, 1, 5, 6
|
|start
|switch|p1a: Cradily|Cradily, F|376\/376
|switch|p2a: Togedemaru|Togedemaru, M|271\/271
|turn|1
|c|☆Gеrard Way|Same :0
|choice|*|*move 3
|choice|*|*move 4
|choice|*switch 3|*
|choice|switch 3|move toxic
|
|switch|p1a: Quagsire|Quagsire, M|394\/394
|move|p2a: Togedemaru|Toxic|p1a: Quagsire|[miss]
|-miss|p2a: Togedemaru|p1a: Quagsire
|
|upkeep
|turn|2
|c|☆EL Cadaver de Xed|fuck
|choice|*move 2|*
|c|☆EL Cadaver de Xed|ya me viene le karma :(
|choice|*move 2|*
|choice|*move 3|*
|choice|*|*switch 5
|choice|move scald|switch 5
|
|switch|p2a: Mesprit|Mesprit|364\/364
|move|p1a: Quagsire|Scald|p2a: Mesprit
|-damage|p2a: Mesprit|309\/364
|
|upkeep
|turn|3
|choice|*switch 3|*
|choice|*|*move 2
|choice|switch 3|move uturn
|
|switch|p1a: Cradily|Cradily, F|376\/376
|move|p2a: Mesprit|U-turn|p1a: Cradily
|-supereffective|p1a: Cradily
|-crit|p1a: Cradily
|-damage|p1a: Cradily|230\/376
|c|☆EL Cadaver de Xed|...
|c|☆EL Cadaver de Xed|>:D
|choice|*|*switch 3
|choice||switch 3
|
|switch|p2a: Raichu|Raichu-Alola, F|261\/261|[from]move: U-turn
|
|-heal|p1a: Cradily|253\/376|[from] item: Leftovers
|upkeep
|turn|4
|choice|*|*move 4
|choice|*move 2|*
|choice|move recover|move nastyplot
|
|move|p2a: Raichu|Nasty Plot|p2a: Raichu
|-boost|p2a: Raichu|spa|2
|move|p1a: Cradily|Recover|p1a: Cradily
|-heal|p1a: Cradily|376\/376
|
|upkeep
|turn|5
|c|☆EL Cadaver de Xed|raichu pensara en la vida que podrian llevar juntos
|c|☆Gеrard Way|Uy, ya pecheé
|choice|*switch 2|*
|choice|*|*move 2
|choice|*move 4|*
|choice|move stealthrock|move psyshock
|
|move|p2a: Raichu|Psyshock|p1a: Cradily
|-damage|p1a: Cradily|86\/376
|-damage|p2a: Raichu|235\/261|[from] item: Life Orb
|move|p1a: Cradily|Stealth Rock|p2a: Raichu
|-sidestart|p2: EL Cadaver de Xed|move: Stealth Rock
|
|-heal|p1a: Cradily|109\/376|[from] item: Leftovers
|upkeep
|turn|6
|c| 🐮EdwardEllric🐮|
|choice|*|*move 4
|choice|*switch 2|*
|choice|switch 2|move nastyplot
|
|switch|p1a: Mesprit|Mesprit|301\/301
|move|p2a: Raichu|Nasty Plot|p2a: Raichu
|-boost|p2a: Raichu|spa|2
|
|upkeep
|turn|7
|choice|*move 2|*
|choice|*|*move 1
|choice|*move 2|*
|choice|move uturn|move thunderbolt
|
|move|p1a: Mesprit|U-turn|p2a: Raichu
|-supereffective|p2a: Raichu
|-damage|p2a: Raichu|57\/261
|choice|*switch 3|*
|choice|switch 3|
|
|switch|p1a: Quagsire|Quagsire, M|394\/394|[from]move: U-turn
|move|p2a: Raichu|Thunderbolt|p1a: Quagsire
|-immune|p1a: Quagsire|[msg]
|
|upkeep
|turn|8
|c|☆EL Cadaver de Xed|wp
|choice|*move 3|*
|choice|*|*move 3
|choice|move scald|move grassknot
|
|move|p2a: Raichu|Grass Knot|p1a: Quagsire
|-supereffective|p1a: Quagsire
|-damage|p1a: Quagsire|0 fnt
|-damage|p2a: Raichu|31\/261|[from] item: Life Orb
|faint|p1a: Quagsire
|
|upkeep
|choice|*switch 3|*
|choice|switch 3|
|
|switch|p1a: Mesprit|Mesprit|301\/301
|turn|9
|choice|*move 2|*
|c| 🐮EdwardEllric🐮|trucazo
|choice|*|*switch 6
|choice|move uturn|switch 6
|
|switch|p2a: Hitmonchan|Hitmonchan, M|303\/303
|-damage|p2a: Hitmonchan|285\/303|[from] Stealth Rock
|move|p1a: Mesprit|U-turn|p2a: Hitmonchan
|-resisted|p2a: Hitmonchan
|-damage|p2a: Hitmonchan|254\/303
|choice|*switch 6|*
|choice|switch 6|
|
|switch|p1a: Flareon|Flareon, M|271\/271|[from]move: U-turn
|
|upkeep
|turn|10
|choice|*move 1|*
|choice|*|*move 4
|choice|move flareblitz|move rapidspin
|
|move|p1a: Flareon|Flare Blitz|p2a: Hitmonchan
|-damage|p2a: Hitmonchan|0 fnt
|-damage|p1a: Flareon|187\/271|[from] recoil
|faint|p2a: Hitmonchan
|
|upkeep
|c|☆EL Cadaver de Xed|damn
|c|☆EL Cadaver de Xed|that shit good
|choice|*|*switch 4
|choice||switch 4
|
|switch|p2a: Persian|Persian-Alola, M|333\/333
|-damage|p2a: Persian|292\/333|[from] Stealth Rock
|turn|11
|choice|*|*move 4
|choice|*move 1|*
|choice|move flareblitz|move partingshot
|
|move|p2a: Persian|Parting Shot|p1a: Flareon
|-unboost|p1a: Flareon|atk|1
|-unboost|p1a: Flareon|spa|1
|c|☆EL Cadaver de Xed|band, nice
|choice|*|*switch 2
|choice||switch 2
|
|switch|p2a: Jellicent|Jellicent, M|341\/341|[from]move: Parting Shot
|-damage|p2a: Jellicent|299\/341|[from] Stealth Rock
|move|p1a: Flareon|Flare Blitz|p2a: Jellicent
|-resisted|p2a: Jellicent
|-damage|p2a: Jellicent|144\/341
|-damage|p1a: Flareon|136\/271|[from] recoil
|
|upkeep
|turn|12
|c|☆EL Cadaver de Xed|damn
|choice|*move 1|*
|choice|*|*move 3
|choice|move flareblitz|move shadowball
|
|move|p1a: Flareon|Flare Blitz|p2a: Jellicent
|-resisted|p2a: Jellicent
|-damage|p2a: Jellicent|0 fnt
|-damage|p1a: Flareon|88\/271|[from] recoil
|faint|p2a: Jellicent
|
|upkeep
|choice|*|*switch 2
|choice||switch 2
|
|switch|p2a: Persian|Persian-Alola, M|292\/333
|-damage|p2a: Persian|251\/333|[from] Stealth Rock
|turn|13
|choice|*move 1|*
|choice|*|*move 1
|choice|move flareblitz|move foulplay
|
|move|p2a: Persian|Foul Play|p1a: Flareon
|-damage|p1a: Flareon|0 fnt
|faint|p1a: Flareon
|
|upkeep
|choice|*switch 5|*
|choice|switch 5|
|
|switch|p1a: Hitmonchan|Hitmonchan, M|302\/302
|turn|14
|choice|*move 2|*
|choice|*move 2|*
|c|☆EL Cadaver de Xed|https:\/\/www.youtube.com\/watch?v=0ysBaqfHRcE
|choice|*|*switch 3
|choice|move machpunch|switch 3
|
|switch|p2a: Mesprit|Mesprit|309\/364
|-damage|p2a: Mesprit|264\/364|[from] Stealth Rock
|move|p1a: Hitmonchan|Mach Punch|p2a: Mesprit
|-resisted|p2a: Mesprit
|-damage|p2a: Mesprit|238\/364
|
|upkeep
|turn|15
|choice|*|*move 3
|choice|*switch 4|*
|choice|switch 4|move stealthrock
|
|switch|p1a: Rotom|Rotom-Frost|241\/241
|move|p2a: Mesprit|Stealth Rock|p1a: Rotom
|-sidestart|p1: Gеrard Way|move: Stealth Rock
|
|upkeep
|turn|16
|choice|*move 3|*
|choice|*|*move 2
|choice|move blizzard|move uturn
|
|move|p1a: Rotom|Blizzard|p2a: Mesprit
|-damage|p2a: Mesprit|70\/364
|move|p2a: Mesprit|U-turn|p1a: Rotom
|-damage|p1a: Rotom|193\/241
|choice|*|*switch 5
|choice||switch 5
|
|switch|p2a: Togedemaru|Togedemaru, M|271\/271|[from]move: U-turn
|-damage|p2a: Togedemaru|255\/271|[from] Stealth Rock
|
|upkeep
|turn|17
|choice|*|*move 3
|choice|*move 3 zmove|*
|choice|move blizzard zmove|move ironhead
|
|move|p2a: Togedemaru|Iron Head|p1a: Rotom
|-damage|p1a: Rotom|73\/241
|-zpower|p1a: Rotom
|move|p1a: Rotom|Subzero Slammer|p2a: Togedemaru|[zeffect]
|-resisted|p2a: Togedemaru
|-damage|p2a: Togedemaru|66\/271
|
|upkeep
|turn|18
|choice|*move 3|*
|player|p2|
|player|p2|EL Cadaver de Xed|elcadaverdexed.gif?d169dd34
|choice|*|*switch 6
|choice|move blizzard|switch 6
|
|switch|p2a: Raichu|Raichu-Alola, F|31\/261
|-damage|p2a: Raichu|0 fnt|[from] Stealth Rock
|faint|p2a: Raichu
|move|p1a: Rotom|Blizzard|p2: Raichu|[notarget]
|-notarget
|
|upkeep
|choice|*|*switch 3
|choice||switch 3
|
|switch|p2a: Persian|Persian-Alola, M|251\/333
|-damage|p2a: Persian|210\/333|[from] Stealth Rock
|turn|19
|choice|*|*move 4 zmove
|choice|*move 3|*
|choice|move blizzard|move partingshot zmove
|
|-zpower|p2a: Persian
|move|p2a: Persian|Z-Parting Shot|p1a: Rotom|[anim]Parting Shot
|-unboost|p1a: Rotom|atk|1
|-unboost|p1a: Rotom|spa|1
|-activate|p2a: Persian|healreplacement
|choice|*|*switch 5
|choice||switch 5
|
|switch|p2a: Mesprit|Mesprit|70\/364|[from]move: Parting Shot
|-heal|p2a: Mesprit|364\/364|[from] move: Parting Shot|[zeffect]
|-damage|p2a: Mesprit|319\/364|[from] Stealth Rock
|move|p1a: Rotom|Blizzard|p2a: Mesprit
|-damage|p2a: Mesprit|213\/364
|
|upkeep
|turn|20
|choice|*move 3|*
|c|☆EL Cadaver de Xed|es mi unica forma de no perder vs mach punch
|c|☆EL Cadaver de Xed|aunque igual ganas :\/
|choice|*|*move 1
|choice|move blizzard|move psychic
|
|move|p1a: Rotom|Blizzard|p2a: Mesprit|[miss]
|-miss|p1a: Rotom|p2a: Mesprit
|move|p2a: Mesprit|Psychic|p1a: Rotom
|-damage|p1a: Rotom|0 fnt
|faint|p1a: Rotom
|
|upkeep
|c|☆Gеrard Way|y
|c|☆Gеrard Way|Pero igual, gg wp
|choice|*switch 6|*
|choice|switch 6|
|
|switch|p1a: Mesprit|Mesprit|301\/301
|-damage|p1a: Mesprit|264\/301|[from] Stealth Rock
|turn|21
|choice|*move 2|*
|choice|*|*move 2
|choice|move uturn|move uturn
|
|move|p1a: Mesprit|U-turn|p2a: Mesprit
|-supereffective|p2a: Mesprit
|-damage|p2a: Mesprit|129\/364
|choice|*switch 2|*
|choice|switch 2|
|
|switch|p1a: Cradily|Cradily, F|109\/376|[from]move: U-turn
|-damage|p1a: Cradily|62\/376|[from] Stealth Rock
|move|p2a: Mesprit|U-turn|p1a: Cradily
|-supereffective|p1a: Cradily
|-damage|p1a: Cradily|0 fnt
|faint|p1a: Cradily
|choice|*|*switch 5
|choice||switch 5
|
|switch|p2a: Persian|Persian-Alola, M|210\/333|[from]move: U-turn
|-damage|p2a: Persian|169\/333|[from] Stealth Rock
|
|upkeep
|choice|*switch 2|*
|choice|switch 2|
|
|switch|p1a: Mesprit|Mesprit|264\/301
|-damage|p1a: Mesprit|227\/301|[from] Stealth Rock
|turn|22
|choice|*move 4|*
|choice|*|*move 1
|choice|move dazzlinggleam|move foulplay
|
|move|p1a: Mesprit|Dazzling Gleam|p2a: Persian
|-supereffective|p2a: Persian
|-damage|p2a: Persian|0 fnt
|faint|p2a: Persian
|
|upkeep
|choice|*|*switch 6
|choice||switch 6
|
|switch|p2a: Togedemaru|Togedemaru, M|66\/271
|-damage|p2a: Togedemaru|50\/271|[from] Stealth Rock
|turn|23
|choice|*|*move 2
|choice|*move 4|*
|choice|*|*move 2
|choice|move dazzlinggleam|move zingzap
|
|move|p2a: Togedemaru|Zing Zap|p1a: Mesprit
|-damage|p1a: Mesprit|119\/301
|move|p1a: Mesprit|Dazzling Gleam|p2a: Togedemaru
|-resisted|p2a: Togedemaru
|-damage|p2a: Togedemaru|0 fnt
|faint|p2a: Togedemaru
|
|upkeep
|choice|*|*switch 5
|choice||switch 5
|
|switch|p2a: Mesprit|Mesprit|129\/364
|-damage|p2a: Mesprit|84\/364|[from] Stealth Rock
|turn|24
|c|☆EL Cadaver de Xed|gg
|choice|*|*move 1
|c|☆EL Cadaver de Xed|wp ywy
|c|☆Gеrard Way|gg
|c|☆Gеrard Way|wp :)
|choice|*move 4|*
|choice|move dazzlinggleam|move psychic
|
|move|p1a: Mesprit|Dazzling Gleam|p2a: Mesprit
|-damage|p2a: Mesprit|4\/364
|move|p2a: Mesprit|Psychic|p1a: Mesprit
|-resisted|p1a: Mesprit
|-damage|p1a: Mesprit|71\/301
|
|upkeep
|turn|25
|choice|*move 4|*
|choice|*|*move 1
|choice|move dazzlinggleam|move psychic
|
|move|p1a: Mesprit|Dazzling Gleam|p2a: Mesprit
|-damage|p2a: Mesprit|0 fnt
|faint|p2a: Mesprit
|
|win|Gеrard Way
</script>
</div>
<div class="battle-log battle-log-inline"><div class="inner"><div class="battle-options"></div><div class="inner"><div class=""><small>Format:</small> <br><strong>PU</strong></div><div class=""><small><em>Cláusula-Mod de Dormir:</em> solo puedes dormir a uno de tus oponentes a la vez.</small></div><div class=""><small><em>Cláusula de Especie:</em> Hasta un Pokémon de cada especie</small></div><div class=""><small><em>Cláusula de Golpe Fulminante:</em> los movimientos fulminantes (OHKO) estan prohibidos</small></div><div class=""><small><em>Cláusula de Veleta:</em> la habilidad Veleta está prohibida</small></div><div class=""><small><em>Cláusula de Movimientos Evasivos:</em> los movimientos de Evasión están prohibidos.</small></div><div class=""><small><em>Cláusula de Batallas Eternas:</em> forzar batallas eternas está prohibido</small></div><div class="chat battle-history"><strong>Gеrard Way's team:</strong> <em style="color:#445566;display:block;">Hitmonchan / Mesprit / Quagsire / Rotom-Frost / Cradily / Flareon</em></div><div class="chat battle-history"><strong>EL Cadaver de Xed's team:</strong> <em style="color:#445566;display:block;">Persian-Alola / Jellicent / Raichu-Alola / Togedemaru / Mesprit / Hitmonchan</em></div><div class="chat chatmessage-elcadaverdexed"><strong style="color:hsl(238,82%,62.866466042104534%)"><small>☆</small><span class="username" data-name="EL Cadaver de Xed">EL Cadaver de Xed</span>:</strong> <em><a href="https://www.youtube.com/watch?v=8KjORka7f-s" rel="noopener" target="_blank">https://www.youtube.com/watch?v=8KjORka7f-s</a></em></div><div class="chat chatmessage-elcadaverdexed"><strong style="color:hsl(238,82%,62.866466042104534%)"><small>☆</small><span class="username" data-name="EL Cadaver de Xed">EL Cadaver de Xed</span>:</strong> <em>top quality shitposting</em></div><div class="chat chatmessage-elcadaverdexed"><strong style="color:hsl(238,82%,62.866466042104534%)"><small>☆</small><span class="username" data-name="EL Cadaver de Xed">EL Cadaver de Xed</span>:</strong> <em>gl hf</em></div><div class="spacer battle-history"><br></div><div class="battle-history">Battle started between Gеrard Way and EL Cadaver de Xed!<br></div><div class="spacer battle-history"><br></div><div class="battle-history">Go! <strong>Cradily</strong>!<br></div><div class="spacer battle-history"><br></div><div class="battle-history">EL Cadaver de Xed sent out <strong>Togedemaru</strong>!<br></div><div class="spacer battle-history"><br></div><h2 class="battle-history">Turn 1</h2><div class="chat chatmessage-grardway"><strong style="color:hsl(23,56%,44%)"><small>☆</small><span class="username" data-name="Gеrard Way">Gеrard Way</span>:</strong> <em>Same :0</em></div><div class="spacer battle-history"><br></div><div class="battle-history">Cradily, come back!<br></div><div class="battle-history">Go! <strong>Quagsire</strong>!<br></div><div class="spacer battle-history"><br></div><div class="battle-history">The opposing Togedemaru used <strong>Toxic</strong>!<br></div><div class="battle-history"><small>Quagsire avoided the attack!</small><br></div><div class="spacer battle-history"><br></div><h2 class="battle-history">Turn 2</h2><div class="chat chatmessage-elcadaverdexed"><strong style="color:hsl(238,82%,62.866466042104534%)"><small>☆</small><span class="username" data-name="EL Cadaver de Xed">EL Cadaver de Xed</span>:</strong> <em>fuck</em></div><div class="chat chatmessage-elcadaverdexed"><strong style="color:hsl(238,82%,62.866466042104534%)"><small>☆</small><span class="username" data-name="EL Cadaver de Xed">EL Cadaver de Xed</span>:</strong> <em>ya me viene le karma :(</em></div><div class="spacer battle-history"><br></div><div class="battle-history">EL Cadaver de Xed withdrew Togedemaru!<br></div><div class="battle-history">EL Cadaver de Xed sent out <strong>Mesprit</strong>!<br></div><div class="spacer battle-history"><br></div><div class="battle-history">Quagsire used <strong>Scald</strong>!<br></div><div class="battle-history"><small>(The opposing Mesprit lost <abbr title="−55/364">15.1%</abbr> of its health!)</small><br></div><div class="spacer battle-history"><br></div><h2 class="battle-history">Turn 3</h2><div class="spacer battle-history"><br></div><div class="battle-history">Quagsire, come back!<br></div><div class="battle-history">Go! <strong>Cradily</strong>!<br></div><div class="spacer battle-history"><br></div><div class="battle-history">The opposing Mesprit used <strong>U-turn</strong>!<br></div><div class="battle-history"><small>It's super effective!</small><br></div><div class="battle-history"><small>A critical hit!</small><br></div><div class="battle-history"><small>(Cradily lost <abbr title="−146/376">38.8%</abbr> of its health!)</small><br></div><div class="chat chatmessage-elcadaverdexed"><strong style="color:hsl(238,82%,62.866466042104534%)"><small>☆</small><span class="username" data-name="EL Cadaver de Xed">EL Cadaver de Xed</span>:</strong> <em>...</em></div><div class="chat chatmessage-elcadaverdexed"><strong style="color:hsl(238,82%,62.866466042104534%)"><small>☆</small><span class="username" data-name="EL Cadaver de Xed">EL Cadaver de Xed</span>:</strong> <em>&gt;:D</em></div><div class="spacer battle-history"><br></div><div class="battle-history">The opposing Mesprit went back to EL Cadaver de Xed!<br></div><div class="battle-history">EL Cadaver de Xed sent out Raichu (<strong>Raichu-Alola</strong>)!<br></div><div class="spacer battle-history"><br></div><div class="battle-history"><small>Cradily restored a little HP using its Leftovers!</small><br></div><div class="spacer battle-history"><br></div><h2 class="battle-history">Turn 4</h2><div class="spacer battle-history"><br></div><div class="battle-history">The opposing Raichu used <strong>Nasty Plot</strong>!<br></div><div class="battle-history"><small>The opposing Raichu's Special Attack rose sharply!</small><br></div><div class="spacer battle-history"><br></div><div class="battle-history">Cradily used <strong>Recover</strong>!<br></div><div class="battle-history"><small>Cradily restored its HP.</small><br></div><div class="spacer battle-history"><br></div><h2 class="battle-history">Turn 5</h2><div class="chat chatmessage-elcadaverdexed"><strong style="color:hsl(238,82%,62.866466042104534%)"><small>☆</small><span class="username" data-name="EL Cadaver de Xed">EL Cadaver de Xed</span>:</strong> <em>raichu pensara en la vida que podrian llevar juntos</em></div><div class="chat chatmessage-grardway"><strong style="color:hsl(23,56%,44%)"><small>☆</small><span class="username" data-name="Gеrard Way">Gеrard Way</span>:</strong> <em>Uy, ya pecheé</em></div><div class="spacer battle-history"><br></div><div class="battle-history">The opposing Raichu used <strong>Psyshock</strong>!<br></div><div class="battle-history"><small>(Cradily lost <abbr title="−290/376">77.1%</abbr> of its health!)</small><br></div><div class="battle-history"><small>The opposing Raichu lost some of its HP!</small><br></div><div class="spacer battle-history"><br></div><div class="battle-history">Cradily used <strong>Stealth Rock</strong>!<br></div><div class="battle-history"><small>Pointed stones float in the air around the opposing team!</small><br></div><div class="spacer battle-history"><br></div><div class="battle-history"><small>Cradily restored a little HP using its Leftovers!</small><br></div><div class="spacer battle-history"><br></div><h2 class="battle-history">Turn 6</h2><div class="chat chatmessage-edwardellric"><strong style="color:hsl(55,45%,33%)"><small> </small><span class="username" data-name="🐮EdwardEllric🐮">🐮EdwardEllric🐮</span>:</strong> <em></em></div><div class="spacer battle-history"><br></div><div class="battle-history">Cradily, come back!<br></div><div class="battle-history">Go! <strong>Mesprit</strong>!<br></div><div class="spacer battle-history"><br></div><div class="battle-history">The opposing Raichu used <strong>Nasty Plot</strong>!<br></div><div class="battle-history"><small>The opposing Raichu's Special Attack rose sharply!</small><br></div><div class="spacer battle-history"><br></div><h2 class="battle-history">Turn 7</h2><div class="spacer battle-history"><br></div><div class="battle-history">Mesprit used <strong>U-turn</strong>!<br></div><div class="battle-history"><small>It's super effective!</small><br></div><div class="battle-history"><small>(The opposing Raichu lost <abbr title="−178/261">68.2%</abbr> of its health!)</small><br></div><div class="spacer battle-history"><br></div><div class="battle-history">Mesprit went back to Gеrard Way!<br></div><div class="battle-history">Go! <strong>Quagsire</strong>!<br></div><div class="spacer battle-history"><br></div><div class="battle-history">The opposing Raichu used <strong>Thunderbolt</strong>!<br></div><div class="battle-history"><small>It doesn't affect Quagsire...</small><br></div><div class="spacer battle-history"><br></div><h2 class="battle-history">Turn 8</h2><div class="chat chatmessage-elcadaverdexed"><strong style="color:hsl(238,82%,62.866466042104534%)"><small>☆</small><span class="username" data-name="EL Cadaver de Xed">EL Cadaver de Xed</span>:</strong> <em>wp</em></div><div class="spacer battle-history"><br></div><div class="battle-history">The opposing Raichu used <strong>Grass Knot</strong>!<br></div><div class="battle-history"><small>It's super effective!</small><br></div><div class="battle-history"><small>(Quagsire lost <abbr title="−394/394">100%</abbr> of its health!)</small><br></div><div class="battle-history"><small>The opposing Raichu lost some of its HP!</small><br></div><div class="spacer battle-history"><br></div><div class="battle-history">Quagsire fainted!<br></div><div class="spacer battle-history"><br></div><div class="battle-history">Go! <strong>Mesprit</strong>!<br></div><div class="spacer battle-history"><br></div><h2 class="battle-history">Turn 9</h2><div class="chat chatmessage-edwardellric"><strong style="color:hsl(55,45%,33%)"><small> </small><span class="username" data-name="🐮EdwardEllric🐮">🐮EdwardEllric🐮</span>:</strong> <em>trucazo</em></div><div class="spacer battle-history"><br></div><div class="battle-history">EL Cadaver de Xed withdrew Raichu!<br></div><div class="battle-history">EL Cadaver de Xed sent out <strong>Hitmonchan</strong>!<br></div><div class="battle-history"><small>Pointed stones dug into the opposing Hitmonchan!</small><br></div><div class="spacer battle-history"><br></div><div class="battle-history">Mesprit used <strong>U-turn</strong>!<br></div><div class="battle-history"><small>It's not very effective...</small><br></div><div class="battle-history"><small>(The opposing Hitmonchan lost <abbr title="−31/303">10.2%</abbr> of its health!)</small><br></div><div class="spacer battle-history"><br></div><div class="battle-history">Mesprit went back to Gеrard Way!<br></div><div class="battle-history">Go! <strong>Flareon</strong>!<br></div><div class="spacer battle-history"><br></div><h2 class="battle-history">Turn 10</h2><div class="spacer battle-history"><br></div><div class="battle-history">Flareon used <strong>Flare Blitz</strong>!<br></div><div class="battle-history"><small>(The opposing Hitmonchan lost <abbr title="−254/303">83.8%</abbr> of its health!)</small><br></div><div class="battle-history"><small>Flareon is damaged by the recoil!</small><br></div><div class="spacer battle-history"><br></div><div class="battle-history">The opposing Hitmonchan fainted!<br></div><div class="chat chatmessage-elcadaverdexed"><strong style="color:hsl(238,82%,62.866466042104534%)"><small>☆</small><span class="username" data-name="EL Cadaver de Xed">EL Cadaver de Xed</span>:</strong> <em>damn</em></div><div class="chat chatmessage-elcadaverdexed"><strong style="color:hsl(238,82%,62.866466042104534%)"><small>☆</small><span class="username" data-name="EL Cadaver de Xed">EL Cadaver de Xed</span>:</strong> <em>that shit good</em></div><div class="spacer battle-history"><br></div><div class="battle-history">EL Cadaver de Xed sent out Persian (<strong>Persian-Alola</strong>)!<br></div><div class="battle-history"><small>Pointed stones dug into the opposing Persian!</small><br></div><div class="spacer battle-history"><br></div><h2 class="battle-history">Turn 11</h2><div class="spacer battle-history"><br></div><div class="battle-history">The opposing Persian used <strong>Parting Shot</strong>!<br></div><div class="battle-history"><small>Flareon's Attack fell!</small><br></div><div class="battle-history"><small>Flareon's Special Attack fell!</small><br></div><div class="chat chatmessage-elcadaverdexed"><strong style="color:hsl(238,82%,62.866466042104534%)"><small>☆</small><span class="username" data-name="EL Cadaver de Xed">EL Cadaver de Xed</span>:</strong> <em>band, nice</em></div><div class="spacer battle-history"><br></div><div class="battle-history">EL Cadaver de Xed withdrew Persian!<br></div><div class="battle-history">EL Cadaver de Xed sent out <strong>Jellicent</strong>!<br></div><div class="battle-history"><small>Pointed stones dug into the opposing Jellicent!</small><br></div><div class="spacer battle-history"><br></div><div class="battle-history">Flareon used <strong>Flare Blitz</strong>!<br></div><div class="battle-history"><small>It's not very effective...</small><br></div><div class="battle-history"><small>(The opposing Jellicent lost <abbr title="−155/341">45.5%</abbr> of its health!)</small><br></div><div class="battle-history"><small>Flareon is damaged by the recoil!</small><br></div><div class="spacer battle-history"><br></div><h2 class="battle-history">Turn 12</h2><div class="chat chatmessage-elcadaverdexed"><strong style="color:hsl(238,82%,62.866466042104534%)"><small>☆</small><span class="username" data-name="EL Cadaver de Xed">EL Cadaver de Xed</span>:</strong> <em>damn</em></div><div class="spacer battle-history"><br></div><div class="battle-history">Flareon used <strong>Flare Blitz</strong>!<br></div><div class="battle-history"><small>It's not very effective...</small><br></div><div class="battle-history"><small>(The opposing Jellicent lost <abbr title="−144/341">42.2%</abbr> of its health!)</small><br></div><div class="battle-history"><small>Flareon is damaged by the recoil!</small><br></div><div class="spacer battle-history"><br></div><div class="battle-history">The opposing Jellicent fainted!<br></div><div class="spacer battle-history"><br></div><div class="battle-history">EL Cadaver de Xed sent out Persian (<strong>Persian-Alola</strong>)!<br></div><div class="battle-history"><small>Pointed stones dug into the opposing Persian!</small><br></div><div class="spacer battle-history"><br></div><h2 class="battle-history">Turn 13</h2><div class="spacer battle-history"><br></div><div class="battle-history">The opposing Persian used <strong>Foul Play</strong>!<br></div><div class="battle-history"><small>(Flareon lost <abbr title="−88/271">32.5%</abbr> of its health!)</small><br></div><div class="spacer battle-history"><br></div><div class="battle-history">Flareon fainted!<br></div><div class="spacer battle-history"><br></div><div class="battle-history">Go! <strong>Hitmonchan</strong>!<br></div><div class="spacer battle-history"><br></div><h2 class="battle-history">Turn 14</h2><div class="chat chatmessage-elcadaverdexed"><strong style="color:hsl(238,82%,62.866466042104534%)"><small>☆</small><span class="username" data-name="EL Cadaver de Xed">EL Cadaver de Xed</span>:</strong> <em><a href="https://www.youtube.com/watch?v=0ysBaqfHRcE" rel="noopener" target="_blank">https://www.youtube.com/watch?v=0ysBaqfHRcE</a></em></div><div class="spacer battle-history"><br></div><div class="battle-history">EL Cadaver de Xed withdrew Persian!<br></div><div class="battle-history">EL Cadaver de Xed sent out <strong>Mesprit</strong>!<br></div><div class="battle-history"><small>Pointed stones dug into the opposing Mesprit!</small><br></div><div class="spacer battle-history"><br></div><div class="battle-history">Hitmonchan used <strong>Mach Punch</strong>!<br></div><div class="battle-history"><small>It's not very effective...</small><br></div><div class="battle-history"><small>(The opposing Mesprit lost <abbr title="−26/364">7.1%</abbr> of its health!)</small><br></div><div class="spacer battle-history"><br></div><h2 class="battle-history">Turn 15</h2><div class="spacer battle-history"><br></div><div class="battle-history">Hitmonchan, come back!<br></div><div class="battle-history">Go! Rotom (<strong>Rotom-Frost</strong>)!<br></div><div class="spacer battle-history"><br></div><div class="battle-history">The opposing Mesprit used <strong>Stealth Rock</strong>!<br></div><div class="battle-history"><small>Pointed stones float in the air around your team!</small><br></div><div class="spacer battle-history"><br></div><h2 class="battle-history">Turn 16</h2><div class="spacer battle-history"><br></div><div class="battle-history">Rotom used <strong>Blizzard</strong>!<br></div><div class="battle-history"><small>(The opposing Mesprit lost <abbr title="−168/364">46.2%</abbr> of its health!)</small><br></div><div class="spacer battle-history"><br></div><div class="battle-history">The opposing Mesprit used <strong>U-turn</strong>!<br></div><div class="battle-history"><small>(Rotom lost <abbr title="−48/241">19.9%</abbr> of its health!)</small><br></div><div class="spacer battle-history"><br></div><div class="battle-history">The opposing Mesprit went back to EL Cadaver de Xed!<br></div><div class="battle-history">EL Cadaver de Xed sent out <strong>Togedemaru</strong>!<br></div><div class="battle-history"><small>Pointed stones dug into the opposing Togedemaru!</small><br></div><div class="spacer battle-history"><br></div><h2 class="battle-history">Turn 17</h2><div class="spacer battle-history"><br></div><div class="battle-history">The opposing Togedemaru used <strong>Iron Head</strong>!<br></div><div class="battle-history"><small>(Rotom lost <abbr title="−120/241">49.8%</abbr> of its health!)</small><br></div><div class="battle-history"><small>Rotom surrounded itself with its Z-Power!</small><br></div><div class="spacer battle-history"><br></div><div class="battle-history">Rotom used <strong>Subzero Slammer</strong>!<br></div><div class="battle-history"><small>It's not very effective...</small><br></div><div class="battle-history"><small>(The opposing Togedemaru lost <abbr title="−189/271">69.7%</abbr> of its health!)</small><br></div><div class="spacer battle-history"><br></div><h2 class="battle-history">Turn 18</h2><div class="spacer battle-history"><br></div><div class="battle-history">EL Cadaver de Xed withdrew Togedemaru!<br></div><div class="battle-history">EL Cadaver de Xed sent out Raichu (<strong>Raichu-Alola</strong>)!<br></div><div class="battle-history"><small>Pointed stones dug into the opposing Raichu!</small><br></div><div class="spacer battle-history"><br></div><div class="battle-history">The opposing Raichu fainted!<br></div><div class="battle-history">Rotom used <strong>Blizzard</strong>!<br></div><div class="battle-history"><small>But there was no target...</small><br></div><div class="spacer battle-history"><br></div><div class="battle-history">EL Cadaver de Xed sent out Persian (<strong>Persian-Alola</strong>)!<br></div><div class="battle-history"><small>Pointed stones dug into the opposing Persian!</small><br></div><div class="spacer battle-history"><br></div><h2 class="battle-history">Turn 19</h2><div class="spacer battle-history"><br></div><div class="battle-history"><small>The opposing Persian surrounded itself with its Z-Power!</small><br></div><div class="spacer battle-history"><br></div><div class="battle-history">The opposing Persian used <strong>Z-Parting Shot</strong>!<br></div><div class="battle-history"><small>Rotom's Attack fell!</small><br></div><div class="battle-history"><small>Rotom's Special Attack fell!</small><br></div><div class="battle-history"><small>The opposing Persian will restore its replacement's HP using its Z-Power!</small><br></div><div class="spacer battle-history"><br></div><div class="battle-history">EL Cadaver de Xed withdrew Persian!<br></div><div class="battle-history">EL Cadaver de Xed sent out <strong>Mesprit</strong>!<br></div><div class="battle-history"><small>The opposing Mesprit's HP was restored by the Z-Power!</small><br></div><div class="battle-history"><small>Pointed stones dug into the opposing Mesprit!</small><br></div><div class="spacer battle-history"><br></div><div class="battle-history">Rotom used <strong>Blizzard</strong>!<br></div><div class="battle-history"><small>(The opposing Mesprit lost <abbr title="−106/364">29.1%</abbr> of its health!)</small><br></div><div class="spacer battle-history"><br></div><h2 class="battle-history">Turn 20</h2><div class="chat chatmessage-elcadaverdexed"><strong style="color:hsl(238,82%,62.866466042104534%)"><small>☆</small><span class="username" data-name="EL Cadaver de Xed">EL Cadaver de Xed</span>:</strong> <em>es mi unica forma de no perder vs mach punch</em></div><div class="chat chatmessage-elcadaverdexed"><strong style="color:hsl(238,82%,62.866466042104534%)"><small>☆</small><span class="username" data-name="EL Cadaver de Xed">EL Cadaver de Xed</span>:</strong> <em>aunque igual ganas :/</em></div><div class="spacer battle-history"><br></div><div class="battle-history">Rotom used <strong>Blizzard</strong>!<br></div><div class="battle-history"><small>The opposing Mesprit avoided the attack!</small><br></div><div class="spacer battle-history"><br></div><div class="battle-history">The opposing Mesprit used <strong>Psychic</strong>!<br></div><div class="battle-history"><small>(Rotom lost <abbr title="−73/241">30.3%</abbr> of its health!)</small><br></div><div class="spacer battle-history"><br></div><div class="battle-history">Rotom fainted!<br></div><div class="chat chatmessage-grardway"><strong style="color:hsl(23,56%,44%)"><small>☆</small><span class="username" data-name="Gеrard Way">Gеrard Way</span>:</strong> <em>y</em></div><div class="chat chatmessage-grardway"><strong style="color:hsl(23,56%,44%)"><small>☆</small><span class="username" data-name="Gеrard Way">Gеrard Way</span>:</strong> <em>Pero igual, gg wp</em></div><div class="spacer battle-history"><br></div><div class="battle-history">Go! <strong>Mesprit</strong>!<br></div><div class="battle-history"><small>Pointed stones dug into Mesprit!</small><br></div><div class="spacer battle-history"><br></div><h2 class="battle-history">Turn 21</h2><div class="spacer battle-history"><br></div><div class="battle-history">Mesprit used <strong>U-turn</strong>!<br></div><div class="battle-history"><small>It's super effective!</small><br></div><div class="battle-history"><small>(The opposing Mesprit lost <abbr title="−84/364">23.1%</abbr> of its health!)</small><br></div><div class="spacer battle-history"><br></div><div class="battle-history">Mesprit went back to Gеrard Way!<br></div><div class="battle-history">Go! <strong>Cradily</strong>!<br></div><div class="battle-history"><small>Pointed stones dug into Cradily!</small><br></div><div class="spacer battle-history"><br></div><div class="battle-history">The opposing Mesprit used <strong>U-turn</strong>!<br></div><div class="battle-history"><small>It's super effective!</small><br></div><div class="battle-history"><small>(Cradily lost <abbr title="−62/376">16.5%</abbr> of its health!)</small><br></div><div class="spacer battle-history"><br></div><div class="battle-history">Cradily fainted!<br></div><div class="spacer battle-history"><br></div><div class="battle-history">The opposing Mesprit went back to EL Cadaver de Xed!<br></div><div class="battle-history">EL Cadaver de Xed sent out Persian (<strong>Persian-Alola</strong>)!<br></div><div class="battle-history"><small>Pointed stones dug into the opposing Persian!</small><br></div><div class="spacer battle-history"><br></div><div class="battle-history">Go! <strong>Mesprit</strong>!<br></div><div class="battle-history"><small>Pointed stones dug into Mesprit!</small><br></div><div class="spacer battle-history"><br></div><h2 class="battle-history">Turn 22</h2><div class="spacer battle-history"><br></div><div class="battle-history">Mesprit used <strong>Dazzling Gleam</strong>!<br></div><div class="battle-history"><small>It's super effective!</small><br></div><div class="battle-history"><small>(The opposing Persian lost <abbr title="−169/333">50.8%</abbr> of its health!)</small><br></div><div class="spacer battle-history"><br></div><div class="battle-history">The opposing Persian fainted!<br></div><div class="spacer battle-history"><br></div><div class="battle-history">EL Cadaver de Xed sent out <strong>Togedemaru</strong>!<br></div><div class="battle-history"><small>Pointed stones dug into the opposing Togedemaru!</small><br></div><div class="spacer battle-history"><br></div><h2 class="battle-history">Turn 23</h2><div class="spacer battle-history"><br></div><div class="battle-history">The opposing Togedemaru used <strong>Zing Zap</strong>!<br></div><div class="battle-history"><small>(Mesprit lost <abbr title="−108/301">35.9%</abbr> of its health!)</small><br></div><div class="spacer battle-history"><br></div><div class="battle-history">Mesprit used <strong>Dazzling Gleam</strong>!<br></div><div class="battle-history"><small>It's not very effective...</small><br></div><div class="battle-history"><small>(The opposing Togedemaru lost <abbr title="−50/271">18.5%</abbr> of its health!)</small><br></div><div class="spacer battle-history"><br></div><div class="battle-history">The opposing Togedemaru fainted!<br></div><div class="spacer battle-history"><br></div><div class="battle-history">EL Cadaver de Xed sent out <strong>Mesprit</strong>!<br></div><div class="battle-history"><small>Pointed stones dug into the opposing Mesprit!</small><br></div><div class="spacer battle-history"><br></div><h2 class="battle-history">Turn 24</h2><div class="chat chatmessage-elcadaverdexed"><strong style="color:hsl(238,82%,62.866466042104534%)"><small>☆</small><span class="username" data-name="EL Cadaver de Xed">EL Cadaver de Xed</span>:</strong> <em>gg</em></div><div class="chat chatmessage-elcadaverdexed"><strong style="color:hsl(238,82%,62.866466042104534%)"><small>☆</small><span class="username" data-name="EL Cadaver de Xed">EL Cadaver de Xed</span>:</strong> <em>wp ywy</em></div><div class="chat chatmessage-grardway"><strong style="color:hsl(23,56%,44%)"><small>☆</small><span class="username" data-name="Gеrard Way">Gеrard Way</span>:</strong> <em>gg</em></div><div class="chat chatmessage-grardway"><strong style="color:hsl(23,56%,44%)"><small>☆</small><span class="username" data-name="Gеrard Way">Gеrard Way</span>:</strong> <em>wp :)</em></div><div class="spacer battle-history"><br></div><div class="battle-history">Mesprit used <strong>Dazzling Gleam</strong>!<br></div><div class="battle-history"><small>(The opposing Mesprit lost <abbr title="−80/364">22.0%</abbr> of its health!)</small><br></div><div class="spacer battle-history"><br></div><div class="battle-history">The opposing Mesprit used <strong>Psychic</strong>!<br></div><div class="battle-history"><small>It's not very effective...</small><br></div><div class="battle-history"><small>(Mesprit lost <abbr title="−48/301">15.9%</abbr> of its health!)</small><br></div><div class="spacer battle-history"><br></div><h2 class="battle-history">Turn 25</h2><div class="spacer battle-history"><br></div><div class="battle-history">Mesprit used <strong>Dazzling Gleam</strong>!<br></div><div class="battle-history"><small>(The opposing Mesprit lost <abbr title="−4/364">1.1%</abbr> of its health!)</small><br></div><div class="spacer battle-history"><br></div><div class="battle-history">The opposing Mesprit fainted!<br></div><div class="spacer battle-history"><br></div><div class="battle-history"><strong>Gеrard Way</strong> won the battle!<br></div></div><div class="inner-preempt"></div></div></div>
</div>
<script>
let daily = Math.floor(Date.now()/1000/60/60/24);document.write('<script src="https://play.pokemonshowdown.com/js/replay-embed.js?version'+daily+'"></'+'script>');
</script>
