<!DOCTYPE html>
<meta charset="utf-8" />
<!-- version 1 -->
<title>PU replay: LucyBellNeedsGlory vs. Marowhacker</title>
<style>
html,body {font-family:Verdana, sans-serif;font-size:10pt;margin:0;padding:0;}body{padding:12px 0;} .battle-log {font-family:Verdana, sans-serif;font-size:10pt;} .battle-log-inline {border:1px solid #AAAAAA;background:#EEF2F5;color:black;max-width:640px;margin:0 auto 80px;padding-bottom:5px;} .battle-log .inner {padding:4px 8px 0px 8px;} .battle-log .inner-preempt {padding:0 8px 4px 8px;} .battle-log .inner-after {margin-top:0.5em;} .battle-log h2 {margin:0.5em -8px;padding:4px 8px;border:1px solid #AAAAAA;background:#E0E7EA;border-left:0;border-right:0;font-family:Verdana, sans-serif;font-size:13pt;} .battle-log .chat {vertical-align:middle;padding:3px 0 3px 0;font-size:8pt;} .battle-log .chat strong {color:#40576A;} .battle-log .chat em {padding:1px 4px 1px 3px;color:#000000;font-style:normal;} .chat.mine {background:rgba(0,0,0,0.05);margin-left:-8px;margin-right:-8px;padding-left:8px;padding-right:8px;} .spoiler {color:#BBBBBB;background:#BBBBBB;padding:0px 3px;} .spoiler:hover, .spoiler:active, .spoiler-shown {color:#000000;background:#E2E2E2;padding:0px 3px;} .spoiler a {color:#BBBBBB;} .spoiler:hover a, .spoiler:active a, .spoiler-shown a {color:#2288CC;} .chat code, .chat .spoiler:hover code, .chat .spoiler:active code, .chat .spoiler-shown code {border:1px solid #C0C0C0;background:#EEEEEE;color:black;padding:0 2px;} .chat .spoiler code {border:1px solid #CCCCCC;background:#CCCCCC;color:#CCCCCC;} .battle-log .rated {padding:3px 4px;} .battle-log .rated strong {color:white;background:#89A;padding:1px 4px;border-radius:4px;} .spacer {margin-top:0.5em;} .message-announce {background:#6688AA;color:white;padding:1px 4px 2px;} .message-announce a, .broadcast-green a, .broadcast-blue a, .broadcast-red a {color:#DDEEFF;} .broadcast-green {background-color:#559955;color:white;padding:2px 4px;} .broadcast-blue {background-color:#6688AA;color:white;padding:2px 4px;} .infobox {border:1px solid #6688AA;padding:2px 4px;} .infobox-limited {max-height:200px;overflow:auto;overflow-x:hidden;} .broadcast-red {background-color:#AA5544;color:white;padding:2px 4px;} .message-learn-canlearn {font-weight:bold;color:#228822;text-decoration:underline;} .message-learn-cannotlearn {font-weight:bold;color:#CC2222;text-decoration:underline;} .message-effect-weak {font-weight:bold;color:#CC2222;} .message-effect-resist {font-weight:bold;color:#6688AA;} .message-effect-immune {font-weight:bold;color:#666666;} .message-learn-list {margin-top:0;margin-bottom:0;} .message-throttle-notice, .message-error {color:#992222;} .message-overflow, .chat small.message-overflow {font-size:0pt;} .message-overflow::before {font-size:9pt;content:'...';} .subtle {color:#3A4A66;}
</style>
<div class="wrapper replay-wrapper" style="max-width:1180px;margin:0 auto">
<input type="hidden" name="replayid" value="pu-572347193" />
<div class="battle"></div><div class="battle-log"></div><div class="replay-controls"></div><div class="replay-controls-2"></div>
<h1 style="font-weight:normal;text-align:center"><strong>PU</strong><br /><a href="http://pokemonshowdown.com/users/lucybellneedsglory" class="subtle" target="_blank">LucyBellNeedsGlory</a> vs. <a href="http://pokemonshowdown.com/users/marowhacker" class="subtle" target="_blank">Marowhacker</a></h1>
<script type="text/plain" class="battle-log-data">|j|LucyBellNeedsGlory
|j|Marowhacker
|player|p1|LucyBellNeedsGlory|#2xthetap
|player|p2|Marowhacker|177
|gametype|singles
|gen|6
|tier|PU
|rated
|seed|65249,60762,62225,31189
|rule|Sleep Clause Mod: Limit one foe put to sleep
|rule|Species Clause: Limit one of each Pokémon
|rule|OHKO Clause: OHKO moves are banned
|rule|Moody Clause: Moody is banned
|rule|Evasion Moves Clause: Evasion moves are banned
|rule|Endless Battle Clause: Forcing endless battles is banned
|rule|HP Percentage Mod: HP is shown in percentages
|clearpoke
|poke|p1|Rampardos, F|item
|poke|p1|Trevenant, M|item
|poke|p1|Beheeyem, M|item
|poke|p1|Seviper, M|item
|poke|p1|Carbink|item
|poke|p1|Marowak, F|item
|poke|p2|Flareon, F|item
|poke|p2|Illumise, F|item
|poke|p2|Mawile, F|item
|poke|p2|Bellossom, M|item
|poke|p2|Corsola, M|item
|poke|p2|Simipour, F|item
|rule|Swagger Clause: Swagger is banned
|rule|Baton Pass Clause: Limit one Baton Passer, can't pass Spe and other stats simultaneously
|teampreview
|inactive|Battle timer is ON: inactive players will automatically lose when time's up. (requested by Marowhacker)
|choice|team 4, team 2, team 3, team 1, team 5, team 6|team 5, team 2, team 3, team 4, team 1, team 6
|
|start
|switch|p1a: Seviper|Seviper, M|349\/349
|switch|p2a: Neighborhood|Corsola, M|314\/314
|turn|1
|choice|move gigadrain|move confuseray
|
|move|p1a: Seviper|Giga Drain|p2a: Neighborhood
|-supereffective|p2a: Neighborhood
|-damage|p2a: Neighborhood|0 fnt
|-damage|p1a: Seviper|315\/349|[from] item: Life Orb
|faint|p2a: Neighborhood
|
|upkeep
|choice||switch 2
|
|switch|p2a: Raleigh|Illumise, F|334\/334
|turn|2
|choice|switch 5|move mudslap
|
|switch|p1a: Carbink|Carbink|241\/241
|move|p2a: Raleigh|Mud-Slap|p1a: Carbink
|-supereffective|p1a: Carbink
|-damage|p1a: Carbink|223\/241
|-unboost|p1a: Carbink|accuracy|1
|
|upkeep
|turn|3
|choice|move stealthrock|move mudslap
|
|move|p2a: Raleigh|Mud-Slap|p1a: Carbink
|-supereffective|p1a: Carbink
|-crit|p1a: Carbink
|-damage|p1a: Carbink|195\/241
|-unboost|p1a: Carbink|accuracy|1
|move|p1a: Carbink|Stealth Rock|p2a: Raleigh
|-sidestart|p2: Marowhacker|move: Stealth Rock
|
|upkeep
|turn|4
|choice|move trickroom|move mudslap
|
|move|p2a: Raleigh|Mud-Slap|p1a: Carbink
|-supereffective|p1a: Carbink
|-damage|p1a: Carbink|177\/241
|-unboost|p1a: Carbink|accuracy|1
|move|p1a: Carbink|Trick Room|p1a: Carbink
|-fieldstart|move: Trick Room|[of] p1a: Carbink
|
|upkeep
|turn|5
|choice|move reflect|move mudslap
|
|move|p1a: Carbink|Reflect|p1a: Carbink
|-sidestart|p1: LucyBellNeedsGlory|Reflect
|move|p2a: Raleigh|Mud-Slap|p1a: Carbink
|-supereffective|p1a: Carbink
|-damage|p1a: Carbink|157\/241
|-unboost|p1a: Carbink|accuracy|1
|
|upkeep
|turn|6
|choice|switch 6|move mudslap
|
|switch|p1a: Marowak|Marowak, F|323\/323
|move|p2a: Raleigh|Mud-Slap|p1a: Marowak
|-damage|p1a: Marowak|309\/323
|-unboost|p1a: Marowak|accuracy|1
|
|upkeep
|turn|7
|choice|move stoneedge|move mudslap
|
|move|p1a: Marowak|Stone Edge|p2a: Raleigh
|-supereffective|p2a: Raleigh
|-damage|p2a: Raleigh|0 fnt
|faint|p2a: Raleigh
|
|upkeep
|choice||switch 5
|
|switch|p2a: Text|Flareon, F|334\/334
|-damage|p2a: Text|251\/334|[from] Stealth Rock
|turn|8
|choice|switch 6|move willowisp
|
|switch|p1a: Carbink|Carbink|157\/241
|move|p2a: Text|Will-O-Wisp|p1a: Carbink
|-status|p1a: Carbink|brn
|
|-damage|p1a: Carbink|127\/241 brn|[from] brn
|-fieldend|move: Trick Room
|upkeep
|turn|9
|choice|move trickroom|move rest
|
|move|p2a: Text|Rest|p2a: Text
|-status|p2a: Text|slp
|-heal|p2a: Text|334\/334 slp|[silent]
|-status|p2a: Text|slp|[from] move: Rest
|move|p1a: Carbink|Trick Room|p1a: Carbink
|-fieldstart|move: Trick Room|[of] p1a: Carbink
|
|-damage|p1a: Carbink|97\/241 brn|[from] brn
|-sideend|p1: LucyBellNeedsGlory|Reflect
|upkeep
|turn|10
|choice|move reflect|move bite
|
|cant|p2a: Text|slp
|move|p1a: Carbink|Reflect|p1a: Carbink
|-sidestart|p1: LucyBellNeedsGlory|Reflect
|
|-damage|p1a: Carbink|67\/241 brn|[from] brn
|upkeep
|turn|11
|choice|move explosion|move bite
|
|cant|p2a: Text|slp
|move|p1a: Carbink|Explosion|p2a: Text
|-damage|p2a: Text|202\/334 slp
|faint|p1a: Carbink
|
|upkeep
|choice|switch 4|
|
|switch|p1a: Rampardos|Rampardos, F|335\/335
|turn|12
|choice|move rockslide|move willowisp
|
|move|p1a: Rampardos|Rock Slide|p2a: Text
|-supereffective|p2a: Text
|-damage|p2a: Text|0 fnt
|faint|p2a: Text
|
|upkeep
|choice||switch 6
|
|switch|p2a: Placed|Simipour, F|292\/292
|-damage|p2a: Placed|256\/292|[from] Stealth Rock
|turn|13
|choice|move rockslide|move hiddenpower
|
|move|p1a: Rampardos|Rock Slide|p2a: Placed
|-crit|p2a: Placed
|-damage|p2a: Placed|0 fnt
|faint|p2a: Placed
|
|-fieldend|move: Trick Room
|upkeep
|choice||switch 4
|
|switch|p2a: Explosive|Bellossom, M|292\/292
|-damage|p2a: Explosive|256\/292|[from] Stealth Rock
|turn|14
|choice|switch 3|move energyball
|
|switch|p1a: Beheeyem|Beheeyem, M|353\/353
|move|p2a: Explosive|Energy Ball|p1a: Beheeyem
|-damage|p1a: Beheeyem|227\/353
|
|-sideend|p1: LucyBellNeedsGlory|Reflect
|upkeep
|turn|15
|choice|move trickroom|move energyball
|
|move|p2a: Explosive|Energy Ball|p1a: Beheeyem
|-damage|p1a: Beheeyem|97\/353
|move|p1a: Beheeyem|Trick Room|p1a: Beheeyem
|-fieldstart|move: Trick Room|[of] p1a: Beheeyem
|
|upkeep
|turn|16
|choice|switch 5|move energyball
|
|switch|p1a: Seviper|Seviper, M|315\/349
|move|p2a: Explosive|Energy Ball|p1a: Seviper
|-resisted|p1a: Seviper
|-damage|p1a: Seviper|228\/349
|
|upkeep
|turn|17
|choice|move flamethrower|switch 3
|
|switch|p2a: Putin|Mawile, F|304\/304
|-damage|p2a: Putin|285\/304|[from] Stealth Rock
|-ability|p2a: Putin|Intimidate|boost
|-unboost|p1a: Seviper|atk|1
|move|p1a: Seviper|Flamethrower|p2a: Putin
|-supereffective|p2a: Putin
|-damage|p2a: Putin|0 fnt
|-damage|p1a: Seviper|194\/349|[from] item: Life Orb
|faint|p2a: Putin
|
|upkeep
|-message|Marowhacker forfeited.
|
|win|LucyBellNeedsGlory
|l|Marowhacker
|raw|LucyBellNeedsGlory's rating: 1317 &rarr; <strong>1325<\/strong><br \/>(+8 for winning)
|raw|Marowhacker's rating: 1057 &rarr; <strong>1050<\/strong><br \/>(-7 for losing)</script>
</div>
<div class="battle-log battle-log-inline"><div class="inner"><div class="battle-options"></div><div class="inner"><div class="chat"><small>LucyBellNeedsGlory joined.</small></div><div class="chat"><small>Marowhacker joined.</small></div><div class=""><small>Format:</small> <br><strong>PU</strong></div><div class="rated"><strong>Rated battle</strong></div><div class=""><small><em>Sleep Clause Mod:</em> Limit one foe put to sleep</small></div><div class=""><small><em>Species Clause:</em> Limit one of each Pokémon</small></div><div class=""><small><em>OHKO Clause:</em> OHKO moves are banned</small></div><div class=""><small><em>Moody Clause:</em> Moody is banned</small></div><div class=""><small><em>Evasion Moves Clause:</em> Evasion moves are banned</small></div><div class=""><small><em>Endless Battle Clause:</em> Forcing endless battles is banned</small></div><div class=""><small><em>HP Percentage Mod:</em> HP is shown in percentages</small></div><div class=""><small><em>Swagger Clause:</em> Swagger is banned</small></div><div class=""><small><em>Baton Pass Clause:</em> Limit one Baton Passer, can't pass Spe and other stats simultaneously</small></div><div class="chat battle-history"><strong>LucyBellNeedsGlory's team:</strong> <em style="color:#445566;display:block;">Rampardos / Trevenant / Beheeyem / Seviper / Carbink / Marowak</em></div><div class="chat battle-history"><strong>Marowhacker's team:</strong> <em style="color:#445566;display:block;">Flareon / Illumise / Mawile / Bellossom / Corsola / Simipour</em></div><div class="chat message-error">Battle timer is ON: inactive players will automatically lose when time's up. (requested by Marowhacker)</div><div class="spacer battle-history"><br></div><div class="battle-history">Battle started between LucyBellNeedsGlory and Marowhacker!<br></div><div class="spacer battle-history"><br></div><div class="battle-history">Go! <strong>Seviper</strong>!<br></div><div class="spacer battle-history"><br></div><div class="battle-history">Marowhacker sent out Neighborhood (<strong>Corsola</strong>)!<br></div><div class="spacer battle-history"><br></div><h2 class="battle-history">Turn 1</h2><div class="spacer battle-history"><br></div><div class="battle-history">Seviper used <strong>Giga Drain</strong>!<br></div><div class="battle-history"><small>It's super effective!</small><br></div><div class="battle-history"><small>(The opposing Neighborhood lost <abbr title="−314/314">100%</abbr> of its health!)</small><br></div><div class="battle-history"><small>Seviper lost some of its HP!</small><br></div><div class="spacer battle-history"><br></div><div class="battle-history">The opposing Neighborhood fainted!<br></div><div class="spacer battle-history"><br></div><div class="battle-history">Marowhacker sent out Raleigh (<strong>Illumise</strong>)!<br></div><div class="spacer battle-history"><br></div><h2 class="battle-history">Turn 2</h2><div class="spacer battle-history"><br></div><div class="battle-history">Seviper, come back!<br></div><div class="battle-history">Go! <strong>Carbink</strong>!<br></div><div class="spacer battle-history"><br></div><div class="battle-history">The opposing Raleigh used <strong>Mud-Slap</strong>!<br></div><div class="battle-history"><small>It's super effective!</small><br></div><div class="battle-history"><small>(Carbink lost <abbr title="−18/241">7.5%</abbr> of its health!)</small><br></div><div class="battle-history"><small>Carbink's accuracy fell!</small><br></div><div class="spacer battle-history"><br></div><h2 class="battle-history">Turn 3</h2><div class="spacer battle-history"><br></div><div class="battle-history">The opposing Raleigh used <strong>Mud-Slap</strong>!<br></div><div class="battle-history"><small>It's super effective!</small><br></div><div class="battle-history"><small>A critical hit!</small><br></div><div class="battle-history"><small>(Carbink lost <abbr title="−28/241">11.6%</abbr> of its health!)</small><br></div><div class="battle-history"><small>Carbink's accuracy fell!</small><br></div><div class="spacer battle-history"><br></div><div class="battle-history">Carbink used <strong>Stealth Rock</strong>!<br></div><div class="battle-history"><small>Pointed stones float in the air around the opposing team!</small><br></div><div class="spacer battle-history"><br></div><h2 class="battle-history">Turn 4</h2><div class="spacer battle-history"><br></div><div class="battle-history">The opposing Raleigh used <strong>Mud-Slap</strong>!<br></div><div class="battle-history"><small>It's super effective!</small><br></div><div class="battle-history"><small>(Carbink lost <abbr title="−18/241">7.5%</abbr> of its health!)</small><br></div><div class="battle-history"><small>Carbink's accuracy fell!</small><br></div><div class="spacer battle-history"><br></div><div class="battle-history">Carbink used <strong>Trick Room</strong>!<br></div><div class="battle-history"><small>Carbink twisted the dimensions!</small><br></div><div class="spacer battle-history"><br></div><h2 class="battle-history">Turn 5</h2><div class="spacer battle-history"><br></div><div class="battle-history">Carbink used <strong>Reflect</strong>!<br></div><div class="battle-history"><small>Reflect made your team stronger against physical moves!</small><br></div><div class="spacer battle-history"><br></div><div class="battle-history">The opposing Raleigh used <strong>Mud-Slap</strong>!<br></div><div class="battle-history"><small>It's super effective!</small><br></div><div class="battle-history"><small>(Carbink lost <abbr title="−20/241">8.3%</abbr> of its health!)</small><br></div><div class="battle-history"><small>Carbink's accuracy fell!</small><br></div><div class="spacer battle-history"><br></div><h2 class="battle-history">Turn 6</h2><div class="spacer battle-history"><br></div><div class="battle-history">Carbink, come back!<br></div><div class="battle-history">Go! <strong>Marowak</strong>!<br></div><div class="spacer battle-history"><br></div><div class="battle-history">The opposing Raleigh used <strong>Mud-Slap</strong>!<br></div><div class="battle-history"><small>(Marowak lost <abbr title="−14/323">4.3%</abbr> of its health!)</small><br></div><div class="battle-history"><small>Marowak's accuracy fell!</small><br></div><div class="spacer battle-history"><br></div><h2 class="battle-history">Turn 7</h2><div class="spacer battle-history"><br></div><div class="battle-history">Marowak used <strong>Stone Edge</strong>!<br></div><div class="battle-history"><small>It's super effective!</small><br></div><div class="battle-history"><small>(The opposing Raleigh lost <abbr title="−334/334">100%</abbr> of its health!)</small><br></div><div class="spacer battle-history"><br></div><div class="battle-history">The opposing Raleigh fainted!<br></div><div class="spacer battle-history"><br></div><div class="battle-history">Marowhacker sent out Text (<strong>Flareon</strong>)!<br></div><div class="battle-history"><small>Pointed stones dug into the opposing Text!</small><br></div><div class="spacer battle-history"><br></div><h2 class="battle-history">Turn 8</h2><div class="spacer battle-history"><br></div><div class="battle-history">Marowak, come back!<br></div><div class="battle-history">Go! <strong>Carbink</strong>!<br></div><div class="spacer battle-history"><br></div><div class="battle-history">The opposing Text used <strong>Will-O-Wisp</strong>!<br></div><div class="battle-history"><small>Carbink was burned!</small><br></div><div class="spacer battle-history"><br></div><div class="battle-history"><small>Carbink was hurt by its burn!</small><br></div><div class="battle-history"><small>The twisted dimensions returned to normal!</small><br></div><div class="spacer battle-history"><br></div><h2 class="battle-history">Turn 9</h2><div class="spacer battle-history"><br></div><div class="battle-history">The opposing Text used <strong>Rest</strong>!<br></div><div class="battle-history"><small>The opposing Text fell asleep!</small><br></div><div class="battle-history"><small>The opposing Text slept and became healthy!</small><br></div><div class="spacer battle-history"><br></div><div class="battle-history">Carbink used <strong>Trick Room</strong>!<br></div><div class="battle-history"><small>Carbink twisted the dimensions!</small><br></div><div class="spacer battle-history"><br></div><div class="battle-history"><small>Carbink was hurt by its burn!</small><br></div><div class="battle-history"><small>Your team's Reflect wore off!</small><br></div><div class="spacer battle-history"><br></div><h2 class="battle-history">Turn 10</h2><div class="spacer battle-history"><br></div><div class="battle-history">The opposing Text is fast asleep.<br></div><div class="spacer battle-history"><br></div><div class="battle-history">Carbink used <strong>Reflect</strong>!<br></div><div class="battle-history"><small>Reflect made your team stronger against physical moves!</small><br></div><div class="spacer battle-history"><br></div><div class="battle-history"><small>Carbink was hurt by its burn!</small><br></div><div class="spacer battle-history"><br></div><h2 class="battle-history">Turn 11</h2><div class="spacer battle-history"><br></div><div class="battle-history">The opposing Text is fast asleep.<br></div><div class="spacer battle-history"><br></div><div class="battle-history">Carbink used <strong>Explosion</strong>!<br></div><div class="battle-history"><small>(The opposing Text lost <abbr title="−132/334">39.5%</abbr> of its health!)</small><br></div><div class="spacer battle-history"><br></div><div class="battle-history">Carbink fainted!<br></div><div class="spacer battle-history"><br></div><div class="battle-history">Go! <strong>Rampardos</strong>!<br></div><div class="spacer battle-history"><br></div><h2 class="battle-history">Turn 12</h2><div class="spacer battle-history"><br></div><div class="battle-history">Rampardos used <strong>Rock Slide</strong>!<br></div><div class="battle-history"><small>It's super effective!</small><br></div><div class="battle-history"><small>(The opposing Text lost <abbr title="−202/334">60.5%</abbr> of its health!)</small><br></div><div class="spacer battle-history"><br></div><div class="battle-history">The opposing Text fainted!<br></div><div class="spacer battle-history"><br></div><div class="battle-history">Marowhacker sent out Placed (<strong>Simipour</strong>)!<br></div><div class="battle-history"><small>Pointed stones dug into the opposing Placed!</small><br></div><div class="spacer battle-history"><br></div><h2 class="battle-history">Turn 13</h2><div class="spacer battle-history"><br></div><div class="battle-history">Rampardos used <strong>Rock Slide</strong>!<br></div><div class="battle-history"><small>A critical hit!</small><br></div><div class="battle-history"><small>(The opposing Placed lost <abbr title="−256/292">87.7%</abbr> of its health!)</small><br></div><div class="spacer battle-history"><br></div><div class="battle-history">The opposing Placed fainted!<br></div><div class="spacer battle-history"><br></div><div class="battle-history"><small>The twisted dimensions returned to normal!</small><br></div><div class="spacer battle-history"><br></div><div class="battle-history">Marowhacker sent out Explosive (<strong>Bellossom</strong>)!<br></div><div class="battle-history"><small>Pointed stones dug into the opposing Explosive!</small><br></div><div class="spacer battle-history"><br></div><h2 class="battle-history">Turn 14</h2><div class="spacer battle-history"><br></div><div class="battle-history">Rampardos, come back!<br></div><div class="battle-history">Go! <strong>Beheeyem</strong>!<br></div><div class="spacer battle-history"><br></div><div class="battle-history">The opposing Explosive used <strong>Energy Ball</strong>!<br></div><div class="battle-history"><small>(Beheeyem lost <abbr title="−126/353">35.7%</abbr> of its health!)</small><br></div><div class="spacer battle-history"><br></div><div class="battle-history"><small>Your team's Reflect wore off!</small><br></div><div class="spacer battle-history"><br></div><h2 class="battle-history">Turn 15</h2><div class="spacer battle-history"><br></div><div class="battle-history">The opposing Explosive used <strong>Energy Ball</strong>!<br></div><div class="battle-history"><small>(Beheeyem lost <abbr title="−130/353">36.8%</abbr> of its health!)</small><br></div><div class="spacer battle-history"><br></div><div class="battle-history">Beheeyem used <strong>Trick Room</strong>!<br></div><div class="battle-history"><small>Beheeyem twisted the dimensions!</small><br></div><div class="spacer battle-history"><br></div><h2 class="battle-history">Turn 16</h2><div class="spacer battle-history"><br></div><div class="battle-history">Beheeyem, come back!<br></div><div class="battle-history">Go! <strong>Seviper</strong>!<br></div><div class="spacer battle-history"><br></div><div class="battle-history">The opposing Explosive used <strong>Energy Ball</strong>!<br></div><div class="battle-history"><small>It's not very effective...</small><br></div><div class="battle-history"><small>(Seviper lost <abbr title="−87/349">24.9%</abbr> of its health!)</small><br></div><div class="spacer battle-history"><br></div><h2 class="battle-history">Turn 17</h2><div class="spacer battle-history"><br></div><div class="battle-history">Marowhacker withdrew Explosive!<br></div><div class="battle-history">Marowhacker sent out Putin (<strong>Mawile</strong>)!<br></div><div class="battle-history"><small>Pointed stones dug into the opposing Putin!</small><br></div><div class="battle-history"><small>[The opposing Putin's Intimidate]</small><br></div><div class="battle-history"><small>Seviper's Attack fell!</small><br></div><div class="spacer battle-history"><br></div><div class="battle-history">Seviper used <strong>Flamethrower</strong>!<br></div><div class="battle-history"><small>It's super effective!</small><br></div><div class="battle-history"><small>(The opposing Putin lost <abbr title="−285/304">93.8%</abbr> of its health!)</small><br></div><div class="battle-history"><small>Seviper lost some of its HP!</small><br></div><div class="spacer battle-history"><br></div><div class="battle-history">The opposing Putin fainted!<br></div><div class="spacer battle-history"><br></div><div class="battle-history"><small>Marowhacker forfeited.</small><br></div><div class="spacer battle-history"><br></div><div class="battle-history"><strong>LucyBellNeedsGlory</strong> won the battle!<br></div><div class="chat"><small>Marowhacker left.</small></div><div class="chat">LucyBellNeedsGlory's rating: 1317 → <strong>1325</strong><br>(+8 for winning)</div><div class="chat">Marowhacker's rating: 1057 → <strong>1050</strong><br>(-7 for losing)</div></div><div class="inner-preempt"></div></div></div>
</div>
<script>
let daily = Math.floor(Date.now()/1000/60/60/24);document.write('<script src="https://play.pokemonshowdown.com/js/replay-embed.js?version'+daily+'"></'+'script>');
</script>
