<!DOCTYPE html>
<meta charset="utf-8" />
<!-- version 1 -->
<title>PU replay: lcezasfuck vs. Alolan's_Butt</title>
<style>
html,body {font-family:Verdana, sans-serif;font-size:10pt;margin:0;padding:0;}body{padding:12px 0;} .battle-log {font-family:Verdana, sans-serif;font-size:10pt;} .battle-log-inline {border:1px solid #AAAAAA;background:#EEF2F5;color:black;max-width:640px;margin:0 auto 80px;padding-bottom:5px;} .battle-log .inner {padding:4px 8px 0px 8px;} .battle-log .inner-preempt {padding:0 8px 4px 8px;} .battle-log .inner-after {margin-top:0.5em;} .battle-log h2 {margin:0.5em -8px;padding:4px 8px;border:1px solid #AAAAAA;background:#E0E7EA;border-left:0;border-right:0;font-family:Verdana, sans-serif;font-size:13pt;} .battle-log .chat {vertical-align:middle;padding:3px 0 3px 0;font-size:8pt;} .battle-log .chat strong {color:#40576A;} .battle-log .chat em {padding:1px 4px 1px 3px;color:#000000;font-style:normal;} .chat.mine {background:rgba(0,0,0,0.05);margin-left:-8px;margin-right:-8px;padding-left:8px;padding-right:8px;} .spoiler {color:#BBBBBB;background:#BBBBBB;padding:0px 3px;} .spoiler:hover, .spoiler:active, .spoiler-shown {color:#000000;background:#E2E2E2;padding:0px 3px;} .spoiler a {color:#BBBBBB;} .spoiler:hover a, .spoiler:active a, .spoiler-shown a {color:#2288CC;} .chat code, .chat .spoiler:hover code, .chat .spoiler:active code, .chat .spoiler-shown code {border:1px solid #C0C0C0;background:#EEEEEE;color:black;padding:0 2px;} .chat .spoiler code {border:1px solid #CCCCCC;background:#CCCCCC;color:#CCCCCC;} .battle-log .rated {padding:3px 4px;} .battle-log .rated strong {color:white;background:#89A;padding:1px 4px;border-radius:4px;} .spacer {margin-top:0.5em;} .message-announce {background:#6688AA;color:white;padding:1px 4px 2px;} .message-announce a, .broadcast-green a, .broadcast-blue a, .broadcast-red a {color:#DDEEFF;} .broadcast-green {background-color:#559955;color:white;padding:2px 4px;} .broadcast-blue {background-color:#6688AA;color:white;padding:2px 4px;} .infobox {border:1px solid #6688AA;padding:2px 4px;} .infobox-limited {max-height:200px;overflow:auto;overflow-x:hidden;} .broadcast-red {background-color:#AA5544;color:white;padding:2px 4px;} .message-learn-canlearn {font-weight:bold;color:#228822;text-decoration:underline;} .message-learn-cannotlearn {font-weight:bold;color:#CC2222;text-decoration:underline;} .message-effect-weak {font-weight:bold;color:#CC2222;} .message-effect-resist {font-weight:bold;color:#6688AA;} .message-effect-immune {font-weight:bold;color:#666666;} .message-learn-list {margin-top:0;margin-bottom:0;} .message-throttle-notice, .message-error {color:#992222;} .message-overflow, .chat small.message-overflow {font-size:0pt;} .message-overflow::before {font-size:9pt;content:'...';} .subtle {color:#3A4A66;}
</style>
<div class="wrapper replay-wrapper" style="max-width:1180px;margin:0 auto">
<input type="hidden" name="replayid" value="pu-564298004" />
<div class="battle"></div><div class="battle-log"></div><div class="replay-controls"></div><div class="replay-controls-2"></div>
<h1 style="font-weight:normal;text-align:center"><strong>PU</strong><br /><a href="http://pokemonshowdown.com/users/lcezasfuck" class="subtle" target="_blank">lcezasfuck</a> vs. <a href="http://pokemonshowdown.com/users/alolansbutt" class="subtle" target="_blank">Alolan's_Butt</a></h1>
<script type="text/plain" class="battle-log-data">|j|lcezasfuck
|j|Alolan's_Butt
|player|p1|lcezasfuck|1
|player|p2|Alolan's_Butt|266
|gametype|singles
|gen|6
|tier|PU
|rated
|seed|41013,44300,51387,15196
|rule|Sleep Clause Mod: Limit one foe put to sleep
|rule|Species Clause: Limit one of each Pokémon
|rule|OHKO Clause: OHKO moves are banned
|rule|Moody Clause: Moody is banned
|rule|Evasion Moves Clause: Evasion moves are banned
|rule|Endless Battle Clause: Forcing endless battles is banned
|rule|HP Percentage Mod: HP is shown in percentages
|clearpoke
|poke|p1|Monferno, F|item
|poke|p1|Clefairy, F|item
|poke|p1|Avalugg, F|item
|poke|p1|Politoed, M|item
|poke|p1|Marowak, F|item
|poke|p1|Raichu, F|item
|poke|p2|Natu, F|item
|poke|p2|Lopunny, M|item
|poke|p2|Misdreavus, M|item
|poke|p2|Mr. Mime, F|item
|poke|p2|Smeargle, M|item
|poke|p2|Furfrou, F|item
|rule|Swagger Clause: Swagger is banned
|rule|Baton Pass Clause: Limit one Baton Passer, can't pass Spe and other stats simultaneously
|teampreview
|choice|team 1, team 2, team 3, team 4, team 5, team 6|team 5, team 2, team 3, team 4, team 1, team 6
|
|start
|switch|p1a: Bulk as Fuck|Monferno, F|269\/269
|switch|p2a: Special|Smeargle, M|314\/314
|turn|1
|choice|move flareblitz|move stealthrock
|
|move|p1a: Bulk as Fuck|Flare Blitz|p2a: Special
|-crit|p2a: Special
|-enditem|p2a: Special|Focus Sash
|-damage|p2a: Special|1\/314
|-damage|p1a: Bulk as Fuck|166\/269|[from] recoil|[of] p2a: Special
|move|p2a: Special|Stealth Rock|p1a: Bulk as Fuck
|-sidestart|p1: lcezasfuck|move: Stealth Rock
|
|upkeep
|turn|2
|choice|move flareblitz|switch 3
|
|switch|p2a: AssHole|Misdreavus, M|324\/324
|move|p1a: Bulk as Fuck|Flare Blitz|p2a: AssHole
|-damage|p2a: AssHole|204\/324
|-damage|p1a: Bulk as Fuck|126\/269|[from] recoil|[of] p2a: AssHole
|
|upkeep
|turn|3
|choice|switch 2|move meanlook
|
|switch|p1a: Clefairy|Clefairy, F|344\/344
|move|p2a: AssHole|Mean Look|p1a: Clefairy
|-activate|p1a: Clefairy|trapped
|
|upkeep
|turn|4
|choice|move knockoff|move thunderwave
|
|move|p2a: AssHole|Thunder Wave|p1a: Clefairy
|-status|p1a: Clefairy|par
|move|p1a: Clefairy|Knock Off|p2a: AssHole
|-supereffective|p2a: AssHole
|-damage|p2a: AssHole|144\/324
|-enditem|p2a: AssHole|Eviolite|[from] move: Knock Off|[of] p1a: Clefairy
|
|upkeep
|turn|5
|choice|move knockoff|move flash
|
|move|p2a: AssHole|Flash|p1a: Clefairy
|-unboost|p1a: Clefairy|accuracy|1
|move|p1a: Clefairy|Knock Off|p2a: AssHole
|-supereffective|p2a: AssHole
|-damage|p2a: AssHole|90\/324
|
|upkeep
|turn|6
|choice|move moonblast|move flash
|
|move|p2a: AssHole|Flash|p1a: Clefairy
|-unboost|p1a: Clefairy|accuracy|1
|move|p1a: Clefairy|Moonblast|p2a: AssHole|[miss]
|-miss|p1a: Clefairy|p2a: AssHole
|
|upkeep
|turn|7
|choice|move healbell|move flash
|
|move|p2a: AssHole|Flash|p1a: Clefairy
|-unboost|p1a: Clefairy|accuracy|1
|move|p1a: Clefairy|Heal Bell|p1a: Clefairy
|-activate|p1a: Clefairy|move: Heal Bell
|-curestatus|p1a: Clefairy|par|[msg]
|
|upkeep
|turn|8
|choice|move moonblast|move thunderwave
|
|move|p2a: AssHole|Thunder Wave|p1a: Clefairy
|-status|p1a: Clefairy|par
|move|p1a: Clefairy|Moonblast|p2a: AssHole
|-damage|p2a: AssHole|11\/324
|-unboost|p2a: AssHole|spa|1
|
|upkeep
|turn|9
|choice|move moonblast|move taunt
|
|move|p2a: AssHole|Taunt|p1a: Clefairy
|-start|p1a: Clefairy|move: Taunt
|move|p1a: Clefairy|Moonblast|p2a: AssHole
|-damage|p2a: AssHole|0 fnt
|faint|p2a: AssHole
|
|upkeep
|choice||switch 2
|
|switch|p2a: encore Incominggg|Lopunny, M|306\/306
|turn|10
|choice|switch 2|move cosmicpower
|
|switch|p1a: Bulk as Fuck|Monferno, F|126\/269
|-damage|p1a: Bulk as Fuck|93\/269|[from] Stealth Rock
|move|p2a: encore Incominggg|Cosmic Power|p2a: encore Incominggg
|-boost|p2a: encore Incominggg|def|1
|-boost|p2a: encore Incominggg|spd|1
|
|upkeep
|turn|11
|choice|move closecombat|move cosmicpower
|
|move|p1a: Bulk as Fuck|Close Combat|p2a: encore Incominggg
|-supereffective|p2a: encore Incominggg
|-damage|p2a: encore Incominggg|28\/306
|-unboost|p1a: Bulk as Fuck|def|1
|-unboost|p1a: Bulk as Fuck|spd|1
|-enditem|p2a: encore Incominggg|Sitrus Berry|[eat]
|-heal|p2a: encore Incominggg|104\/306|[from] item: Sitrus Berry
|move|p2a: encore Incominggg|Cosmic Power|p2a: encore Incominggg
|-boost|p2a: encore Incominggg|def|1
|-boost|p2a: encore Incominggg|spd|1
|
|upkeep
|turn|12
|choice|move closecombat|move batonpass
|
|move|p1a: Bulk as Fuck|Close Combat|p2a: encore Incominggg
|-supereffective|p2a: encore Incominggg
|-damage|p2a: encore Incominggg|0 fnt
|-unboost|p1a: Bulk as Fuck|def|1
|-unboost|p1a: Bulk as Fuck|spd|1
|faint|p2a: encore Incominggg
|
|upkeep
|choice||switch 6
|
|switch|p2a: Furfrou|Furfrou, F|324\/324
|turn|13
|choice|move closecombat|move chargebeam
|
|move|p1a: Bulk as Fuck|Close Combat|p2a: Furfrou
|-supereffective|p2a: Furfrou
|-damage|p2a: Furfrou|106\/324
|-unboost|p1a: Bulk as Fuck|def|1
|-unboost|p1a: Bulk as Fuck|spd|1
|move|p2a: Furfrou|Charge Beam|p1a: Bulk as Fuck
|-damage|p1a: Bulk as Fuck|0 fnt
|-boost|p2a: Furfrou|spa|1
|faint|p1a: Bulk as Fuck
|
|-heal|p2a: Furfrou|126\/324|[from] item: Leftovers
|upkeep
|choice|switch 6|
|
|switch|p1a: Shut Up Swanna|Raichu, F|261\/261
|-damage|p1a: Shut Up Swanna|229\/261|[from] Stealth Rock
|turn|14
|choice|move thunderbolt|move hypervoice
|
|move|p1a: Shut Up Swanna|Thunderbolt|p2a: Furfrou
|-damage|p2a: Furfrou|0 fnt
|-damage|p1a: Shut Up Swanna|203\/261|[from] item: Life Orb
|faint|p2a: Furfrou
|
|upkeep
|choice||switch 4
|
|switch|p2a: Mr. Mime|Mr. Mime, F|284\/284
|turn|15
|choice|move nastyplot|move nastyplot
|
|move|p1a: Shut Up Swanna|Nasty Plot|p1a: Shut Up Swanna
|-boost|p1a: Shut Up Swanna|spa|2
|move|p2a: Mr. Mime|Nasty Plot|p2a: Mr. Mime
|-boost|p2a: Mr. Mime|spa|2
|
|upkeep
|turn|16
|choice|move thunderbolt|move psyshock
|
|move|p1a: Shut Up Swanna|Thunderbolt|p2a: Mr. Mime
|-damage|p2a: Mr. Mime|0 fnt
|-damage|p1a: Shut Up Swanna|177\/261|[from] item: Life Orb
|faint|p2a: Mr. Mime
|
|upkeep
|-message|Alolan's_Butt forfeited.
|
|win|lcezasfuck
|raw|lcezasfuck's rating: 1439 &rarr; <strong>1452<\/strong><br \/>(+13 for winning)
|raw|Alolan&apos;s_Butt's rating: 1310 &rarr; <strong>1297<\/strong><br \/>(-13 for losing)</script>
</div>
<div class="battle-log battle-log-inline"><div class="inner"><div class="battle-options"></div><div class="inner"><div class="chat"><small>lcezasfuck joined.</small></div><div class="chat"><small>Alolan's_Butt joined.</small></div><div class=""><small>Format:</small> <br><strong>PU</strong></div><div class="rated"><strong>Rated battle</strong></div><div class=""><small><em>Sleep Clause Mod:</em> Limit one foe put to sleep</small></div><div class=""><small><em>Species Clause:</em> Limit one of each Pokémon</small></div><div class=""><small><em>OHKO Clause:</em> OHKO moves are banned</small></div><div class=""><small><em>Moody Clause:</em> Moody is banned</small></div><div class=""><small><em>Evasion Moves Clause:</em> Evasion moves are banned</small></div><div class=""><small><em>Endless Battle Clause:</em> Forcing endless battles is banned</small></div><div class=""><small><em>HP Percentage Mod:</em> HP is shown in percentages</small></div><div class=""><small><em>Swagger Clause:</em> Swagger is banned</small></div><div class=""><small><em>Baton Pass Clause:</em> Limit one Baton Passer, can't pass Spe and other stats simultaneously</small></div><div class="chat battle-history"><strong>lcezasfuck's team:</strong> <em style="color:#445566;display:block;">Monferno / Clefairy / Avalugg / Politoed / Marowak / Raichu</em></div><div class="chat battle-history"><strong>Alolan's_Butt's team:</strong> <em style="color:#445566;display:block;">Natu / Lopunny / Misdreavus / Mr. Mime / Smeargle / Furfrou</em></div><div class="spacer battle-history"><br></div><div class="battle-history">Battle started between lcezasfuck and Alolan's_Butt!<br></div><div class="spacer battle-history"><br></div><div class="battle-history">Go! Bulk as Fuck (<strong>Monferno</strong>)!<br></div><div class="spacer battle-history"><br></div><div class="battle-history">Alolan's_Butt sent out Special (<strong>Smeargle</strong>)!<br></div><div class="spacer battle-history"><br></div><h2 class="battle-history">Turn 1</h2><div class="spacer battle-history"><br></div><div class="battle-history">Bulk as Fuck used <strong>Flare Blitz</strong>!<br></div><div class="battle-history"><small>A critical hit!</small><br></div><div class="battle-history"><small>The opposing Special hung on using its Focus Sash!</small><br></div><div class="battle-history"><small>(The opposing Special lost <abbr title="−313/314">99.7%</abbr> of its health!)</small><br></div><div class="battle-history"><small>Bulk as Fuck is damaged by the recoil!</small><br></div><div class="spacer battle-history"><br></div><div class="battle-history">The opposing Special used <strong>Stealth Rock</strong>!<br></div><div class="battle-history"><small>Pointed stones float in the air around your team!</small><br></div><div class="spacer battle-history"><br></div><h2 class="battle-history">Turn 2</h2><div class="spacer battle-history"><br></div><div class="battle-history">Alolan's_Butt withdrew Special!<br></div><div class="battle-history">Alolan's_Butt sent out AssHole (<strong>Misdreavus</strong>)!<br></div><div class="spacer battle-history"><br></div><div class="battle-history">Bulk as Fuck used <strong>Flare Blitz</strong>!<br></div><div class="battle-history"><small>(The opposing AssHole lost <abbr title="−120/324">37.0%</abbr> of its health!)</small><br></div><div class="battle-history"><small>Bulk as Fuck is damaged by the recoil!</small><br></div><div class="spacer battle-history"><br></div><h2 class="battle-history">Turn 3</h2><div class="spacer battle-history"><br></div><div class="battle-history">Bulk as Fuck, come back!<br></div><div class="battle-history">Go! <strong>Clefairy</strong>!<br></div><div class="spacer battle-history"><br></div><div class="battle-history">The opposing AssHole used <strong>Mean Look</strong>!<br></div><div class="battle-history"><small>Clefairy can no longer escape!</small><br></div><div class="spacer battle-history"><br></div><h2 class="battle-history">Turn 4</h2><div class="spacer battle-history"><br></div><div class="battle-history">The opposing AssHole used <strong>Thunder Wave</strong>!<br></div><div class="battle-history"><small>Clefairy is paralyzed! It may be unable to move!</small><br></div><div class="spacer battle-history"><br></div><div class="battle-history">Clefairy used <strong>Knock Off</strong>!<br></div><div class="battle-history"><small>It's super effective!</small><br></div><div class="battle-history"><small>(The opposing AssHole lost <abbr title="−60/324">18.5%</abbr> of its health!)</small><br></div><div class="battle-history"><small>Clefairy knocked off the opposing AssHole's Eviolite!</small><br></div><div class="spacer battle-history"><br></div><h2 class="battle-history">Turn 5</h2><div class="spacer battle-history"><br></div><div class="battle-history">The opposing AssHole used <strong>Flash</strong>!<br></div><div class="battle-history"><small>Clefairy's accuracy fell!</small><br></div><div class="spacer battle-history"><br></div><div class="battle-history">Clefairy used <strong>Knock Off</strong>!<br></div><div class="battle-history"><small>It's super effective!</small><br></div><div class="battle-history"><small>(The opposing AssHole lost <abbr title="−54/324">16.7%</abbr> of its health!)</small><br></div><div class="spacer battle-history"><br></div><h2 class="battle-history">Turn 6</h2><div class="spacer battle-history"><br></div><div class="battle-history">The opposing AssHole used <strong>Flash</strong>!<br></div><div class="battle-history"><small>Clefairy's accuracy fell!</small><br></div><div class="spacer battle-history"><br></div><div class="battle-history">Clefairy used <strong>Moonblast</strong>!<br></div><div class="battle-history"><small>The opposing AssHole avoided the attack!</small><br></div><div class="spacer battle-history"><br></div><h2 class="battle-history">Turn 7</h2><div class="spacer battle-history"><br></div><div class="battle-history">The opposing AssHole used <strong>Flash</strong>!<br></div><div class="battle-history"><small>Clefairy's accuracy fell!</small><br></div><div class="spacer battle-history"><br></div><div class="battle-history">Clefairy used <strong>Heal Bell</strong>!<br></div><div class="battle-history"><small>A bell chimed!</small><br></div><div class="battle-history"><small>Clefairy was cured of paralysis.</small><br></div><div class="spacer battle-history"><br></div><h2 class="battle-history">Turn 8</h2><div class="spacer battle-history"><br></div><div class="battle-history">The opposing AssHole used <strong>Thunder Wave</strong>!<br></div><div class="battle-history"><small>Clefairy is paralyzed! It may be unable to move!</small><br></div><div class="spacer battle-history"><br></div><div class="battle-history">Clefairy used <strong>Moonblast</strong>!<br></div><div class="battle-history"><small>(The opposing AssHole lost <abbr title="−79/324">24.4%</abbr> of its health!)</small><br></div><div class="battle-history"><small>The opposing AssHole's Special Attack fell!</small><br></div><div class="spacer battle-history"><br></div><h2 class="battle-history">Turn 9</h2><div class="spacer battle-history"><br></div><div class="battle-history">The opposing AssHole used <strong>Taunt</strong>!<br></div><div class="battle-history"><small>Clefairy fell for the taunt!</small><br></div><div class="spacer battle-history"><br></div><div class="battle-history">Clefairy used <strong>Moonblast</strong>!<br></div><div class="battle-history"><small>(The opposing AssHole lost <abbr title="−11/324">3.4%</abbr> of its health!)</small><br></div><div class="spacer battle-history"><br></div><div class="battle-history">The opposing AssHole fainted!<br></div><div class="spacer battle-history"><br></div><div class="battle-history">Alolan's_Butt sent out encore Incominggg (<strong>Lopunny</strong>)!<br></div><div class="spacer battle-history"><br></div><h2 class="battle-history">Turn 10</h2><div class="spacer battle-history"><br></div><div class="battle-history">Clefairy, come back!<br></div><div class="battle-history">Go! Bulk as Fuck (<strong>Monferno</strong>)!<br></div><div class="battle-history"><small>Pointed stones dug into Bulk as Fuck!</small><br></div><div class="spacer battle-history"><br></div><div class="battle-history">The opposing encore Incominggg used <strong>Cosmic Power</strong>!<br></div><div class="battle-history"><small>The opposing encore Incominggg's Defense rose!</small><br></div><div class="battle-history"><small>The opposing encore Incominggg's Special Defense rose!</small><br></div><div class="spacer battle-history"><br></div><h2 class="battle-history">Turn 11</h2><div class="spacer battle-history"><br></div><div class="battle-history">Bulk as Fuck used <strong>Close Combat</strong>!<br></div><div class="battle-history"><small>It's super effective!</small><br></div><div class="battle-history"><small>(The opposing encore Incominggg lost <abbr title="−278/306">90.8%</abbr> of its health!)</small><br></div><div class="battle-history"><small>Bulk as Fuck's Defense fell!</small><br></div><div class="battle-history"><small>Bulk as Fuck's Special Defense fell!</small><br></div><div class="battle-history"><small>The opposing encore Incominggg ate its Sitrus Berry!</small><br></div><div class="battle-history"><small>The opposing encore Incominggg restored HP using its Sitrus Berry!</small><br></div><div class="spacer battle-history"><br></div><div class="battle-history">The opposing encore Incominggg used <strong>Cosmic Power</strong>!<br></div><div class="battle-history"><small>The opposing encore Incominggg's Defense rose!</small><br></div><div class="battle-history"><small>The opposing encore Incominggg's Special Defense rose!</small><br></div><div class="spacer battle-history"><br></div><h2 class="battle-history">Turn 12</h2><div class="spacer battle-history"><br></div><div class="battle-history">Bulk as Fuck used <strong>Close Combat</strong>!<br></div><div class="battle-history"><small>It's super effective!</small><br></div><div class="battle-history"><small>(The opposing encore Incominggg lost <abbr title="−104/306">34.0%</abbr> of its health!)</small><br></div><div class="battle-history"><small>Bulk as Fuck's Defense fell!</small><br></div><div class="battle-history"><small>Bulk as Fuck's Special Defense fell!</small><br></div><div class="spacer battle-history"><br></div><div class="battle-history">The opposing encore Incominggg fainted!<br></div><div class="spacer battle-history"><br></div><div class="battle-history">Alolan's_Butt sent out <strong>Furfrou</strong>!<br></div><div class="spacer battle-history"><br></div><h2 class="battle-history">Turn 13</h2><div class="spacer battle-history"><br></div><div class="battle-history">Bulk as Fuck used <strong>Close Combat</strong>!<br></div><div class="battle-history"><small>It's super effective!</small><br></div><div class="battle-history"><small>(The opposing Furfrou lost <abbr title="−218/324">67.3%</abbr> of its health!)</small><br></div><div class="battle-history"><small>Bulk as Fuck's Defense fell!</small><br></div><div class="battle-history"><small>Bulk as Fuck's Special Defense fell!</small><br></div><div class="spacer battle-history"><br></div><div class="battle-history">The opposing Furfrou used <strong>Charge Beam</strong>!<br></div><div class="battle-history"><small>(Bulk as Fuck lost <abbr title="−93/269">34.6%</abbr> of its health!)</small><br></div><div class="battle-history"><small>The opposing Furfrou's Special Attack rose!</small><br></div><div class="spacer battle-history"><br></div><div class="battle-history">Bulk as Fuck fainted!<br></div><div class="spacer battle-history"><br></div><div class="battle-history"><small>The opposing Furfrou restored a little HP using its Leftovers!</small><br></div><div class="spacer battle-history"><br></div><div class="battle-history">Go! Shut Up Swanna (<strong>Raichu</strong>)!<br></div><div class="battle-history"><small>Pointed stones dug into Shut Up Swanna!</small><br></div><div class="spacer battle-history"><br></div><h2 class="battle-history">Turn 14</h2><div class="spacer battle-history"><br></div><div class="battle-history">Shut Up Swanna used <strong>Thunderbolt</strong>!<br></div><div class="battle-history"><small>(The opposing Furfrou lost <abbr title="−126/324">38.9%</abbr> of its health!)</small><br></div><div class="battle-history"><small>Shut Up Swanna lost some of its HP!</small><br></div><div class="spacer battle-history"><br></div><div class="battle-history">The opposing Furfrou fainted!<br></div><div class="spacer battle-history"><br></div><div class="battle-history">Alolan's_Butt sent out <strong>Mr. Mime</strong>!<br></div><div class="spacer battle-history"><br></div><h2 class="battle-history">Turn 15</h2><div class="spacer battle-history"><br></div><div class="battle-history">Shut Up Swanna used <strong>Nasty Plot</strong>!<br></div><div class="battle-history"><small>Shut Up Swanna's Special Attack rose sharply!</small><br></div><div class="spacer battle-history"><br></div><div class="battle-history">The opposing Mr. Mime used <strong>Nasty Plot</strong>!<br></div><div class="battle-history"><small>The opposing Mr. Mime's Special Attack rose sharply!</small><br></div><div class="spacer battle-history"><br></div><h2 class="battle-history">Turn 16</h2><div class="spacer battle-history"><br></div><div class="battle-history">Shut Up Swanna used <strong>Thunderbolt</strong>!<br></div><div class="battle-history"><small>(The opposing Mr. Mime lost <abbr title="−284/284">100%</abbr> of its health!)</small><br></div><div class="battle-history"><small>Shut Up Swanna lost some of its HP!</small><br></div><div class="spacer battle-history"><br></div><div class="battle-history">The opposing Mr. Mime fainted!<br></div><div class="spacer battle-history"><br></div><div class="battle-history"><small>Alolan's_Butt forfeited.</small><br></div><div class="spacer battle-history"><br></div><div class="battle-history"><strong>lcezasfuck</strong> won the battle!<br></div><div class="chat">lcezasfuck's rating: 1439 → <strong>1452</strong><br>(+13 for winning)</div><div class="chat">Alolan's_Butt's rating: 1310 → <strong>1297</strong><br>(-13 for losing)</div></div><div class="inner-preempt"></div></div></div>
</div>
<script>
let daily = Math.floor(Date.now()/1000/60/60/24);document.write('<script src="https://play.pokemonshowdown.com/js/replay-embed.js?version'+daily+'"></'+'script>');
</script>
