<!DOCTYPE html>
<meta charset="utf-8" />
<!-- version 1 -->
<title>PU replay: Alolan's_Butt vs. Regice68</title>
<style>
html,body {font-family:Verdana, sans-serif;font-size:10pt;margin:0;padding:0;}body{padding:12px 0;} .battle-log {font-family:Verdana, sans-serif;font-size:10pt;} .battle-log-inline {border:1px solid #AAAAAA;background:#EEF2F5;color:black;max-width:640px;margin:0 auto 80px;padding-bottom:5px;} .battle-log .inner {padding:4px 8px 0px 8px;} .battle-log .inner-preempt {padding:0 8px 4px 8px;} .battle-log .inner-after {margin-top:0.5em;} .battle-log h2 {margin:0.5em -8px;padding:4px 8px;border:1px solid #AAAAAA;background:#E0E7EA;border-left:0;border-right:0;font-family:Verdana, sans-serif;font-size:13pt;} .battle-log .chat {vertical-align:middle;padding:3px 0 3px 0;font-size:8pt;} .battle-log .chat strong {color:#40576A;} .battle-log .chat em {padding:1px 4px 1px 3px;color:#000000;font-style:normal;} .chat.mine {background:rgba(0,0,0,0.05);margin-left:-8px;margin-right:-8px;padding-left:8px;padding-right:8px;} .spoiler {color:#BBBBBB;background:#BBBBBB;padding:0px 3px;} .spoiler:hover, .spoiler:active, .spoiler-shown {color:#000000;background:#E2E2E2;padding:0px 3px;} .spoiler a {color:#BBBBBB;} .spoiler:hover a, .spoiler:active a, .spoiler-shown a {color:#2288CC;} .chat code, .chat .spoiler:hover code, .chat .spoiler:active code, .chat .spoiler-shown code {border:1px solid #C0C0C0;background:#EEEEEE;color:black;padding:0 2px;} .chat .spoiler code {border:1px solid #CCCCCC;background:#CCCCCC;color:#CCCCCC;} .battle-log .rated {padding:3px 4px;} .battle-log .rated strong {color:white;background:#89A;padding:1px 4px;border-radius:4px;} .spacer {margin-top:0.5em;} .message-announce {background:#6688AA;color:white;padding:1px 4px 2px;} .message-announce a, .broadcast-green a, .broadcast-blue a, .broadcast-red a {color:#DDEEFF;} .broadcast-green {background-color:#559955;color:white;padding:2px 4px;} .broadcast-blue {background-color:#6688AA;color:white;padding:2px 4px;} .infobox {border:1px solid #6688AA;padding:2px 4px;} .infobox-limited {max-height:200px;overflow:auto;overflow-x:hidden;} .broadcast-red {background-color:#AA5544;color:white;padding:2px 4px;} .message-learn-canlearn {font-weight:bold;color:#228822;text-decoration:underline;} .message-learn-cannotlearn {font-weight:bold;color:#CC2222;text-decoration:underline;} .message-effect-weak {font-weight:bold;color:#CC2222;} .message-effect-resist {font-weight:bold;color:#6688AA;} .message-effect-immune {font-weight:bold;color:#666666;} .message-learn-list {margin-top:0;margin-bottom:0;} .message-throttle-notice, .message-error {color:#992222;} .message-overflow, .chat small.message-overflow {font-size:0pt;} .message-overflow::before {font-size:9pt;content:'...';} .subtle {color:#3A4A66;}
</style>
<div class="wrapper replay-wrapper" style="max-width:1180px;margin:0 auto">
<input type="hidden" name="replayid" value="pu-562583682" />
<div class="battle"></div><div class="battle-log"></div><div class="replay-controls"></div><div class="replay-controls-2"></div>
<h1 style="font-weight:normal;text-align:center"><strong>PU</strong><br /><a href="http://pokemonshowdown.com/users/alolansbutt" class="subtle" target="_blank">Alolan's_Butt</a> vs. <a href="http://pokemonshowdown.com/users/regice68" class="subtle" target="_blank">Regice68</a></h1>
<script type="text/plain" class="battle-log-data">|j|Alolan's_Butt
|j|Regice68
|player|p1|Alolan's_Butt|266
|player|p2|Regice68|201
|gametype|singles
|gen|6
|tier|PU
|rated
|seed|36810,41037,48984,27418
|rule|Sleep Clause Mod: Limit one foe put to sleep
|rule|Species Clause: Limit one of each Pokémon
|rule|OHKO Clause: OHKO moves are banned
|rule|Moody Clause: Moody is banned
|rule|Evasion Moves Clause: Evasion moves are banned
|rule|Endless Battle Clause: Forcing endless battles is banned
|rule|HP Percentage Mod: HP is shown in percentages
|clearpoke
|poke|p1|Natu, F|item
|poke|p1|Lopunny, F|item
|poke|p1|Misdreavus, F|item
|poke|p1|Bouffalant, F|item
|poke|p1|Smeargle, F|item
|poke|p1|Furfrou, F|item
|poke|p2|Pikachu, F|item
|poke|p2|Carbink|item
|poke|p2|Gigalith, F|item
|poke|p2|Kingler, F|item
|poke|p2|Stoutland, F|item
|poke|p2|Swoobat, M|item
|rule|Swagger Clause: Swagger is banned
|rule|Baton Pass Clause: Limit one Baton Passer, can't pass Spe and other stats simultaneously
|teampreview
|choice|team 5, team 2, team 3, team 4, team 1, team 6|team 3, team 2, team 1, team 4, team 5, team 6
|
|start
|switch|p1a: Special|Smeargle, F|314\/314
|switch|p2a: Gigalith|Gigalith, F|374\/374
|turn|1
|choice|move taunt|move stoneedge
|
|move|p1a: Special|Taunt|p2a: Gigalith
|-start|p2a: Gigalith|move: Taunt
|move|p2a: Gigalith|Stone Edge|p1a: Special
|-enditem|p1a: Special|Focus Sash
|-damage|p1a: Special|1\/314
|
|upkeep
|turn|2
|choice|move stickyweb|move earthquake
|
|move|p1a: Special|Sticky Web|p2a: Gigalith
|-sidestart|p2: Regice68|move: Sticky Web
|move|p2a: Gigalith|Earthquake|p1a: Special
|-damage|p1a: Special|0 fnt
|faint|p1a: Special
|
|upkeep
|choice|switch 3|
|
|switch|p1a: AssHole|Misdreavus, F|324\/324
|turn|3
|choice|move thunderwave|move stoneedge
|
|move|p1a: AssHole|Thunder Wave|p2a: Gigalith
|-status|p2a: Gigalith|par
|move|p2a: Gigalith|Stone Edge|p1a: AssHole
|-damage|p1a: AssHole|180\/324
|
|-end|p2a: Gigalith|move: Taunt
|upkeep
|turn|4
|choice|move taunt|move stealthrock
|
|move|p1a: AssHole|Taunt|p2a: Gigalith
|-start|p2a: Gigalith|move: Taunt
|cant|p2a: Gigalith|move: Taunt|Stealth Rock
|
|upkeep
|turn|5
|choice|move flash|move stoneedge
|
|move|p1a: AssHole|Flash|p2a: Gigalith
|-unboost|p2a: Gigalith|accuracy|1
|move|p2a: Gigalith|Stone Edge|p1a: AssHole
|-damage|p1a: AssHole|50\/324
|
|upkeep
|turn|6
|choice|move flash|move stoneedge
|
|move|p1a: AssHole|Flash|p2a: Gigalith
|-unboost|p2a: Gigalith|accuracy|1
|move|p2a: Gigalith|Stone Edge|p1a: AssHole
|-crit|p1a: AssHole
|-damage|p1a: AssHole|0 fnt
|faint|p1a: AssHole
|
|-end|p2a: Gigalith|move: Taunt
|upkeep
|choice|switch 6|
|
|switch|p1a: Furfrou|Furfrou, F|324\/324
|turn|7
|c|☆Regice68|.......
|choice|switch 5|move stealthrock
|
|switch|p1a: a Duck|Natu, F|284\/284
|move|p2a: Gigalith|Stealth Rock|p1a: a Duck
|move|p1a: a Duck|Stealth Rock|p2a: Gigalith|[from]Magic Bounce
|-sidestart|p2: Regice68|move: Stealth Rock
|
|upkeep
|turn|8
|choice|switch 2|move stoneedge
|
|switch|p1a: encore Incominggg|Lopunny, F|306\/306
|move|p2a: Gigalith|Stone Edge|p1a: encore Incominggg|[miss]
|-miss|p2a: Gigalith|p1a: encore Incominggg
|
|upkeep
|turn|9
|choice|move cosmicpower|move explosion
|
|move|p1a: encore Incominggg|Cosmic Power|p1a: encore Incominggg
|-boost|p1a: encore Incominggg|def|1
|-boost|p1a: encore Incominggg|spd|1
|move|p2a: Gigalith|Explosion|p1a: encore Incominggg
|-damage|p1a: encore Incominggg|55\/306
|-enditem|p1a: encore Incominggg|Sitrus Berry|[eat]
|-heal|p1a: encore Incominggg|131\/306|[from] item: Sitrus Berry
|faint|p2a: Gigalith
|
|upkeep
|choice||switch 6
|
|switch|p2a: Swoobat|Swoobat, M|338\/338
|-damage|p2a: Swoobat|254\/338|[from] Stealth Rock
|turn|10
|choice|move encore|move calmmind
|
|move|p2a: Swoobat|Calm Mind|p2a: Swoobat
|-boost|p2a: Swoobat|spa|2
|-boost|p2a: Swoobat|spd|2
|move|p1a: encore Incominggg|Encore|p2a: Swoobat
|-start|p2a: Swoobat|Encore
|
|-heal|p2a: Swoobat|275\/338|[from] item: Leftovers
|upkeep
|turn|11
|choice|move batonpass|move calmmind
|
|move|p2a: Swoobat|Calm Mind|p2a: Swoobat
|-boost|p2a: Swoobat|spa|2
|-boost|p2a: Swoobat|spd|2
|move|p1a: encore Incominggg|Baton Pass|p1a: encore Incominggg
|choice|switch 4|
|
|switch|p1a: Bouffalant|Bouffalant, F|332\/332
|
|-heal|p2a: Swoobat|296\/338|[from] item: Leftovers
|upkeep
|turn|12
|choice|move headcharge|switch 5
|
|switch|p2a: Stoutland|Stoutland, F|374\/374
|-activate|p2a: Stoutland|move: Sticky Web
|-unboost|p2a: Stoutland|spe|1
|-damage|p2a: Stoutland|328\/374|[from] Stealth Rock
|-ability|p2a: Stoutland|Intimidate|boost
|-unboost|p1a: Bouffalant|atk|1
|move|p1a: Bouffalant|Head Charge|p2a: Stoutland
|-damage|p2a: Stoutland|166\/374
|-damage|p1a: Bouffalant|291\/332|[from] recoil|[of] p2a: Stoutland
|
|upkeep
|turn|13
|choice|move headcharge|move superpower
|
|move|p1a: Bouffalant|Head Charge|p2a: Stoutland
|-damage|p2a: Stoutland|13\/374
|-damage|p1a: Bouffalant|253\/332|[from] recoil|[of] p2a: Stoutland
|move|p2a: Stoutland|Superpower|p1a: Bouffalant
|-supereffective|p1a: Bouffalant
|-damage|p1a: Bouffalant|0 fnt
|-unboost|p2a: Stoutland|atk|1
|-unboost|p2a: Stoutland|def|1
|faint|p1a: Bouffalant
|
|upkeep
|choice|switch 4|
|
|switch|p1a: encore Incominggg|Lopunny, F|131\/306
|turn|14
|choice|move cosmicpower|move superpower
|
|move|p1a: encore Incominggg|Cosmic Power|p1a: encore Incominggg
|-boost|p1a: encore Incominggg|def|1
|-boost|p1a: encore Incominggg|spd|1
|move|p2a: Stoutland|Superpower|p1a: encore Incominggg
|-supereffective|p1a: encore Incominggg
|-damage|p1a: encore Incominggg|0 fnt
|-unboost|p2a: Stoutland|atk|1
|-unboost|p2a: Stoutland|def|1
|faint|p1a: encore Incominggg
|
|upkeep
|choice|switch 5|
|
|switch|p1a: Furfrou|Furfrou, F|324\/324
|turn|15
|choice|move chargebeam|move superpower
|
|move|p1a: Furfrou|Charge Beam|p2a: Stoutland
|-damage|p2a: Stoutland|0 fnt
|-boost|p1a: Furfrou|spa|1
|faint|p2a: Stoutland
|
|upkeep
|choice||switch 5
|
|switch|p2a: Swoobat|Swoobat, M|296\/338
|-damage|p2a: Swoobat|212\/338|[from] Stealth Rock
|turn|16
|choice|move darkpulse|move calmmind
|
|move|p2a: Swoobat|Calm Mind|p2a: Swoobat
|-boost|p2a: Swoobat|spa|2
|-boost|p2a: Swoobat|spd|2
|move|p1a: Furfrou|Dark Pulse|p2a: Swoobat
|-supereffective|p2a: Swoobat
|-damage|p2a: Swoobat|62\/338
|
|-heal|p2a: Swoobat|83\/338|[from] item: Leftovers
|upkeep
|turn|17
|choice|move darkpulse|move roost
|
|move|p2a: Swoobat|Roost|p2a: Swoobat
|-heal|p2a: Swoobat|252\/338
|move|p1a: Furfrou|Dark Pulse|p2a: Swoobat
|-supereffective|p2a: Swoobat
|-damage|p2a: Swoobat|94\/338
|
|-heal|p2a: Swoobat|115\/338|[from] item: Leftovers
|upkeep
|turn|18
|choice|move darkpulse|move roost
|
|move|p2a: Swoobat|Roost|p2a: Swoobat
|-heal|p2a: Swoobat|284\/338
|move|p1a: Furfrou|Dark Pulse|p2a: Swoobat
|-supereffective|p2a: Swoobat
|-damage|p2a: Swoobat|110\/338
|
|-heal|p2a: Swoobat|131\/338|[from] item: Leftovers
|upkeep
|turn|19
|choice|move hypervoice|move roost
|
|move|p2a: Swoobat|Roost|p2a: Swoobat
|-heal|p2a: Swoobat|300\/338
|move|p1a: Furfrou|Hyper Voice|p2a: Swoobat
|-damage|p2a: Swoobat|159\/338
|
|-heal|p2a: Swoobat|180\/338|[from] item: Leftovers
|upkeep
|turn|20
|choice|move darkpulse|move calmmind
|
|move|p2a: Swoobat|Calm Mind|p2a: Swoobat
|-boost|p2a: Swoobat|spa|2
|-boost|p2a: Swoobat|spd|2
|move|p1a: Furfrou|Dark Pulse|p2a: Swoobat
|-supereffective|p2a: Swoobat
|-damage|p2a: Swoobat|78\/338
|
|-heal|p2a: Swoobat|99\/338|[from] item: Leftovers
|upkeep
|turn|21
|choice|move darkpulse|move roost
|
|move|p2a: Swoobat|Roost|p2a: Swoobat
|-heal|p2a: Swoobat|268\/338
|move|p1a: Furfrou|Dark Pulse|p2a: Swoobat
|-supereffective|p2a: Swoobat
|-damage|p2a: Swoobat|158\/338
|
|-heal|p2a: Swoobat|179\/338|[from] item: Leftovers
|upkeep
|turn|22
|choice|move darkpulse|move psychic
|
|move|p2a: Swoobat|Psychic|p1a: Furfrou
|-damage|p1a: Furfrou|39\/324
|move|p1a: Furfrou|Dark Pulse|p2a: Swoobat
|-supereffective|p2a: Swoobat
|-damage|p2a: Swoobat|69\/338
|
|-heal|p2a: Swoobat|90\/338|[from] item: Leftovers
|-heal|p1a: Furfrou|59\/324|[from] item: Leftovers
|upkeep
|turn|23
|choice|move darkpulse|move psychic
|
|move|p2a: Swoobat|Psychic|p1a: Furfrou
|-damage|p1a: Furfrou|0 fnt
|faint|p1a: Furfrou
|
|-heal|p2a: Swoobat|111\/338|[from] item: Leftovers
|upkeep
|choice|switch 2|
|
|switch|p1a: a Duck|Natu, F|284\/284
|turn|24
|choice|move calmmind|move roost
|
|move|p2a: Swoobat|Roost|p2a: Swoobat
|-heal|p2a: Swoobat|280\/338
|move|p1a: a Duck|Calm Mind|p1a: a Duck
|-boost|p1a: a Duck|spa|1
|-boost|p1a: a Duck|spd|1
|
|-heal|p2a: Swoobat|301\/338|[from] item: Leftovers
|upkeep
|turn|25
|choice|move calmmind|move calmmind
|
|move|p2a: Swoobat|Calm Mind|p2a: Swoobat
|-boost|p2a: Swoobat|spa|2
|-boost|p2a: Swoobat|spd|2
|move|p1a: a Duck|Calm Mind|p1a: a Duck
|-boost|p1a: a Duck|spa|1
|-boost|p1a: a Duck|spd|1
|
|-heal|p2a: Swoobat|322\/338|[from] item: Leftovers
|upkeep
|turn|26
|choice|move calmmind|move airslash
|
|move|p2a: Swoobat|Air Slash|p1a: a Duck
|-damage|p1a: a Duck|115\/284
|move|p1a: a Duck|Calm Mind|p1a: a Duck
|-boost|p1a: a Duck|spa|1
|-boost|p1a: a Duck|spd|1
|
|-heal|p2a: Swoobat|338\/338|[from] item: Leftovers
|upkeep
|turn|27
|choice|move roost|move airslash
|
|move|p2a: Swoobat|Air Slash|p1a: a Duck
|-damage|p1a: a Duck|0 fnt
|faint|p1a: a Duck
|
|win|Regice68
|raw|Alolan&apos;s_Butt's rating: 1202 &rarr; <strong>1168<\/strong><br \/>(-34 for losing)
|raw|Regice68's rating: 1064 &rarr; <strong>1106<\/strong><br \/>(+42 for winning)
|l|Alolan's_Butt</script>
</div>
<div class="battle-log battle-log-inline"><div class="inner"><div class="battle-options"></div><div class="inner"><div class="chat"><small>Alolan's_Butt joined.</small></div><div class="chat"><small>Regice68 joined.</small></div><div class=""><small>Format:</small> <br><strong>PU</strong></div><div class="rated"><strong>Rated battle</strong></div><div class=""><small><em>Sleep Clause Mod:</em> Limit one foe put to sleep</small></div><div class=""><small><em>Species Clause:</em> Limit one of each Pokémon</small></div><div class=""><small><em>OHKO Clause:</em> OHKO moves are banned</small></div><div class=""><small><em>Moody Clause:</em> Moody is banned</small></div><div class=""><small><em>Evasion Moves Clause:</em> Evasion moves are banned</small></div><div class=""><small><em>Endless Battle Clause:</em> Forcing endless battles is banned</small></div><div class=""><small><em>HP Percentage Mod:</em> HP is shown in percentages</small></div><div class=""><small><em>Swagger Clause:</em> Swagger is banned</small></div><div class=""><small><em>Baton Pass Clause:</em> Limit one Baton Passer, can't pass Spe and other stats simultaneously</small></div><div class="chat battle-history"><strong>Alolan's_Butt's team:</strong> <em style="color:#445566;display:block;">Natu / Lopunny / Misdreavus / Bouffalant / Smeargle / Furfrou</em></div><div class="chat battle-history"><strong>Regice68's team:</strong> <em style="color:#445566;display:block;">Pikachu / Carbink / Gigalith / Kingler / Stoutland / Swoobat</em></div><div class="spacer battle-history"><br></div><div class="battle-history">Battle started between Alolan's_Butt and Regice68!<br></div><div class="spacer battle-history"><br></div><div class="battle-history">Go! Special (<strong>Smeargle</strong>)!<br></div><div class="spacer battle-history"><br></div><div class="battle-history">Regice68 sent out <strong>Gigalith</strong>!<br></div><div class="spacer battle-history"><br></div><h2 class="battle-history">Turn 1</h2><div class="spacer battle-history"><br></div><div class="battle-history">Special used <strong>Taunt</strong>!<br></div><div class="battle-history"><small>The opposing Gigalith fell for the taunt!</small><br></div><div class="spacer battle-history"><br></div><div class="battle-history">The opposing Gigalith used <strong>Stone Edge</strong>!<br></div><div class="battle-history"><small>Special hung on using its Focus Sash!</small><br></div><div class="battle-history"><small>(Special lost <abbr title="−313/314">99.7%</abbr> of its health!)</small><br></div><div class="spacer battle-history"><br></div><h2 class="battle-history">Turn 2</h2><div class="spacer battle-history"><br></div><div class="battle-history">Special used <strong>Sticky Web</strong>!<br></div><div class="battle-history"><small>A sticky web spreads out on the ground around the opposing team!</small><br></div><div class="spacer battle-history"><br></div><div class="battle-history">The opposing Gigalith used <strong>Earthquake</strong>!<br></div><div class="battle-history"><small>(Special lost <abbr title="−1/314">0.3%</abbr> of its health!)</small><br></div><div class="spacer battle-history"><br></div><div class="battle-history">Special fainted!<br></div><div class="spacer battle-history"><br></div><div class="battle-history">Go! AssHole (<strong>Misdreavus</strong>)!<br></div><div class="spacer battle-history"><br></div><h2 class="battle-history">Turn 3</h2><div class="spacer battle-history"><br></div><div class="battle-history">AssHole used <strong>Thunder Wave</strong>!<br></div><div class="battle-history"><small>The opposing Gigalith is paralyzed! It may be unable to move!</small><br></div><div class="spacer battle-history"><br></div><div class="battle-history">The opposing Gigalith used <strong>Stone Edge</strong>!<br></div><div class="battle-history"><small>(AssHole lost <abbr title="−144/324">44.4%</abbr> of its health!)</small><br></div><div class="spacer battle-history"><br></div><div class="battle-history"><small>The opposing Gigalith's taunt wore off!</small><br></div><div class="spacer battle-history"><br></div><h2 class="battle-history">Turn 4</h2><div class="spacer battle-history"><br></div><div class="battle-history">AssHole used <strong>Taunt</strong>!<br></div><div class="battle-history"><small>The opposing Gigalith fell for the taunt!</small><br></div><div class="spacer battle-history"><br></div><div class="battle-history">The opposing Gigalith can't use Stealth Rock after the taunt!<br></div><div class="spacer battle-history"><br></div><h2 class="battle-history">Turn 5</h2><div class="spacer battle-history"><br></div><div class="battle-history">AssHole used <strong>Flash</strong>!<br></div><div class="battle-history"><small>The opposing Gigalith's accuracy fell!</small><br></div><div class="spacer battle-history"><br></div><div class="battle-history">The opposing Gigalith used <strong>Stone Edge</strong>!<br></div><div class="battle-history"><small>(AssHole lost <abbr title="−130/324">40.1%</abbr> of its health!)</small><br></div><div class="spacer battle-history"><br></div><h2 class="battle-history">Turn 6</h2><div class="spacer battle-history"><br></div><div class="battle-history">AssHole used <strong>Flash</strong>!<br></div><div class="battle-history"><small>The opposing Gigalith's accuracy fell!</small><br></div><div class="spacer battle-history"><br></div><div class="battle-history">The opposing Gigalith used <strong>Stone Edge</strong>!<br></div><div class="battle-history"><small>A critical hit!</small><br></div><div class="battle-history"><small>(AssHole lost <abbr title="−50/324">15.4%</abbr> of its health!)</small><br></div><div class="spacer battle-history"><br></div><div class="battle-history">AssHole fainted!<br></div><div class="spacer battle-history"><br></div><div class="battle-history"><small>The opposing Gigalith's taunt wore off!</small><br></div><div class="spacer battle-history"><br></div><div class="battle-history">Go! <strong>Furfrou</strong>!<br></div><div class="spacer battle-history"><br></div><h2 class="battle-history">Turn 7</h2><div class="chat chatmessage-regice68"><strong style="color:hsl(59,76%,34.51020874414884%)"><small>☆</small><span class="username" data-name="Regice68">Regice68</span>:</strong> <em>.......</em></div><div class="spacer battle-history"><br></div><div class="battle-history">Furfrou, come back!<br></div><div class="battle-history">Go! a Duck (<strong>Natu</strong>)!<br></div><div class="spacer battle-history"><br></div><div class="battle-history">The opposing Gigalith used <strong>Stealth Rock</strong>!<br></div><div class="spacer battle-history"><br></div><div class="battle-history"><small>[a Duck's Magic Bounce]</small><br>a Duck bounced the Stealth Rock back!<br></div><div class="battle-history"><small>Pointed stones float in the air around the opposing team!</small><br></div><div class="spacer battle-history"><br></div><h2 class="battle-history">Turn 8</h2><div class="spacer battle-history"><br></div><div class="battle-history">a Duck, come back!<br></div><div class="battle-history">Go! encore Incominggg (<strong>Lopunny</strong>)!<br></div><div class="spacer battle-history"><br></div><div class="battle-history">The opposing Gigalith used <strong>Stone Edge</strong>!<br></div><div class="battle-history"><small>encore Incominggg avoided the attack!</small><br></div><div class="spacer battle-history"><br></div><h2 class="battle-history">Turn 9</h2><div class="spacer battle-history"><br></div><div class="battle-history">encore Incominggg used <strong>Cosmic Power</strong>!<br></div><div class="battle-history"><small>encore Incominggg's Defense rose!</small><br></div><div class="battle-history"><small>encore Incominggg's Special Defense rose!</small><br></div><div class="spacer battle-history"><br></div><div class="battle-history">The opposing Gigalith used <strong>Explosion</strong>!<br></div><div class="battle-history"><small>(encore Incominggg lost <abbr title="−251/306">82.0%</abbr> of its health!)</small><br></div><div class="battle-history"><small>encore Incominggg ate its Sitrus Berry!</small><br></div><div class="battle-history"><small>encore Incominggg restored HP using its Sitrus Berry!</small><br></div><div class="spacer battle-history"><br></div><div class="battle-history">The opposing Gigalith fainted!<br></div><div class="spacer battle-history"><br></div><div class="battle-history">Regice68 sent out <strong>Swoobat</strong>!<br></div><div class="battle-history"><small>Pointed stones dug into the opposing Swoobat!</small><br></div><div class="spacer battle-history"><br></div><h2 class="battle-history">Turn 10</h2><div class="spacer battle-history"><br></div><div class="battle-history">The opposing Swoobat used <strong>Calm Mind</strong>!<br></div><div class="battle-history"><small>The opposing Swoobat's Special Attack rose sharply!</small><br></div><div class="battle-history"><small>The opposing Swoobat's Special Defense rose sharply!</small><br></div><div class="spacer battle-history"><br></div><div class="battle-history">encore Incominggg used <strong>Encore</strong>!<br></div><div class="battle-history"><small>The opposing Swoobat received an encore!</small><br></div><div class="spacer battle-history"><br></div><div class="battle-history"><small>The opposing Swoobat restored a little HP using its Leftovers!</small><br></div><div class="spacer battle-history"><br></div><h2 class="battle-history">Turn 11</h2><div class="spacer battle-history"><br></div><div class="battle-history">The opposing Swoobat used <strong>Calm Mind</strong>!<br></div><div class="battle-history"><small>The opposing Swoobat's Special Attack rose sharply!</small><br></div><div class="battle-history"><small>The opposing Swoobat's Special Defense rose sharply!</small><br></div><div class="spacer battle-history"><br></div><div class="battle-history">encore Incominggg used <strong>Baton Pass</strong>!<br></div><div class="spacer battle-history"><br></div><div class="battle-history">Go! <strong>Bouffalant</strong>!<br></div><div class="spacer battle-history"><br></div><div class="battle-history"><small>The opposing Swoobat restored a little HP using its Leftovers!</small><br></div><div class="spacer battle-history"><br></div><h2 class="battle-history">Turn 12</h2><div class="spacer battle-history"><br></div><div class="battle-history">Regice68 withdrew Swoobat!<br></div><div class="battle-history">Regice68 sent out <strong>Stoutland</strong>!<br></div><div class="battle-history"><small>The opposing Stoutland was caught in a sticky web!</small><br></div><div class="battle-history"><small>The opposing Stoutland's Speed fell!</small><br></div><div class="battle-history"><small>Pointed stones dug into the opposing Stoutland!</small><br></div><div class="battle-history"><small>[The opposing Stoutland's Intimidate]</small><br></div><div class="battle-history"><small>Bouffalant's Attack fell!</small><br></div><div class="spacer battle-history"><br></div><div class="battle-history">Bouffalant used <strong>Head Charge</strong>!<br></div><div class="battle-history"><small>(The opposing Stoutland lost <abbr title="−162/374">43.3%</abbr> of its health!)</small><br></div><div class="battle-history"><small>Bouffalant is damaged by the recoil!</small><br></div><div class="spacer battle-history"><br></div><h2 class="battle-history">Turn 13</h2><div class="spacer battle-history"><br></div><div class="battle-history">Bouffalant used <strong>Head Charge</strong>!<br></div><div class="battle-history"><small>(The opposing Stoutland lost <abbr title="−153/374">40.9%</abbr> of its health!)</small><br></div><div class="battle-history"><small>Bouffalant is damaged by the recoil!</small><br></div><div class="spacer battle-history"><br></div><div class="battle-history">The opposing Stoutland used <strong>Superpower</strong>!<br></div><div class="battle-history"><small>It's super effective!</small><br></div><div class="battle-history"><small>(Bouffalant lost <abbr title="−253/332">76.2%</abbr> of its health!)</small><br></div><div class="battle-history"><small>The opposing Stoutland's Attack fell!</small><br></div><div class="battle-history"><small>The opposing Stoutland's Defense fell!</small><br></div><div class="spacer battle-history"><br></div><div class="battle-history">Bouffalant fainted!<br></div><div class="spacer battle-history"><br></div><div class="battle-history">Go! encore Incominggg (<strong>Lopunny</strong>)!<br></div><div class="spacer battle-history"><br></div><h2 class="battle-history">Turn 14</h2><div class="spacer battle-history"><br></div><div class="battle-history">encore Incominggg used <strong>Cosmic Power</strong>!<br></div><div class="battle-history"><small>encore Incominggg's Defense rose!</small><br></div><div class="battle-history"><small>encore Incominggg's Special Defense rose!</small><br></div><div class="spacer battle-history"><br></div><div class="battle-history">The opposing Stoutland used <strong>Superpower</strong>!<br></div><div class="battle-history"><small>It's super effective!</small><br></div><div class="battle-history"><small>(encore Incominggg lost <abbr title="−131/306">42.8%</abbr> of its health!)</small><br></div><div class="battle-history"><small>The opposing Stoutland's Attack fell!</small><br></div><div class="battle-history"><small>The opposing Stoutland's Defense fell!</small><br></div><div class="spacer battle-history"><br></div><div class="battle-history">encore Incominggg fainted!<br></div><div class="spacer battle-history"><br></div><div class="battle-history">Go! <strong>Furfrou</strong>!<br></div><div class="spacer battle-history"><br></div><h2 class="battle-history">Turn 15</h2><div class="spacer battle-history"><br></div><div class="battle-history">Furfrou used <strong>Charge Beam</strong>!<br></div><div class="battle-history"><small>(The opposing Stoutland lost <abbr title="−13/374">3.5%</abbr> of its health!)</small><br></div><div class="battle-history"><small>Furfrou's Special Attack rose!</small><br></div><div class="spacer battle-history"><br></div><div class="battle-history">The opposing Stoutland fainted!<br></div><div class="spacer battle-history"><br></div><div class="battle-history">Regice68 sent out <strong>Swoobat</strong>!<br></div><div class="battle-history"><small>Pointed stones dug into the opposing Swoobat!</small><br></div><div class="spacer battle-history"><br></div><h2 class="battle-history">Turn 16</h2><div class="spacer battle-history"><br></div><div class="battle-history">The opposing Swoobat used <strong>Calm Mind</strong>!<br></div><div class="battle-history"><small>The opposing Swoobat's Special Attack rose sharply!</small><br></div><div class="battle-history"><small>The opposing Swoobat's Special Defense rose sharply!</small><br></div><div class="spacer battle-history"><br></div><div class="battle-history">Furfrou used <strong>Dark Pulse</strong>!<br></div><div class="battle-history"><small>It's super effective!</small><br></div><div class="battle-history"><small>(The opposing Swoobat lost <abbr title="−150/338">44.4%</abbr> of its health!)</small><br></div><div class="spacer battle-history"><br></div><div class="battle-history"><small>The opposing Swoobat restored a little HP using its Leftovers!</small><br></div><div class="spacer battle-history"><br></div><h2 class="battle-history">Turn 17</h2><div class="spacer battle-history"><br></div><div class="battle-history">The opposing Swoobat used <strong>Roost</strong>!<br></div><div class="battle-history"><small>The opposing Swoobat restored its HP.</small><br></div><div class="spacer battle-history"><br></div><div class="battle-history">Furfrou used <strong>Dark Pulse</strong>!<br></div><div class="battle-history"><small>It's super effective!</small><br></div><div class="battle-history"><small>(The opposing Swoobat lost <abbr title="−158/338">46.7%</abbr> of its health!)</small><br></div><div class="spacer battle-history"><br></div><div class="battle-history"><small>The opposing Swoobat restored a little HP using its Leftovers!</small><br></div><div class="spacer battle-history"><br></div><h2 class="battle-history">Turn 18</h2><div class="spacer battle-history"><br></div><div class="battle-history">The opposing Swoobat used <strong>Roost</strong>!<br></div><div class="battle-history"><small>The opposing Swoobat restored its HP.</small><br></div><div class="spacer battle-history"><br></div><div class="battle-history">Furfrou used <strong>Dark Pulse</strong>!<br></div><div class="battle-history"><small>It's super effective!</small><br></div><div class="battle-history"><small>(The opposing Swoobat lost <abbr title="−174/338">51.5%</abbr> of its health!)</small><br></div><div class="spacer battle-history"><br></div><div class="battle-history"><small>The opposing Swoobat restored a little HP using its Leftovers!</small><br></div><div class="spacer battle-history"><br></div><h2 class="battle-history">Turn 19</h2><div class="spacer battle-history"><br></div><div class="battle-history">The opposing Swoobat used <strong>Roost</strong>!<br></div><div class="battle-history"><small>The opposing Swoobat restored its HP.</small><br></div><div class="spacer battle-history"><br></div><div class="battle-history">Furfrou used <strong>Hyper Voice</strong>!<br></div><div class="battle-history"><small>(The opposing Swoobat lost <abbr title="−141/338">41.7%</abbr> of its health!)</small><br></div><div class="spacer battle-history"><br></div><div class="battle-history"><small>The opposing Swoobat restored a little HP using its Leftovers!</small><br></div><div class="spacer battle-history"><br></div><h2 class="battle-history">Turn 20</h2><div class="spacer battle-history"><br></div><div class="battle-history">The opposing Swoobat used <strong>Calm Mind</strong>!<br></div><div class="battle-history"><small>The opposing Swoobat's Special Attack rose sharply!</small><br></div><div class="battle-history"><small>The opposing Swoobat's Special Defense rose sharply!</small><br></div><div class="spacer battle-history"><br></div><div class="battle-history">Furfrou used <strong>Dark Pulse</strong>!<br></div><div class="battle-history"><small>It's super effective!</small><br></div><div class="battle-history"><small>(The opposing Swoobat lost <abbr title="−102/338">30.2%</abbr> of its health!)</small><br></div><div class="spacer battle-history"><br></div><div class="battle-history"><small>The opposing Swoobat restored a little HP using its Leftovers!</small><br></div><div class="spacer battle-history"><br></div><h2 class="battle-history">Turn 21</h2><div class="spacer battle-history"><br></div><div class="battle-history">The opposing Swoobat used <strong>Roost</strong>!<br></div><div class="battle-history"><small>The opposing Swoobat restored its HP.</small><br></div><div class="spacer battle-history"><br></div><div class="battle-history">Furfrou used <strong>Dark Pulse</strong>!<br></div><div class="battle-history"><small>It's super effective!</small><br></div><div class="battle-history"><small>(The opposing Swoobat lost <abbr title="−110/338">32.5%</abbr> of its health!)</small><br></div><div class="spacer battle-history"><br></div><div class="battle-history"><small>The opposing Swoobat restored a little HP using its Leftovers!</small><br></div><div class="spacer battle-history"><br></div><h2 class="battle-history">Turn 22</h2><div class="spacer battle-history"><br></div><div class="battle-history">The opposing Swoobat used <strong>Psychic</strong>!<br></div><div class="battle-history"><small>(Furfrou lost <abbr title="−285/324">88.0%</abbr> of its health!)</small><br></div><div class="spacer battle-history"><br></div><div class="battle-history">Furfrou used <strong>Dark Pulse</strong>!<br></div><div class="battle-history"><small>It's super effective!</small><br></div><div class="battle-history"><small>(The opposing Swoobat lost <abbr title="−110/338">32.5%</abbr> of its health!)</small><br></div><div class="spacer battle-history"><br></div><div class="battle-history"><small>The opposing Swoobat restored a little HP using its Leftovers!</small><br></div><div class="battle-history"><small>Furfrou restored a little HP using its Leftovers!</small><br></div><div class="spacer battle-history"><br></div><h2 class="battle-history">Turn 23</h2><div class="spacer battle-history"><br></div><div class="battle-history">The opposing Swoobat used <strong>Psychic</strong>!<br></div><div class="battle-history"><small>(Furfrou lost <abbr title="−59/324">18.2%</abbr> of its health!)</small><br></div><div class="spacer battle-history"><br></div><div class="battle-history">Furfrou fainted!<br></div><div class="spacer battle-history"><br></div><div class="battle-history"><small>The opposing Swoobat restored a little HP using its Leftovers!</small><br></div><div class="spacer battle-history"><br></div><div class="battle-history">Go! a Duck (<strong>Natu</strong>)!<br></div><div class="spacer battle-history"><br></div><h2 class="battle-history">Turn 24</h2><div class="spacer battle-history"><br></div><div class="battle-history">The opposing Swoobat used <strong>Roost</strong>!<br></div><div class="battle-history"><small>The opposing Swoobat restored its HP.</small><br></div><div class="spacer battle-history"><br></div><div class="battle-history">a Duck used <strong>Calm Mind</strong>!<br></div><div class="battle-history"><small>a Duck's Special Attack rose!</small><br></div><div class="battle-history"><small>a Duck's Special Defense rose!</small><br></div><div class="spacer battle-history"><br></div><div class="battle-history"><small>The opposing Swoobat restored a little HP using its Leftovers!</small><br></div><div class="spacer battle-history"><br></div><h2 class="battle-history">Turn 25</h2><div class="spacer battle-history"><br></div><div class="battle-history">The opposing Swoobat used <strong>Calm Mind</strong>!<br></div><div class="battle-history"><small>The opposing Swoobat's Special Attack rose sharply!</small><br></div><div class="battle-history"><small>The opposing Swoobat's Special Defense rose sharply!</small><br></div><div class="spacer battle-history"><br></div><div class="battle-history">a Duck used <strong>Calm Mind</strong>!<br></div><div class="battle-history"><small>a Duck's Special Attack rose!</small><br></div><div class="battle-history"><small>a Duck's Special Defense rose!</small><br></div><div class="spacer battle-history"><br></div><div class="battle-history"><small>The opposing Swoobat restored a little HP using its Leftovers!</small><br></div><div class="spacer battle-history"><br></div><h2 class="battle-history">Turn 26</h2><div class="spacer battle-history"><br></div><div class="battle-history">The opposing Swoobat used <strong>Air Slash</strong>!<br></div><div class="battle-history"><small>(a Duck lost <abbr title="−169/284">59.5%</abbr> of its health!)</small><br></div><div class="spacer battle-history"><br></div><div class="battle-history">a Duck used <strong>Calm Mind</strong>!<br></div><div class="battle-history"><small>a Duck's Special Attack rose!</small><br></div><div class="battle-history"><small>a Duck's Special Defense rose!</small><br></div><div class="spacer battle-history"><br></div><div class="battle-history"><small>The opposing Swoobat restored a little HP using its Leftovers!</small><br></div><div class="spacer battle-history"><br></div><h2 class="battle-history">Turn 27</h2><div class="spacer battle-history"><br></div><div class="battle-history">The opposing Swoobat used <strong>Air Slash</strong>!<br></div><div class="battle-history"><small>(a Duck lost <abbr title="−115/284">40.5%</abbr> of its health!)</small><br></div><div class="spacer battle-history"><br></div><div class="battle-history">a Duck fainted!<br></div><div class="spacer battle-history"><br></div><div class="battle-history"><strong>Regice68</strong> won the battle!<br></div><div class="chat">Alolan's_Butt's rating: 1202 → <strong>1168</strong><br>(-34 for losing)</div><div class="chat">Regice68's rating: 1064 → <strong>1106</strong><br>(+42 for winning)</div><div class="chat"><small>Alolan's_Butt left.</small></div></div><div class="inner-preempt"></div></div></div>
</div>
<script>
let daily = Math.floor(Date.now()/1000/60/60/24);document.write('<script src="https://play.pokemonshowdown.com/js/replay-embed.js?version'+daily+'"></'+'script>');
</script>
