<!DOCTYPE html>
<meta charset="utf-8" />
<!-- version 1 -->
<title>PU replay: Teddeh vs. PokemonMasterTJ</title>
<style>
html,body {font-family:Verdana, sans-serif;font-size:10pt;margin:0;padding:0;}body{padding:12px 0;} .battle-log {font-family:Verdana, sans-serif;font-size:10pt;} .battle-log-inline {border:1px solid #AAAAAA;background:#EEF2F5;color:black;max-width:640px;margin:0 auto 80px;padding-bottom:5px;} .battle-log .inner {padding:4px 8px 0px 8px;} .battle-log .inner-preempt {padding:0 8px 4px 8px;} .battle-log .inner-after {margin-top:0.5em;} .battle-log h2 {margin:0.5em -8px;padding:4px 8px;border:1px solid #AAAAAA;background:#E0E7EA;border-left:0;border-right:0;font-family:Verdana, sans-serif;font-size:13pt;} .battle-log .chat {vertical-align:middle;padding:3px 0 3px 0;font-size:8pt;} .battle-log .chat strong {color:#40576A;} .battle-log .chat em {padding:1px 4px 1px 3px;color:#000000;font-style:normal;} .chat.mine {background:rgba(0,0,0,0.05);margin-left:-8px;margin-right:-8px;padding-left:8px;padding-right:8px;} .spoiler {color:#BBBBBB;background:#BBBBBB;padding:0px 3px;} .spoiler:hover, .spoiler:active, .spoiler-shown {color:#000000;background:#E2E2E2;padding:0px 3px;} .spoiler a {color:#BBBBBB;} .spoiler:hover a, .spoiler:active a, .spoiler-shown a {color:#2288CC;} .chat code, .chat .spoiler:hover code, .chat .spoiler:active code, .chat .spoiler-shown code {border:1px solid #C0C0C0;background:#EEEEEE;color:black;padding:0 2px;} .chat .spoiler code {border:1px solid #CCCCCC;background:#CCCCCC;color:#CCCCCC;} .battle-log .rated {padding:3px 4px;} .battle-log .rated strong {color:white;background:#89A;padding:1px 4px;border-radius:4px;} .spacer {margin-top:0.5em;} .message-announce {background:#6688AA;color:white;padding:1px 4px 2px;} .message-announce a, .broadcast-green a, .broadcast-blue a, .broadcast-red a {color:#DDEEFF;} .broadcast-green {background-color:#559955;color:white;padding:2px 4px;} .broadcast-blue {background-color:#6688AA;color:white;padding:2px 4px;} .infobox {border:1px solid #6688AA;padding:2px 4px;} .infobox-limited {max-height:200px;overflow:auto;overflow-x:hidden;} .broadcast-red {background-color:#AA5544;color:white;padding:2px 4px;} .message-learn-canlearn {font-weight:bold;color:#228822;text-decoration:underline;} .message-learn-cannotlearn {font-weight:bold;color:#CC2222;text-decoration:underline;} .message-effect-weak {font-weight:bold;color:#CC2222;} .message-effect-resist {font-weight:bold;color:#6688AA;} .message-effect-immune {font-weight:bold;color:#666666;} .message-learn-list {margin-top:0;margin-bottom:0;} .message-throttle-notice, .message-error {color:#992222;} .message-overflow, .chat small.message-overflow {font-size:0pt;} .message-overflow::before {font-size:9pt;content:'...';} .subtle {color:#3A4A66;}
</style>
<div class="wrapper replay-wrapper" style="max-width:1180px;margin:0 auto">
<input type="hidden" name="replayid" value="pu-571717750" />
<div class="battle"></div><div class="battle-log"></div><div class="replay-controls"></div><div class="replay-controls-2"></div>
<h1 style="font-weight:normal;text-align:center"><strong>PU</strong><br /><a href="http://pokemonshowdown.com/users/teddeh" class="subtle" target="_blank">Teddeh</a> vs. <a href="http://pokemonshowdown.com/users/pokemonmastertj" class="subtle" target="_blank">PokemonMasterTJ</a></h1>
<script type="text/plain" class="battle-log-data">|j|Teddeh
|j|PokemonMasterTJ
|player|p1|Teddeh|169
|player|p2|PokemonMasterTJ|211
|gametype|singles
|gen|6
|tier|PU
|seed|12411,3309,35391,43494
|rule|Sleep Clause Mod: Limit one foe put to sleep
|rule|Species Clause: Limit one of each Pokémon
|rule|OHKO Clause: OHKO moves are banned
|rule|Moody Clause: Moody is banned
|rule|Evasion Moves Clause: Evasion moves are banned
|rule|Endless Battle Clause: Forcing endless battles is banned
|rule|HP Percentage Mod: HP is shown in percentages
|clearpoke
|poke|p1|Ursaring, M|item
|poke|p1|Vullaby, F|item
|poke|p1|Rotom-Frost|item
|poke|p1|Duosion, M|item
|poke|p1|Golem, F|item
|poke|p1|Floatzel, M|item
|poke|p2|Rotom-Frost|item
|poke|p2|Servine, F|item
|poke|p2|Clefairy, M|item
|poke|p2|Floatzel, F|item
|poke|p2|Golem, M|item
|poke|p2|Prinplup, M|item
|rule|Swagger Clause: Swagger is banned
|rule|Baton Pass Clause: Limit one Baton Passer, can't pass Spe and other stats simultaneously
|teampreview
|c|☆Teddeh|hf
|c|☆PokemonMasterTJ|u2
|choice|team 3, team 2, team 1, team 4, team 5, team 6|team 6, team 2, team 3, team 4, team 5, team 1
|
|start
|switch|p1a: Rotom|Rotom-Frost|241\/241
|switch|p2a: Prinplup|Prinplup, M|332\/332
|turn|1
|choice|move substitute|move stealthrock
|
|move|p1a: Rotom|Substitute|p1a: Rotom
|-start|p1a: Rotom|Substitute
|-damage|p1a: Rotom|181\/241
|move|p2a: Prinplup|Stealth Rock|p1a: Rotom
|-sidestart|p1: Teddeh|move: Stealth Rock
|
|-heal|p1a: Rotom|196\/241|[from] item: Leftovers
|upkeep
|turn|2
|choice|move thunderbolt|switch 3
|
|switch|p2a: Clefairy|Clefairy, M|344\/344
|move|p1a: Rotom|Thunderbolt|p2a: Clefairy
|-damage|p2a: Clefairy|257\/344
|
|-heal|p1a: Rotom|211\/241|[from] item: Leftovers
|upkeep
|turn|3
|choice|move blizzard|move moonblast
|
|move|p1a: Rotom|Blizzard|p2a: Clefairy
|-damage|p2a: Clefairy|160\/344
|move|p2a: Clefairy|Moonblast|p1a: Rotom
|-end|p1a: Rotom|Substitute
|
|-heal|p1a: Rotom|226\/241|[from] item: Leftovers
|upkeep
|turn|4
|j|SergioRules
|choice|switch 6|move softboiled
|
|switch|p1a: Floatzel|Floatzel, M|311\/311
|-damage|p1a: Floatzel|273\/311|[from] Stealth Rock
|move|p2a: Clefairy|Soft-Boiled|p2a: Clefairy
|-heal|p2a: Clefairy|332\/344
|
|upkeep
|turn|5
|j|Chrisloud
|c| Chrisloud|go Teddeh
|choice|move switcheroo|switch 3
|
|switch|p2a: Prinplup|Prinplup, M|332\/332
|move|p1a: Floatzel|Switcheroo|p2a: Prinplup
|-activate|p1a: Floatzel|move: Trick|[of] p2a: Prinplup
|-item|p2a: Prinplup|Choice Band|[from] move: Switcheroo
|-item|p1a: Floatzel|Eviolite|[from] move: Switcheroo
|
|upkeep
|turn|6
|choice|switch 4|move toxic
|
|switch|p1a: Duosion|Duosion, M|333\/333
|move|p2a: Prinplup|Toxic|p1a: Duosion
|-status|p1a: Duosion|tox
|
|upkeep
|turn|7
|c| Chrisloud|get outplayed tj
|j|quagsgone
|l|SergioRules
|choice|move psyshock|switch 2
|
|switch|p2a: Servine|Servine, F|324\/324
|move|p1a: Duosion|Psyshock|p2a: Servine
|-crit|p2a: Servine
|-damage|p2a: Servine|179\/324
|
|upkeep
|turn|8
|choice|move calmmind|move synthesis
|
|move|p2a: Servine|Synthesis|p2a: Servine
|-heal|p2a: Servine|324\/324
|move|p1a: Duosion|Calm Mind|p1a: Duosion
|-boost|p1a: Duosion|spa|1
|-boost|p1a: Duosion|spd|1
|
|upkeep
|turn|9
|choice|move calmmind|move leafstorm
|
|move|p2a: Servine|Leaf Storm|p1a: Duosion
|-damage|p1a: Duosion|263\/333 tox
|-boost|p2a: Servine|spa|2
|move|p1a: Duosion|Calm Mind|p1a: Duosion
|-boost|p1a: Duosion|spa|1
|-boost|p1a: Duosion|spd|1
|
|upkeep
|turn|10
|choice|move psyshock|move leafstorm
|
|move|p2a: Servine|Leaf Storm|p1a: Duosion
|-damage|p1a: Duosion|161\/333 tox
|-boost|p2a: Servine|spa|2
|move|p1a: Duosion|Psyshock|p2a: Servine
|-damage|p2a: Servine|114\/324
|
|upkeep
|turn|11
|choice|move psyshock|move leafstorm
|
|move|p2a: Servine|Leaf Storm|p1a: Duosion
|-crit|p1a: Duosion
|-damage|p1a: Duosion|0 fnt
|-boost|p2a: Servine|spa|2
|faint|p1a: Duosion
|
|upkeep
|choice|switch 4|
|
|switch|p1a: Floatzel|Floatzel, M|273\/311
|-damage|p1a: Floatzel|235\/311|[from] Stealth Rock
|turn|12
|choice|move pursuit|switch 2
|
|-activate|p2a: Servine|move: Pursuit
|move|p1a: Floatzel|Pursuit|p2a: Servine|[from]Pursuit
|-crit|p2a: Servine
|-damage|p2a: Servine|13\/324
|switch|p2a: Prinplup|Prinplup, M|332\/332
|
|upkeep
|turn|13
|choice|move waterfall|move scald
|
|move|p1a: Floatzel|Waterfall|p2a: Prinplup
|-resisted|p2a: Prinplup
|-damage|p2a: Prinplup|280\/332
|move|p2a: Prinplup|Scald|p1a: Floatzel
|-resisted|p1a: Floatzel
|-damage|p1a: Floatzel|163\/311
|
|upkeep
|turn|14
|choice|switch 3|move scald
|
|switch|p1a: Ursaring|Ursaring, M|383\/383
|-damage|p1a: Ursaring|336\/383|[from] Stealth Rock
|move|p2a: Prinplup|Scald|p1a: Ursaring
|-crit|p1a: Ursaring
|-damage|p1a: Ursaring|228\/383
|
|-heal|p1a: Ursaring|251\/383|[from] item: Leftovers
|upkeep
|turn|15
|choice|move frustration|switch 5
|
|switch|p2a: Golem|Golem, M|301\/301
|move|p1a: Ursaring|Frustration|p2a: Golem
|-resisted|p2a: Golem
|-damage|p2a: Golem|244\/301
|
|-heal|p1a: Ursaring|274\/383|[from] item: Leftovers
|upkeep
|turn|16
|choice|switch 5|move earthquake
|
|switch|p1a: Golem|Golem, F|363\/363
|-damage|p1a: Golem|341\/363|[from] Stealth Rock
|move|p2a: Golem|Earthquake|p1a: Golem
|-supereffective|p1a: Golem
|-damage|p1a: Golem|0 fnt
|faint|p1a: Golem
|
|upkeep
|choice|switch 2|
|
|switch|p1a: Vullaby|Vullaby, F|343\/343
|-damage|p1a: Vullaby|258\/343|[from] Stealth Rock
|turn|17
|choice|move defog|switch 2
|
|switch|p2a: Servine|Servine, F|13\/324
|move|p1a: Vullaby|Defog|p2a: Servine
|-boost|p2a: Servine|evasion|1
|-sideend|p1: Teddeh|Stealth Rock|[from] move: Defog|[of] p1a: Vullaby
|
|upkeep
|turn|18
|choice|switch 6|move synthesis
|
|switch|p1a: Rotom|Rotom-Frost|226\/241
|move|p2a: Servine|Synthesis|p2a: Servine
|-heal|p2a: Servine|175\/324
|
|-heal|p1a: Rotom|241\/241|[from] item: Leftovers
|upkeep
|turn|19
|c| Chrisloud|gl hitting
|choice|switch 5|move leafstorm
|
|switch|p1a: Ursaring|Ursaring, M|274\/383
|move|p2a: Servine|Leaf Storm|p1a: Ursaring
|-damage|p1a: Ursaring|187\/383
|-boost|p2a: Servine|spa|2
|
|-heal|p1a: Ursaring|210\/383|[from] item: Leftovers
|upkeep
|turn|20
|c|☆Teddeh|u went for it
|c|☆Teddeh|welp
|c|☆PokemonMasterTJ|who hits
|c|☆Teddeh|crit sealed it
|-message|Teddeh forfeited.
|
|win|PokemonMasterTJ
|l|Teddeh</script>
</div>
<div class="battle-log battle-log-inline"><div class="inner"><div class="battle-options"></div><div class="inner"><div class="chat"><small>Teddeh joined.</small></div><div class="chat"><small>PokemonMasterTJ joined.</small></div><div class=""><small>Format:</small> <br><strong>PU</strong></div><div class=""><small><em>Sleep Clause Mod:</em> Limit one foe put to sleep</small></div><div class=""><small><em>Species Clause:</em> Limit one of each Pokémon</small></div><div class=""><small><em>OHKO Clause:</em> OHKO moves are banned</small></div><div class=""><small><em>Moody Clause:</em> Moody is banned</small></div><div class=""><small><em>Evasion Moves Clause:</em> Evasion moves are banned</small></div><div class=""><small><em>Endless Battle Clause:</em> Forcing endless battles is banned</small></div><div class=""><small><em>HP Percentage Mod:</em> HP is shown in percentages</small></div><div class=""><small><em>Swagger Clause:</em> Swagger is banned</small></div><div class=""><small><em>Baton Pass Clause:</em> Limit one Baton Passer, can't pass Spe and other stats simultaneously</small></div><div class="chat battle-history"><strong>Teddeh's team:</strong> <em style="color:#445566;display:block;">Ursaring / Vullaby / Rotom-Frost / Duosion / Golem / Floatzel</em></div><div class="chat battle-history"><strong>PokemonMasterTJ's team:</strong> <em style="color:#445566;display:block;">Rotom-Frost / Servine / Clefairy / Floatzel / Golem / Prinplup</em></div><div class="chat chatmessage-teddeh"><strong style="color:hsl(158,62%,34%)"><small>☆</small><span class="username" data-name="Teddeh">Teddeh</span>:</strong> <em>hf</em></div><div class="chat chatmessage-pokemonmastertj"><strong style="color:hsl(26,75%,48%)"><small>☆</small><span class="username" data-name="PokemonMasterTJ">PokemonMasterTJ</span>:</strong> <em>u2</em></div><div class="spacer battle-history"><br></div><div class="battle-history">Battle started between Teddeh and PokemonMasterTJ!<br></div><div class="spacer battle-history"><br></div><div class="battle-history">Go! Rotom (<strong>Rotom-Frost</strong>)!<br></div><div class="spacer battle-history"><br></div><div class="battle-history">PokemonMasterTJ sent out <strong>Prinplup</strong>!<br></div><div class="spacer battle-history"><br></div><h2 class="battle-history">Turn 1</h2><div class="spacer battle-history"><br></div><div class="battle-history">Rotom used <strong>Substitute</strong>!<br></div><div class="battle-history"><small>Rotom put in a substitute!</small><br></div><div class="battle-history"><small>(Rotom lost <abbr title="−60/241">24.9%</abbr> of its health!)</small><br></div><div class="spacer battle-history"><br></div><div class="battle-history">The opposing Prinplup used <strong>Stealth Rock</strong>!<br></div><div class="battle-history"><small>Pointed stones float in the air around your team!</small><br></div><div class="spacer battle-history"><br></div><div class="battle-history"><small>Rotom restored a little HP using its Leftovers!</small><br></div><div class="spacer battle-history"><br></div><h2 class="battle-history">Turn 2</h2><div class="spacer battle-history"><br></div><div class="battle-history">PokemonMasterTJ withdrew Prinplup!<br></div><div class="battle-history">PokemonMasterTJ sent out <strong>Clefairy</strong>!<br></div><div class="spacer battle-history"><br></div><div class="battle-history">Rotom used <strong>Thunderbolt</strong>!<br></div><div class="battle-history"><small>(The opposing Clefairy lost <abbr title="−87/344">25.3%</abbr> of its health!)</small><br></div><div class="spacer battle-history"><br></div><div class="battle-history"><small>Rotom restored a little HP using its Leftovers!</small><br></div><div class="spacer battle-history"><br></div><h2 class="battle-history">Turn 3</h2><div class="spacer battle-history"><br></div><div class="battle-history">Rotom used <strong>Blizzard</strong>!<br></div><div class="battle-history"><small>(The opposing Clefairy lost <abbr title="−97/344">28.2%</abbr> of its health!)</small><br></div><div class="spacer battle-history"><br></div><div class="battle-history">The opposing Clefairy used <strong>Moonblast</strong>!<br></div><div class="battle-history"><small>Rotom's substitute faded!</small><br></div><div class="spacer battle-history"><br></div><div class="battle-history"><small>Rotom restored a little HP using its Leftovers!</small><br></div><div class="spacer battle-history"><br></div><h2 class="battle-history">Turn 4</h2><div class="chat"><small>SergioRules joined.</small></div><div class="spacer battle-history"><br></div><div class="battle-history">Rotom, come back!<br></div><div class="battle-history">Go! <strong>Floatzel</strong>!<br></div><div class="battle-history"><small>Pointed stones dug into Floatzel!</small><br></div><div class="spacer battle-history"><br></div><div class="battle-history">The opposing Clefairy used <strong>Soft-Boiled</strong>!<br></div><div class="battle-history"><small>The opposing Clefairy restored its HP.</small><br></div><div class="spacer battle-history"><br></div><h2 class="battle-history">Turn 5</h2><div class="chat"><small>Chrisloud joined.</small></div><div class="chat chatmessage-chrisloud"><strong style="color:hsl(98,63%,38%)"><small> </small><span class="username" data-name="Chrisloud">Chrisloud</span>:</strong> <em>go Teddeh</em></div><div class="spacer battle-history"><br></div><div class="battle-history">PokemonMasterTJ withdrew Clefairy!<br></div><div class="battle-history">PokemonMasterTJ sent out <strong>Prinplup</strong>!<br></div><div class="spacer battle-history"><br></div><div class="battle-history">Floatzel used <strong>Switcheroo</strong>!<br></div><div class="battle-history"><small>Floatzel switched items with its target!</small><br></div><div class="battle-history"><small>The opposing Prinplup obtained one Choice Band.</small><br></div><div class="battle-history"><small>Floatzel obtained one Eviolite.</small><br></div><div class="spacer battle-history"><br></div><h2 class="battle-history">Turn 6</h2><div class="spacer battle-history"><br></div><div class="battle-history">Floatzel, come back!<br></div><div class="battle-history">Go! <strong>Duosion</strong>!<br></div><div class="spacer battle-history"><br></div><div class="battle-history">The opposing Prinplup used <strong>Toxic</strong>!<br></div><div class="battle-history"><small>Duosion was badly poisoned!</small><br></div><div class="spacer battle-history"><br></div><h2 class="battle-history">Turn 7</h2><div class="chat chatmessage-chrisloud"><strong style="color:hsl(98,63%,38%)"><small> </small><span class="username" data-name="Chrisloud">Chrisloud</span>:</strong> <em>get outplayed tj</em></div><div class="chat"><small>quagsgone joined.</small></div><div class="chat"><small>SergioRules left.</small></div><div class="spacer battle-history"><br></div><div class="battle-history">PokemonMasterTJ withdrew Prinplup!<br></div><div class="battle-history">PokemonMasterTJ sent out <strong>Servine</strong>!<br></div><div class="spacer battle-history"><br></div><div class="battle-history">Duosion used <strong>Psyshock</strong>!<br></div><div class="battle-history"><small>A critical hit!</small><br></div><div class="battle-history"><small>(The opposing Servine lost <abbr title="−145/324">44.8%</abbr> of its health!)</small><br></div><div class="spacer battle-history"><br></div><h2 class="battle-history">Turn 8</h2><div class="spacer battle-history"><br></div><div class="battle-history">The opposing Servine used <strong>Synthesis</strong>!<br></div><div class="battle-history"><small>The opposing Servine restored its HP.</small><br></div><div class="spacer battle-history"><br></div><div class="battle-history">Duosion used <strong>Calm Mind</strong>!<br></div><div class="battle-history"><small>Duosion's Special Attack rose!</small><br></div><div class="battle-history"><small>Duosion's Special Defense rose!</small><br></div><div class="spacer battle-history"><br></div><h2 class="battle-history">Turn 9</h2><div class="spacer battle-history"><br></div><div class="battle-history">The opposing Servine used <strong>Leaf Storm</strong>!<br></div><div class="battle-history"><small>(Duosion lost <abbr title="−70/333">21.0%</abbr> of its health!)</small><br></div><div class="battle-history"><small>The opposing Servine's Special Attack rose sharply!</small><br></div><div class="spacer battle-history"><br></div><div class="battle-history">Duosion used <strong>Calm Mind</strong>!<br></div><div class="battle-history"><small>Duosion's Special Attack rose!</small><br></div><div class="battle-history"><small>Duosion's Special Defense rose!</small><br></div><div class="spacer battle-history"><br></div><h2 class="battle-history">Turn 10</h2><div class="spacer battle-history"><br></div><div class="battle-history">The opposing Servine used <strong>Leaf Storm</strong>!<br></div><div class="battle-history"><small>(Duosion lost <abbr title="−102/333">30.6%</abbr> of its health!)</small><br></div><div class="battle-history"><small>The opposing Servine's Special Attack rose sharply!</small><br></div><div class="spacer battle-history"><br></div><div class="battle-history">Duosion used <strong>Psyshock</strong>!<br></div><div class="battle-history"><small>(The opposing Servine lost <abbr title="−210/324">64.8%</abbr> of its health!)</small><br></div><div class="spacer battle-history"><br></div><h2 class="battle-history">Turn 11</h2><div class="spacer battle-history"><br></div><div class="battle-history">The opposing Servine used <strong>Leaf Storm</strong>!<br></div><div class="battle-history"><small>A critical hit!</small><br></div><div class="battle-history"><small>(Duosion lost <abbr title="−161/333">48.3%</abbr> of its health!)</small><br></div><div class="battle-history"><small>The opposing Servine's Special Attack rose sharply!</small><br></div><div class="spacer battle-history"><br></div><div class="battle-history">Duosion fainted!<br></div><div class="spacer battle-history"><br></div><div class="battle-history">Go! <strong>Floatzel</strong>!<br></div><div class="battle-history"><small>Pointed stones dug into Floatzel!</small><br></div><div class="spacer battle-history"><br></div><h2 class="battle-history">Turn 12</h2><div class="spacer battle-history"><br></div><div class="battle-history"><small>(The opposing Servine is being withdrawn...)</small><br></div><div class="spacer battle-history"><br></div><div class="battle-history">Floatzel used <strong>Pursuit</strong>!<br></div><div class="battle-history"><small>A critical hit!</small><br></div><div class="battle-history"><small>(The opposing Servine lost <abbr title="−101/324">31.2%</abbr> of its health!)</small><br></div><div class="spacer battle-history"><br></div><div class="battle-history">PokemonMasterTJ withdrew Servine!<br></div><div class="battle-history">PokemonMasterTJ sent out <strong>Prinplup</strong>!<br></div><div class="spacer battle-history"><br></div><h2 class="battle-history">Turn 13</h2><div class="spacer battle-history"><br></div><div class="battle-history">Floatzel used <strong>Waterfall</strong>!<br></div><div class="battle-history"><small>It's not very effective...</small><br></div><div class="battle-history"><small>(The opposing Prinplup lost <abbr title="−52/332">15.7%</abbr> of its health!)</small><br></div><div class="spacer battle-history"><br></div><div class="battle-history">The opposing Prinplup used <strong>Scald</strong>!<br></div><div class="battle-history"><small>It's not very effective...</small><br></div><div class="battle-history"><small>(Floatzel lost <abbr title="−72/311">23.2%</abbr> of its health!)</small><br></div><div class="spacer battle-history"><br></div><h2 class="battle-history">Turn 14</h2><div class="spacer battle-history"><br></div><div class="battle-history">Floatzel, come back!<br></div><div class="battle-history">Go! <strong>Ursaring</strong>!<br></div><div class="battle-history"><small>Pointed stones dug into Ursaring!</small><br></div><div class="spacer battle-history"><br></div><div class="battle-history">The opposing Prinplup used <strong>Scald</strong>!<br></div><div class="battle-history"><small>A critical hit!</small><br></div><div class="battle-history"><small>(Ursaring lost <abbr title="−108/383">28.2%</abbr> of its health!)</small><br></div><div class="spacer battle-history"><br></div><div class="battle-history"><small>Ursaring restored a little HP using its Leftovers!</small><br></div><div class="spacer battle-history"><br></div><h2 class="battle-history">Turn 15</h2><div class="spacer battle-history"><br></div><div class="battle-history">PokemonMasterTJ withdrew Prinplup!<br></div><div class="battle-history">PokemonMasterTJ sent out <strong>Golem</strong>!<br></div><div class="spacer battle-history"><br></div><div class="battle-history">Ursaring used <strong>Frustration</strong>!<br></div><div class="battle-history"><small>It's not very effective...</small><br></div><div class="battle-history"><small>(The opposing Golem lost <abbr title="−57/301">18.9%</abbr> of its health!)</small><br></div><div class="spacer battle-history"><br></div><div class="battle-history"><small>Ursaring restored a little HP using its Leftovers!</small><br></div><div class="spacer battle-history"><br></div><h2 class="battle-history">Turn 16</h2><div class="spacer battle-history"><br></div><div class="battle-history">Ursaring, come back!<br></div><div class="battle-history">Go! <strong>Golem</strong>!<br></div><div class="battle-history"><small>Pointed stones dug into Golem!</small><br></div><div class="spacer battle-history"><br></div><div class="battle-history">The opposing Golem used <strong>Earthquake</strong>!<br></div><div class="battle-history"><small>It's super effective!</small><br></div><div class="battle-history"><small>(Golem lost <abbr title="−341/363">93.9%</abbr> of its health!)</small><br></div><div class="spacer battle-history"><br></div><div class="battle-history">Golem fainted!<br></div><div class="spacer battle-history"><br></div><div class="battle-history">Go! <strong>Vullaby</strong>!<br></div><div class="battle-history"><small>Pointed stones dug into Vullaby!</small><br></div><div class="spacer battle-history"><br></div><h2 class="battle-history">Turn 17</h2><div class="spacer battle-history"><br></div><div class="battle-history">PokemonMasterTJ withdrew Golem!<br></div><div class="battle-history">PokemonMasterTJ sent out <strong>Servine</strong>!<br></div><div class="spacer battle-history"><br></div><div class="battle-history">Vullaby used <strong>Defog</strong>!<br></div><div class="battle-history"><small>The opposing Servine's evasiveness rose!</small><br></div><div class="battle-history"><small>The pointed stones disappeared from around your team!</small><br></div><div class="spacer battle-history"><br></div><h2 class="battle-history">Turn 18</h2><div class="spacer battle-history"><br></div><div class="battle-history">Vullaby, come back!<br></div><div class="battle-history">Go! Rotom (<strong>Rotom-Frost</strong>)!<br></div><div class="spacer battle-history"><br></div><div class="battle-history">The opposing Servine used <strong>Synthesis</strong>!<br></div><div class="battle-history"><small>The opposing Servine restored its HP.</small><br></div><div class="spacer battle-history"><br></div><div class="battle-history"><small>Rotom restored a little HP using its Leftovers!</small><br></div><div class="spacer battle-history"><br></div><h2 class="battle-history">Turn 19</h2><div class="chat chatmessage-chrisloud"><strong style="color:hsl(98,63%,38%)"><small> </small><span class="username" data-name="Chrisloud">Chrisloud</span>:</strong> <em>gl hitting</em></div><div class="spacer battle-history"><br></div><div class="battle-history">Rotom, come back!<br></div><div class="battle-history">Go! <strong>Ursaring</strong>!<br></div><div class="spacer battle-history"><br></div><div class="battle-history">The opposing Servine used <strong>Leaf Storm</strong>!<br></div><div class="battle-history"><small>(Ursaring lost <abbr title="−87/383">22.7%</abbr> of its health!)</small><br></div><div class="battle-history"><small>The opposing Servine's Special Attack rose sharply!</small><br></div><div class="spacer battle-history"><br></div><div class="battle-history"><small>Ursaring restored a little HP using its Leftovers!</small><br></div><div class="spacer battle-history"><br></div><h2 class="battle-history">Turn 20</h2><div class="chat chatmessage-teddeh"><strong style="color:hsl(158,62%,34%)"><small>☆</small><span class="username" data-name="Teddeh">Teddeh</span>:</strong> <em>u went for it</em></div><div class="chat chatmessage-teddeh"><strong style="color:hsl(158,62%,34%)"><small>☆</small><span class="username" data-name="Teddeh">Teddeh</span>:</strong> <em>welp</em></div><div class="chat chatmessage-pokemonmastertj"><strong style="color:hsl(26,75%,48%)"><small>☆</small><span class="username" data-name="PokemonMasterTJ">PokemonMasterTJ</span>:</strong> <em>who hits</em></div><div class="chat chatmessage-teddeh"><strong style="color:hsl(158,62%,34%)"><small>☆</small><span class="username" data-name="Teddeh">Teddeh</span>:</strong> <em>crit sealed it</em></div><div class="spacer battle-history"><br></div><div class="battle-history"><small>Teddeh forfeited.</small><br></div><div class="spacer battle-history"><br></div><div class="battle-history"><strong>PokemonMasterTJ</strong> won the battle!<br></div><div class="chat"><small>Teddeh left.</small></div></div><div class="inner-preempt"></div></div></div>
</div>
<script>
let daily = Math.floor(Date.now()/1000/60/60/24);document.write('<script src="https://play.pokemonshowdown.com/js/replay-embed.js?version'+daily+'"></'+'script>');
</script>
