<!DOCTYPE html>
<meta charset="utf-8" />
<!-- version 1 -->
<title>PU replay: Lovely❤Togekiss vs. SiTuM =)</title>
<style>
html,body {font-family:Verdana, sans-serif;font-size:10pt;margin:0;padding:0;}body{padding:12px 0;} .battle-log {font-family:Verdana, sans-serif;font-size:10pt;} .battle-log-inline {border:1px solid #AAAAAA;background:#EEF2F5;color:black;max-width:640px;margin:0 auto 80px;padding-bottom:5px;} .battle-log .inner {padding:4px 8px 0px 8px;} .battle-log .inner-preempt {padding:0 8px 4px 8px;} .battle-log .inner-after {margin-top:0.5em;} .battle-log h2 {margin:0.5em -8px;padding:4px 8px;border:1px solid #AAAAAA;background:#E0E7EA;border-left:0;border-right:0;font-family:Verdana, sans-serif;font-size:13pt;} .battle-log .chat {vertical-align:middle;padding:3px 0 3px 0;font-size:8pt;} .battle-log .chat strong {color:#40576A;} .battle-log .chat em {padding:1px 4px 1px 3px;color:#000000;font-style:normal;} .chat.mine {background:rgba(0,0,0,0.05);margin-left:-8px;margin-right:-8px;padding-left:8px;padding-right:8px;} .spoiler {color:#BBBBBB;background:#BBBBBB;padding:0px 3px;} .spoiler:hover, .spoiler:active, .spoiler-shown {color:#000000;background:#E2E2E2;padding:0px 3px;} .spoiler a {color:#BBBBBB;} .spoiler:hover a, .spoiler:active a, .spoiler-shown a {color:#2288CC;} .chat code, .chat .spoiler:hover code, .chat .spoiler:active code, .chat .spoiler-shown code {border:1px solid #C0C0C0;background:#EEEEEE;color:black;padding:0 2px;} .chat .spoiler code {border:1px solid #CCCCCC;background:#CCCCCC;color:#CCCCCC;} .battle-log .rated {padding:3px 4px;} .battle-log .rated strong {color:white;background:#89A;padding:1px 4px;border-radius:4px;} .spacer {margin-top:0.5em;} .message-announce {background:#6688AA;color:white;padding:1px 4px 2px;} .message-announce a, .broadcast-green a, .broadcast-blue a, .broadcast-red a {color:#DDEEFF;} .broadcast-green {background-color:#559955;color:white;padding:2px 4px;} .broadcast-blue {background-color:#6688AA;color:white;padding:2px 4px;} .infobox {border:1px solid #6688AA;padding:2px 4px;} .infobox-limited {max-height:200px;overflow:auto;overflow-x:hidden;} .broadcast-red {background-color:#AA5544;color:white;padding:2px 4px;} .message-learn-canlearn {font-weight:bold;color:#228822;text-decoration:underline;} .message-learn-cannotlearn {font-weight:bold;color:#CC2222;text-decoration:underline;} .message-effect-weak {font-weight:bold;color:#CC2222;} .message-effect-resist {font-weight:bold;color:#6688AA;} .message-effect-immune {font-weight:bold;color:#666666;} .message-learn-list {margin-top:0;margin-bottom:0;} .message-throttle-notice, .message-error {color:#992222;} .message-overflow, .chat small.message-overflow {font-size:0pt;} .message-overflow::before {font-size:9pt;content:'...';} .subtle {color:#3A4A66;}
</style>
<div class="wrapper replay-wrapper" style="max-width:1180px;margin:0 auto">
<input type="hidden" name="replayid" value="pokestrat-pu-467" />
<div class="battle"></div><div class="battle-log"></div><div class="replay-controls"></div><div class="replay-controls-2"></div>
<h1 style="font-weight:normal;text-align:center"><strong>PU</strong><br /><a href="http://pokemonshowdown.com/users/lovelytogekiss" class="subtle" target="_blank">Lovely❤Togekiss</a> vs. <a href="http://pokemonshowdown.com/users/situm" class="subtle" target="_blank">SiTuM =)</a></h1>
<script type="text/plain" class="battle-log-data">|j|Lovely❤Togekiss
|j|SiTuM =)
|player|p1|Lovely❤Togekiss|95
|player|p2|SiTuM =)|137
|gametype|singles
|gen|6
|tier|PU
|seed|44922,47642,1590,10285
|rule|Sleep Clause Mod: Limit one foe put to sleep
|rule|Species Clause: Limit one of each Pokémon
|rule|OHKO Clause: OHKO moves are banned
|rule|Moody Clause: Moody is banned
|rule|Evasion Moves Clause: Evasion moves are banned
|rule|Endless Battle Clause: Forcing endless battles is banned
|rule|HP Percentage Mod: HP is shown in percentages
|clearpoke
|poke|p1|Altaria, F, shiny|item
|poke|p1|Audino, F|item
|poke|p1|Lumineon, F|item
|poke|p1|Golem, F, shiny|item
|poke|p1|Leafeon, F, shiny|item
|poke|p1|Rotom-Frost, shiny|item
|poke|p2|Lumineon, M|item
|poke|p2|Metang|item
|poke|p2|Murkrow, M|item
|poke|p2|Stoutland, F|item
|poke|p2|Rotom-Frost|item
|poke|p2|Jumpluff, F|
|rule|Swagger Clause: Swagger is banned
|rule|Baton Pass Clause: Limit one Baton Passer, can't pass Spe and other stats simultaneously
|teampreview
|j|Imparfait
|j|Iron✘Pyrite
|c|☆SiTuM =)|g fait un truc drole
|c|☆SiTuM =)|jspr ce sera drole.
|c|☆Lovely❤Togekiss|n.n
|c|☆SiTuM =)|hf.
|j|Marill Le Pen
|choice|team 6, team 2, team 3, team 4, team 5, team 1|team 6, team 2, team 3, team 4, team 5, team 1
|
|start
|switch|p1a: Pinky Frosty|Rotom-Frost, shiny|241\/241
|switch|p2a: Jumpluff|Jumpluff, F|291\/291
|turn|1
|j|draco49
|c| Marill Le Pen|SiTuM ta mis mastouffe
|c| Marill Le Pen|mais fallait prendre chatot shiny
|choice|move voltswitch|switch 2
|
|switch|p2a: Metang|Metang|324\/324
|move|p1a: Pinky Frosty|Volt Switch|p2a: Metang
|-damage|p2a: Metang|186\/324
|j|Chrink ♛
|choice|switch 5|
|
|switch|p1a: Green Jungle|Leafeon, F, shiny|271\/271
|
|upkeep
|turn|2
|choice|move knockoff|move stealthrock
|
|move|p1a: Green Jungle|Knock Off|p2a: Metang
|-supereffective|p2a: Metang
|-damage|p2a: Metang|92\/324
|-enditem|p2a: Metang|Eviolite|[from] move: Knock Off|[of] p1a: Green Jungle
|move|p2a: Metang|Stealth Rock|p1a: Green Jungle
|-sidestart|p1: Lovely❤Togekiss|move: Stealth Rock
|
|upkeep
|turn|3
|l|Iron✘Pyrite
|choice|move knockoff|move toxic
|
|move|p1a: Green Jungle|Knock Off|p2a: Metang
|-supereffective|p2a: Metang
|-damage|p2a: Metang|0 fnt
|faint|p2a: Metang
|
|upkeep
|choice||switch 2
|
|switch|p2a: Jumpluff|Jumpluff, F|291\/291
|turn|4
|choice|switch 2|move sleeppowder
|
|switch|p1a: Pinky Nurse|Audino, F|409\/409
|-damage|p1a: Pinky Nurse|358\/409|[from] Stealth Rock
|move|p2a: Jumpluff|Sleep Powder|p1a: Pinky Nurse|[miss]
|-miss|p2a: Jumpluff|p1a: Pinky Nurse
|
|-heal|p1a: Pinky Nurse|383\/409|[from] item: Leftovers
|upkeep
|turn|5
|choice|move return|move sleeppowder
|
|move|p2a: Jumpluff|Sleep Powder|p1a: Pinky Nurse
|-status|p1a: Pinky Nurse|slp
|cant|p1a: Pinky Nurse|slp
|
|-heal|p1a: Pinky Nurse|408\/409 slp|[from] item: Leftovers
|upkeep
|turn|6
|choice|switch 6|move swordsdance
|
|switch|p1a: Golden Sky|Altaria, F, shiny|353\/353
|-damage|p1a: Golden Sky|265\/353|[from] Stealth Rock
|move|p2a: Jumpluff|Swords Dance|p2a: Jumpluff
|-boost|p2a: Jumpluff|atk|2
|
|-heal|p1a: Golden Sky|287\/353|[from] item: Leftovers
|upkeep
|turn|7
|j|Greenheroes
|choice|move roost|switch 4
|
|switch|p2a: Stoutland|Stoutland, F|311\/311
|move|p1a: Golden Sky|Roost|p1a: Golden Sky
|-heal|p1a: Golden Sky|353\/353
|
|upkeep
|turn|8
|c| Greenheroes|bonne chance et bon haxx^^
|choice|move toxic|move superpower
|
|move|p2a: Stoutland|Superpower|p1a: Golden Sky
|-resisted|p1a: Golden Sky
|-damage|p1a: Golden Sky|282\/353
|-unboost|p2a: Stoutland|atk|1
|-unboost|p2a: Stoutland|def|1
|move|p1a: Golden Sky|Toxic|p2a: Stoutland
|-status|p2a: Stoutland|tox
|
|-heal|p1a: Golden Sky|304\/353|[from] item: Leftovers
|-damage|p2a: Stoutland|292\/311 tox|[from] psn
|upkeep
|turn|9
|c|☆SiTuM =)|roh
|c|☆Lovely❤Togekiss|dsl
|c|☆Lovely❤Togekiss|tu m'auras pas
|c|☆Lovely❤Togekiss|:(
|choice|move toxic|switch 5
|
|switch|p2a: Rotom|Rotom-Frost|241\/241
|move|p1a: Golden Sky|Toxic|p2a: Rotom
|-status|p2a: Rotom|tox
|
|-heal|p1a: Golden Sky|326\/353|[from] item: Leftovers
|-damage|p2a: Rotom|226\/241 tox|[from] psn
|upkeep
|turn|10
|choice|switch 6|move trick
|
|switch|p1a: Pinky Nurse|Audino, F|409\/409 slp
|-damage|p1a: Pinky Nurse|358\/409 slp|[from] Stealth Rock
|move|p2a: Rotom|Trick|p1a: Pinky Nurse
|-activate|p2a: Rotom|move: Trick|[of] p1a: Pinky Nurse
|-item|p1a: Pinky Nurse|Choice Scarf|[from] move: Trick
|-item|p2a: Rotom|Leftovers|[from] move: Trick
|
|-heal|p2a: Rotom|241\/241 tox|[from] item: Leftovers
|-damage|p2a: Rotom|211\/241 tox|[from] psn
|upkeep
|turn|11
|j|Nosferaptor
|choice|move wish|move voltswitch
|
|move|p2a: Rotom|Volt Switch|p1a: Pinky Nurse
|-damage|p1a: Pinky Nurse|268\/409 slp
|c| Greenheroes|joli
|choice||switch 5
|
|switch|p2a: Stoutland|Stoutland, F|292\/311 tox
|cant|p1a: Pinky Nurse|slp
|
|-damage|p2a: Stoutland|273\/311 tox|[from] psn
|upkeep
|turn|12
|choice|move protect|move return
|
|-curestatus|p1a: Pinky Nurse|slp|[msg]
|move|p1a: Pinky Nurse|Protect|p1a: Pinky Nurse
|-singleturn|p1a: Pinky Nurse|Protect
|move|p2a: Stoutland|Return|p1a: Pinky Nurse
|-activate|p1a: Pinky Nurse|move: Protect
|
|-damage|p2a: Stoutland|235\/311 tox|[from] psn
|upkeep
|turn|13
|choice|switch 4|switch 6
|
|switch|p2a: Lumineon|Lumineon, M|279\/279
|switch|p1a: Brown RockBall|Golem, F, shiny|363\/363
|-damage|p1a: Brown RockBall|341\/363|[from] Stealth Rock
|
|-heal|p1a: Brown RockBall|363\/363|[from] item: Leftovers
|upkeep
|turn|14
|l|Nosferaptor
|choice|move protect|move toxic
|
|move|p1a: Brown RockBall|Protect|p1a: Brown RockBall
|-singleturn|p1a: Brown RockBall|Protect
|move|p2a: Lumineon|Toxic|p1a: Brown RockBall
|-activate|p1a: Brown RockBall|move: Protect
|
|upkeep
|turn|15
|choice|move stealthrock|move uturn
|
|move|p2a: Lumineon|U-turn|p1a: Brown RockBall
|-crit|p1a: Brown RockBall
|-damage|p1a: Brown RockBall|319\/363
|c|☆SiTuM =)|pk tu restes
|c|☆SiTuM =)|ça n'a aucun sens ;_;
|choice||switch 4
|
|switch|p2a: Jumpluff|Jumpluff, F|291\/291
|move|p1a: Brown RockBall|Stealth Rock|p2a: Jumpluff
|-sidestart|p2: SiTuM =)|move: Stealth Rock
|
|-heal|p1a: Brown RockBall|341\/363|[from] item: Leftovers
|upkeep
|turn|16
|c|☆Lovely❤Togekiss|car t'allais u-turn
|c|☆SiTuM =)|chut jsuis salé
|choice|move protect|move sleeppowder
|
|move|p1a: Brown RockBall|Protect|p1a: Brown RockBall
|-singleturn|p1a: Brown RockBall|Protect
|move|p2a: Jumpluff|Sleep Powder|p1a: Brown RockBall
|-activate|p1a: Brown RockBall|move: Protect
|
|-heal|p1a: Brown RockBall|363\/363|[from] item: Leftovers
|upkeep
|turn|17
|choice|switch 4|move sleeppowder
|
|switch|p1a: Pinky Nurse|Audino, F|404\/409
|-damage|p1a: Pinky Nurse|353\/409|[from] Stealth Rock
|move|p2a: Jumpluff|Sleep Powder|p1a: Pinky Nurse
|-status|p1a: Pinky Nurse|slp
|
|upkeep
|turn|18
|l|draco49
|j|Pakkuu ★
|choice|switch 6|move swordsdance
|
|switch|p1a: Golden Sky|Altaria, F, shiny|326\/353
|-damage|p1a: Golden Sky|238\/353|[from] Stealth Rock
|move|p2a: Jumpluff|Swords Dance|p2a: Jumpluff
|-boost|p2a: Jumpluff|atk|2
|
|-heal|p1a: Golden Sky|260\/353|[from] item: Leftovers
|upkeep
|turn|19
|choice|move haze|move swordsdance
|
|move|p2a: Jumpluff|Swords Dance|p2a: Jumpluff
|-boost|p2a: Jumpluff|atk|2
|move|p1a: Golden Sky|Haze|p1a: Golden Sky
|-clearallboost
|
|-heal|p1a: Golden Sky|282\/353|[from] item: Leftovers
|upkeep
|turn|20
|c|☆Lovely❤Togekiss|nope
|c|☆Lovely❤Togekiss|c:
|c|☆SiTuM =)|HEIN
|c|☆SiTuM =)|QUOI
|c|☆SiTuM =)|CA A CA CA
|c|☆SiTuM =)|EGNCXEJHSRNJBBHG2TJCBGC
|c|☆Lovely❤Togekiss|ça se joue
|j|draco49
|c|☆Lovely❤Togekiss|yyy
|c|☆SiTuM =)|ptn arrête de jouer h24 des stalls
|l|draco49
|c|☆SiTuM =)|ça saoule là ;_;
|c|☆Lovely❤Togekiss|n.n
|choice|move roost|move swordsdance
|
|move|p2a: Jumpluff|Swords Dance|p2a: Jumpluff
|-boost|p2a: Jumpluff|atk|2
|move|p1a: Golden Sky|Roost|p1a: Golden Sky
|-heal|p1a: Golden Sky|353\/353
|
|upkeep
|turn|21
|choice|move haze|move acrobatics
|
|move|p2a: Jumpluff|Acrobatics|p1a: Golden Sky
|-damage|p1a: Golden Sky|175\/353
|move|p1a: Golden Sky|Haze|p1a: Golden Sky
|-clearallboost
|
|-heal|p1a: Golden Sky|197\/353|[from] item: Leftovers
|upkeep
|turn|22
|choice|move roost|switch 3
|
|switch|p2a: Murkrow|Murkrow, M|261\/261
|-damage|p2a: Murkrow|196\/261|[from] Stealth Rock
|move|p1a: Golden Sky|Roost|p1a: Golden Sky
|-heal|p1a: Golden Sky|353\/353
|
|upkeep
|turn|23
|c| Greenheroes|celle làçafait un bail qu'elle la joue
|choice|switch 3|move bravebird
|
|switch|p1a: Light Blue Sea|Lumineon, F|341\/341
|-damage|p1a: Light Blue Sea|299\/341|[from] Stealth Rock
|move|p2a: Murkrow|Brave Bird|p1a: Light Blue Sea
|-damage|p1a: Light Blue Sea|107\/341
|-damage|p2a: Murkrow|133\/261|[from] recoil|[of] p1a: Light Blue Sea
|-damage|p2a: Murkrow|107\/261|[from] item: Life Orb
|
|-heal|p1a: Light Blue Sea|128\/341|[from] item: Leftovers
|upkeep
|turn|24
|c|☆SiTuM =)|56.
|choice|switch 6|move roost
|
|switch|p1a: Pinky Nurse|Audino, F|409\/409 slp
|-damage|p1a: Pinky Nurse|358\/409 slp|[from] Stealth Rock
|move|p2a: Murkrow|Roost|p2a: Murkrow
|-heal|p2a: Murkrow|238\/261
|
|upkeep
|turn|25
|choice|move wish|switch 4
|
|switch|p2a: Lumineon|Lumineon, M|279\/279
|-damage|p2a: Lumineon|245\/279|[from] Stealth Rock
|cant|p1a: Pinky Nurse|slp
|
|-heal|p2a: Lumineon|262\/279|[from] item: Leftovers
|upkeep
|turn|26
|c| Greenheroes|t'as compris^^
|choice|move wish|move defog
|
|move|p2a: Lumineon|Defog|p1a: Pinky Nurse
|-unboost|p1a: Pinky Nurse|evasion|1
|-sideend|p1: Lovely❤Togekiss|Stealth Rock|[from] move: Defog|[of] p1a: Pinky Nurse
|-sideend|p2: SiTuM =)|Stealth Rock|[from] move: Defog|[of] p2a: Lumineon
|cant|p1a: Pinky Nurse|slp
|
|-heal|p2a: Lumineon|279\/279|[from] item: Leftovers
|upkeep
|turn|27
|choice|move wish|move uturn
|
|move|p2a: Lumineon|U-turn|p1a: Pinky Nurse
|-damage|p1a: Pinky Nurse|318\/409 slp
|choice||switch 3
|
|switch|p2a: Jumpluff|Jumpluff, F|291\/291
|-curestatus|p1a: Pinky Nurse|slp|[msg]
|move|p1a: Pinky Nurse|Wish|p1a: Pinky Nurse
|
|upkeep
|turn|28
|choice|switch 6|move sleeppowder
|
|switch|p1a: Light Blue Sea|Lumineon, F|128\/341
|move|p2a: Jumpluff|Sleep Powder|p1a: Light Blue Sea
|-status|p1a: Light Blue Sea|slp
|
|-heal|p1a: Light Blue Sea|332\/341 slp|[from] move: Wish|[wisher] Pinky Nurse
|-heal|p1a: Light Blue Sea|341\/341 slp|[from] item: Leftovers
|upkeep
|turn|29
|choice|switch 5|switch 5
|
|switch|p2a: Rotom|Rotom-Frost|211\/241 tox
|switch|p1a: Pinky Frosty|Rotom-Frost, shiny|241\/241
|
|-heal|p2a: Rotom|226\/241 tox|[from] item: Leftovers
|-damage|p2a: Rotom|211\/241 tox|[from] psn
|upkeep
|turn|30
|choice|switch 6|move voltswitch
|
|switch|p1a: Pinky Nurse|Audino, F|409\/409
|move|p2a: Rotom|Volt Switch|p1a: Pinky Nurse
|-damage|p1a: Pinky Nurse|327\/409
|choice||switch 3
|
|switch|p2a: Lumineon|Lumineon, M|279\/279
|
|upkeep
|turn|31
|choice|switch 3|move toxic
|
|switch|p1a: Golden Sky|Altaria, F, shiny|353\/353
|move|p2a: Lumineon|Toxic|p1a: Golden Sky
|-status|p1a: Golden Sky|tox
|
|-damage|p1a: Golden Sky|331\/353 tox|[from] psn
|upkeep
|turn|32
|choice|switch 6|move uturn
|
|-curestatus|p1a: Golden Sky|tox|[from] ability: Natural Cure
|switch|p1a: Pinky Frosty|Rotom-Frost, shiny|241\/241
|move|p2a: Lumineon|U-turn|p1a: Pinky Frosty
|-damage|p1a: Pinky Frosty|204\/241
|choice||switch 3
|
|switch|p2a: Rotom|Rotom-Frost|211\/241 tox
|
|-heal|p2a: Rotom|226\/241 tox|[from] item: Leftovers
|-damage|p2a: Rotom|211\/241 tox|[from] psn
|upkeep
|turn|33
|choice|move voltswitch|move voltswitch
|
|move|p1a: Pinky Frosty|Volt Switch|p2a: Rotom
|-resisted|p2a: Rotom
|-damage|p2a: Rotom|137\/241 tox
|choice|switch 3|
|
|switch|p1a: Pinky Nurse|Audino, F|409\/409
|move|p2a: Rotom|Volt Switch|p1a: Pinky Nurse
|-damage|p1a: Pinky Nurse|324\/409
|l|Imparfait
|choice||switch 6
|
|switch|p2a: Stoutland|Stoutland, F|235\/311 tox
|
|-damage|p2a: Stoutland|216\/311 tox|[from] psn
|upkeep
|turn|34
|choice|move protect|move superpower
|
|move|p1a: Pinky Nurse|Protect|p1a: Pinky Nurse
|-singleturn|p1a: Pinky Nurse|Protect
|move|p2a: Stoutland|Superpower|p1a: Pinky Nurse
|-activate|p1a: Pinky Nurse|move: Protect
|
|-damage|p2a: Stoutland|178\/311 tox|[from] psn
|upkeep
|turn|35
|choice|switch 6|switch 6
|
|switch|p2a: Rotom|Rotom-Frost|137\/241 tox
|switch|p1a: Golden Sky|Altaria, F, shiny|331\/353
|
|-heal|p2a: Rotom|152\/241 tox|[from] item: Leftovers
|-heal|p1a: Golden Sky|353\/353|[from] item: Leftovers
|-damage|p2a: Rotom|137\/241 tox|[from] psn
|upkeep
|turn|36
|c|☆SiTuM =)|je sais pas
|c|☆SiTuM =)|si jte hais
|c|☆SiTuM =)|ou si jte déteste
|choice|switch 6|move voltswitch
|
|switch|p1a: Pinky Nurse|Audino, F|409\/409
|move|p2a: Rotom|Volt Switch|p1a: Pinky Nurse
|-damage|p1a: Pinky Nurse|322\/409
|c|☆Lovely❤Togekiss|n.n
|j|Mororine *^*
|choice||switch 5
|
|switch|p2a: Jumpluff|Jumpluff, F|291\/291
|
|upkeep
|turn|37
|choice|move return|move swordsdance
|
|move|p2a: Jumpluff|Swords Dance|p2a: Jumpluff
|-boost|p2a: Jumpluff|atk|2
|move|p1a: Pinky Nurse|Return|p2a: Jumpluff
|-damage|p2a: Jumpluff|179\/291
|
|upkeep
|turn|38
|choice|move return|move swordsdance
|
|move|p2a: Jumpluff|Swords Dance|p2a: Jumpluff
|-boost|p2a: Jumpluff|atk|2
|move|p1a: Pinky Nurse|Return|p2a: Jumpluff
|-damage|p2a: Jumpluff|77\/291
|
|upkeep
|turn|39
|c| Marill Le Pen|tu peux faire les deux
|choice|switch 5|move acrobatics
|
|switch|p1a: Light Blue Sea|Lumineon, F|341\/341 slp
|move|p2a: Jumpluff|Acrobatics|p1a: Light Blue Sea
|-damage|p1a: Light Blue Sea|50\/341 slp
|
|-heal|p1a: Light Blue Sea|71\/341 slp|[from] item: Leftovers
|upkeep
|turn|40
|choice|move scald|move acrobatics
|
|move|p2a: Jumpluff|Acrobatics|p1a: Light Blue Sea
|-damage|p1a: Light Blue Sea|0 fnt
|faint|p1a: Light Blue Sea
|
|upkeep
|j|KatsudonMaster
|choice|switch 4|
|
|switch|p1a: Brown RockBall|Golem, F, shiny|363\/363
|turn|41
|c| Marill Le Pen|tu haxx là SiTuM
|choice|move protect|move sleeppowder
|
|move|p1a: Brown RockBall|Protect|p1a: Brown RockBall
|-singleturn|p1a: Brown RockBall|Protect
|move|p2a: Jumpluff|Sleep Powder|p1a: Brown RockBall
|-activate|p1a: Brown RockBall|move: Protect
|
|upkeep
|turn|42
|choice|switch 5|move sleeppowder
|
|switch|p1a: Pinky Nurse|Audino, F|409\/409
|move|p2a: Jumpluff|Sleep Powder|p1a: Pinky Nurse
|-status|p1a: Pinky Nurse|slp
|
|upkeep
|turn|43
|l|Pakkuu ★
|choice|move return|move seedbomb
|
|move|p2a: Jumpluff|Seed Bomb|p1a: Pinky Nurse
|-damage|p1a: Pinky Nurse|117\/409 slp
|cant|p1a: Pinky Nurse|slp
|
|upkeep
|turn|44
|choice|move return|move acrobatics
|
|move|p2a: Jumpluff|Acrobatics|p1a: Pinky Nurse
|-damage|p1a: Pinky Nurse|0 fnt
|faint|p1a: Pinky Nurse
|
|upkeep
|choice|switch 6|
|
|switch|p1a: Golden Sky|Altaria, F, shiny|353\/353
|turn|45
|choice|move dragonpulse|move sleeppowder
|
|move|p2a: Jumpluff|Sleep Powder|p1a: Golden Sky|[miss]
|-miss|p2a: Jumpluff|p1a: Golden Sky
|move|p1a: Golden Sky|Dragon Pulse|p2a: Jumpluff
|-damage|p2a: Jumpluff|1\/291
|
|upkeep
|turn|46
|c|☆SiTuM =)|NON
|c|☆SiTuM =)|NON
|c|☆SiTuM =)|ON
|c|☆SiTuM =)|NON
|c|☆SiTuM =)|NONN
|c| Marill Le Pen|oh
|j|TheLordPink
|c| Marill Le Pen|on y croit situm
|choice|move dragonpulse|move sleeppowder
|
|move|p2a: Jumpluff|Sleep Powder|p1a: Golden Sky|[miss]
|-miss|p2a: Jumpluff|p1a: Golden Sky
|move|p1a: Golden Sky|Dragon Pulse|p2a: Jumpluff
|-damage|p2a: Jumpluff|0 fnt
|faint|p2a: Jumpluff
|
|upkeep
|c|☆SiTuM =)|putain j'avais win
|c| KatsudonMaster|omg
|c|☆SiTuM =)|eukszvhre vtcf
|c|☆SiTuM =)|cegn xdbfvgncdzvnr,bn,jbcfr
|c|☆SiTuM =)|zeghxbfgndebcgnjbfx'bè_c'b(_çnbè_gcnbè('vt1531vybjcefhxjbhth
|c| Marill Le Pen|ta mastouffe
|c| KatsudonMaster|chaud
|c| Marill Le Pen|on y criot encore
|c| Greenheroes|mais pour quoi pas acrobatics mdr
|choice||switch 5
|
|switch|p2a: Rotom|Rotom-Frost|137\/241 tox
|turn|47
|choice|switch 3|move voltswitch
|
|switch|p1a: Pinky Frosty|Rotom-Frost, shiny|204\/241
|move|p2a: Rotom|Volt Switch|p1a: Pinky Frosty
|-resisted|p1a: Pinky Frosty
|-damage|p1a: Pinky Frosty|154\/241
|choice||switch 3
|
|switch|p2a: Lumineon|Lumineon, M|279\/279
|
|upkeep
|turn|48
|c| Marill Le Pen|tu pas se prendre Haze
|c|☆SiTuM =)|putain de merde
|c|☆SiTuM =)|j'avais win
|c|☆SiTuM =)|tellement fort
|choice|move thunderbolt|move uturn
|
|move|p1a: Pinky Frosty|Thunderbolt|p2a: Lumineon
|-supereffective|p2a: Lumineon
|-damage|p2a: Lumineon|0 fnt
|faint|p2a: Lumineon
|
|upkeep
|choice||switch 6
|
|switch|p2a: Stoutland|Stoutland, F|178\/311 tox
|turn|49
|j|KingCarcha ★
|choice|switch 3|move icefang
|
|switch|p1a: Golden Sky|Altaria, F, shiny|353\/353
|move|p2a: Stoutland|Ice Fang|p1a: Golden Sky
|-supereffective|p1a: Golden Sky
|-damage|p1a: Golden Sky|5\/353
|
|-heal|p1a: Golden Sky|27\/353|[from] item: Leftovers
|-damage|p2a: Stoutland|159\/311 tox|[from] psn
|upkeep
|turn|50
|choice|move dragonpulse|move icefang
|
|move|p2a: Stoutland|Ice Fang|p1a: Golden Sky
|-supereffective|p1a: Golden Sky
|-damage|p1a: Golden Sky|0 fnt
|faint|p1a: Golden Sky
|
|-damage|p2a: Stoutland|121\/311 tox|[from] psn
|upkeep
|choice|switch 3|
|
|switch|p1a: Pinky Frosty|Rotom-Frost, shiny|154\/241
|turn|51
|choice|move voltswitch|move icefang
|
|move|p1a: Pinky Frosty|Volt Switch|p2a: Stoutland
|-damage|p2a: Stoutland|0 fnt
|faint|p2a: Stoutland
|l|TheLordPink
|choice|switch 5|
|
|switch|p1a: Brown RockBall|Golem, F, shiny|363\/363
|
|upkeep
|c| Marill Le Pen|mastouffe > all
|choice||switch 3
|
|switch|p2a: Rotom|Rotom-Frost|137\/241 tox
|turn|52
|c| KatsudonMaster|rip
|choice|move protect|move blizzard
|
|move|p1a: Brown RockBall|Protect|p1a: Brown RockBall
|-singleturn|p1a: Brown RockBall|Protect
|move|p2a: Rotom|Blizzard|p1a: Brown RockBall
|-activate|p1a: Brown RockBall|move: Protect
|
|-heal|p2a: Rotom|152\/241 tox|[from] item: Leftovers
|-damage|p2a: Rotom|137\/241 tox|[from] psn
|upkeep
|turn|53
|choice|move rockblast|move blizzard
|
|move|p2a: Rotom|Blizzard|p1a: Brown RockBall
|-supereffective|p1a: Brown RockBall
|-damage|p1a: Brown RockBall|19\/363
|-status|p1a: Brown RockBall|frz
|-curestatus|p1a: Brown RockBall|frz|[msg]
|move|p1a: Brown RockBall|Rock Blast|p2a: Rotom
|-supereffective|p2a: Rotom
|-damage|p2a: Rotom|75\/241 tox
|-supereffective|p2a: Rotom
|-damage|p2a: Rotom|13\/241 tox
|-supereffective|p2a: Rotom
|-damage|p2a: Rotom|0 fnt
|-hitcount|p2a: Rotom|3
|faint|p2a: Rotom
|
|-heal|p1a: Brown RockBall|41\/363|[from] item: Leftovers
|upkeep
|choice||switch 4
|
|switch|p2a: Murkrow|Murkrow, M|238\/261
|turn|54
|choice|move protect|move bravebird
|
|move|p1a: Brown RockBall|Protect|p1a: Brown RockBall
|-singleturn|p1a: Brown RockBall|Protect
|move|p2a: Murkrow|Brave Bird|p1a: Brown RockBall
|-activate|p1a: Brown RockBall|move: Protect
|
|-heal|p1a: Brown RockBall|63\/363|[from] item: Leftovers
|upkeep
|turn|55
|c| Marill Le Pen|ça se fait pas
|c| Marill Le Pen|elle te haxx
|c| Marill Le Pen|puis te fais croire tu vas haxx
|choice|move rockblast|move suckerpunch
|
|move|p2a: Murkrow|Sucker Punch|p1a: Brown RockBall
|-damage|p1a: Brown RockBall|0 fnt
|-damage|p2a: Murkrow|212\/261|[from] item: Life Orb
|faint|p1a: Brown RockBall
|
|upkeep
|choice|switch 5|
|
|switch|p1a: Pinky Frosty|Rotom-Frost, shiny|154\/241
|turn|56
|c| Marill Le Pen|crit
|c| Marill Le Pen|on y croit tous
|c| Marill Le Pen|tu le mérites
|choice|move thunderbolt|move heatwave
|
|move|p2a: Murkrow|Heat Wave|p1a: Pinky Frosty
|-supereffective|p1a: Pinky Frosty
|-damage|p1a: Pinky Frosty|0 fnt
|-damage|p2a: Murkrow|186\/261|[from] item: Life Orb
|faint|p1a: Pinky Frosty
|
|upkeep
|c|☆SiTuM =)|wtf
|c|☆SiTuM =)|WTF
|choice|switch 2|
|
|switch|p1a: Green Jungle|Leafeon, F, shiny|271\/271
|turn|57
|c|☆SiTuM =)|T PAS SCARF
|c| Marill Le Pen|heu
|c|☆SiTuM =)|WHAT
|c| Greenheroes|gg situm
|c| Marill Le Pen|pas scarf
|choice|move bulletseed|move bravebird
|
|move|p1a: Green Jungle|Bullet Seed|p2a: Murkrow
|-resisted|p2a: Murkrow
|-damage|p2a: Murkrow|141\/261
|-resisted|p2a: Murkrow
|-damage|p2a: Murkrow|96\/261
|-resisted|p2a: Murkrow
|-damage|p2a: Murkrow|52\/261
|-resisted|p2a: Murkrow
|-damage|p2a: Murkrow|7\/261
|-resisted|p2a: Murkrow
|-damage|p2a: Murkrow|0 fnt
|-hitcount|p2a: Murkrow|5
|faint|p2a: Murkrow
|
|win|Lovely❤Togekiss
|c|☆SiTuM =)|MDRRRRRRRRRRRRRRRRRRRRRRRRRRRRRRRRRRRRRRRRRRRRRRRRRRRRRRRRRRRRRRRRRRRRRRRRRRRRRRRRRRRRRRRRRRRRRRRRRRRRRRRRRRRRRRRRRRRRRRRRRRRRRRRRRRRRR
|c|☆Lovely❤Togekiss|sinon
|c| Marill Le Pen|alors là
|c| KingCarcha ★|XDD
|c| Marill Le Pen|c'est la pire
|c| Marill Le Pen|genr
|c| Marill Le Pen|la pire
|c| Marill Le Pen|des pires
|c|☆Lovely❤Togekiss|J'aime bien
|c|☆Lovely❤Togekiss|la rage
|l|Chrink ♛
|c|☆Lovely❤Togekiss|quand tu m'as freeze
|c|☆Lovely❤Togekiss|ceus ground
|l|Mororine *^*
|c|☆Lovely❤Togekiss|au ubers
|c|☆Lovely❤Togekiss|:)
|l|Lovely❤Togekiss
|c| KingCarcha ★|Ce latch était marrant
|l|Marill Le Pen
|l|SiTuM =)
|c| KingCarcha ★|Match*
|l|KingCarcha ★
|j|Nyhets</script>
</div>
<div class="battle-log battle-log-inline"><div class="inner"><div class="battle-options"></div><div class="inner"><div class="chat"><small>Lovely❤Togekiss joined.</small></div><div class="chat"><small>SiTuM =) joined.</small></div><div class=""><small>Format:</small> <br><strong>PU</strong></div><div class=""><small><em>Sleep Clause Mod:</em> Limit one foe put to sleep</small></div><div class=""><small><em>Species Clause:</em> Limit one of each Pokémon</small></div><div class=""><small><em>OHKO Clause:</em> OHKO moves are banned</small></div><div class=""><small><em>Moody Clause:</em> Moody is banned</small></div><div class=""><small><em>Evasion Moves Clause:</em> Evasion moves are banned</small></div><div class=""><small><em>Endless Battle Clause:</em> Forcing endless battles is banned</small></div><div class=""><small><em>HP Percentage Mod:</em> HP is shown in percentages</small></div><div class=""><small><em>Swagger Clause:</em> Swagger is banned</small></div><div class=""><small><em>Baton Pass Clause:</em> Limit one Baton Passer, can't pass Spe and other stats simultaneously</small></div><div class="chat battle-history"><strong>Lovely❤Togekiss's team:</strong> <em style="color:#445566;display:block;">Altaria / Audino / Lumineon / Golem / Leafeon / Rotom-Frost</em></div><div class="chat battle-history"><strong>SiTuM =)'s team:</strong> <em style="color:#445566;display:block;">Lumineon / Metang / Murkrow / Stoutland / Rotom-Frost / Jumpluff</em></div><div class="chat"><small>Imparfait joined.</small></div><div class="chat"><small>Iron✘Pyrite joined.</small></div><div class="chat chatmessage-situm"><strong style="color:hsl(335,45%,49.69638130030039%)"><small>☆</small><span class="username" data-name="SiTuM =)">SiTuM =)</span>:</strong> <em>g fait un truc drole</em></div><div class="chat chatmessage-situm"><strong style="color:hsl(335,45%,49.69638130030039%)"><small>☆</small><span class="username" data-name="SiTuM =)">SiTuM =)</span>:</strong> <em>jspr ce sera drole.</em></div><div class="chat chatmessage-lovelytogekiss"><strong style="color:hsl(181,84%,39.75620224724769%)"><small>☆</small><span class="username" data-name="Lovely❤Togekiss">Lovely❤Togekiss</span>:</strong> <em>n.n</em></div><div class="chat chatmessage-situm"><strong style="color:hsl(335,45%,49.69638130030039%)"><small>☆</small><span class="username" data-name="SiTuM =)">SiTuM =)</span>:</strong> <em>hf.</em></div><div class="chat"><small>Marill Le Pen joined.</small></div><div class="spacer battle-history"><br></div><div class="battle-history">Battle started between Lovely❤Togekiss and SiTuM =)!<br></div><div class="spacer battle-history"><br></div><div class="battle-history">Go! Pinky Frosty (<strong>Rotom-Frost</strong>)!<br></div><div class="spacer battle-history"><br></div><div class="battle-history">SiTuM =) sent out <strong>Jumpluff</strong>!<br></div><div class="spacer battle-history"><br></div><h2 class="battle-history">Turn 1</h2><div class="chat"><small>draco49 joined.</small></div><div class="chat chatmessage-marilllepen"><strong style="color:hsl(93,83%,33%)"><small> </small><span class="username" data-name="Marill Le Pen">Marill Le Pen</span>:</strong> <em>SiTuM ta mis mastouffe</em></div><div class="chat chatmessage-marilllepen"><strong style="color:hsl(93,83%,33%)"><small> </small><span class="username" data-name="Marill Le Pen">Marill Le Pen</span>:</strong> <em>mais fallait prendre chatot shiny</em></div><div class="spacer battle-history"><br></div><div class="battle-history">SiTuM =) withdrew Jumpluff!<br></div><div class="battle-history">SiTuM =) sent out <strong>Metang</strong>!<br></div><div class="spacer battle-history"><br></div><div class="battle-history">Pinky Frosty used <strong>Volt Switch</strong>!<br></div><div class="battle-history"><small>(The opposing Metang lost <abbr title="−138/324">42.6%</abbr> of its health!)</small><br></div><div class="chat"><small>Chrink ♛ joined.</small></div><div class="spacer battle-history"><br></div><div class="battle-history">Pinky Frosty went back to Lovely❤Togekiss!<br></div><div class="battle-history">Go! Green Jungle (<strong>Leafeon</strong>)!<br></div><div class="spacer battle-history"><br></div><h2 class="battle-history">Turn 2</h2><div class="spacer battle-history"><br></div><div class="battle-history">Green Jungle used <strong>Knock Off</strong>!<br></div><div class="battle-history"><small>It's super effective!</small><br></div><div class="battle-history"><small>(The opposing Metang lost <abbr title="−94/324">29.0%</abbr> of its health!)</small><br></div><div class="battle-history"><small>Green Jungle knocked off the opposing Metang's Eviolite!</small><br></div><div class="spacer battle-history"><br></div><div class="battle-history">The opposing Metang used <strong>Stealth Rock</strong>!<br></div><div class="battle-history"><small>Pointed stones float in the air around your team!</small><br></div><div class="spacer battle-history"><br></div><h2 class="battle-history">Turn 3</h2><div class="chat"><small>Iron✘Pyrite left.</small></div><div class="spacer battle-history"><br></div><div class="battle-history">Green Jungle used <strong>Knock Off</strong>!<br></div><div class="battle-history"><small>It's super effective!</small><br></div><div class="battle-history"><small>(The opposing Metang lost <abbr title="−92/324">28.4%</abbr> of its health!)</small><br></div><div class="spacer battle-history"><br></div><div class="battle-history">The opposing Metang fainted!<br></div><div class="spacer battle-history"><br></div><div class="battle-history">SiTuM =) sent out <strong>Jumpluff</strong>!<br></div><div class="spacer battle-history"><br></div><h2 class="battle-history">Turn 4</h2><div class="spacer battle-history"><br></div><div class="battle-history">Green Jungle, come back!<br></div><div class="battle-history">Go! Pinky Nurse (<strong>Audino</strong>)!<br></div><div class="battle-history"><small>Pointed stones dug into Pinky Nurse!</small><br></div><div class="spacer battle-history"><br></div><div class="battle-history">The opposing Jumpluff used <strong>Sleep Powder</strong>!<br></div><div class="battle-history"><small>Pinky Nurse avoided the attack!</small><br></div><div class="spacer battle-history"><br></div><div class="battle-history"><small>Pinky Nurse restored a little HP using its Leftovers!</small><br></div><div class="spacer battle-history"><br></div><h2 class="battle-history">Turn 5</h2><div class="spacer battle-history"><br></div><div class="battle-history">The opposing Jumpluff used <strong>Sleep Powder</strong>!<br></div><div class="battle-history"><small>Pinky Nurse fell asleep!</small><br></div><div class="spacer battle-history"><br></div><div class="battle-history">Pinky Nurse is fast asleep.<br></div><div class="spacer battle-history"><br></div><div class="battle-history"><small>Pinky Nurse restored a little HP using its Leftovers!</small><br></div><div class="spacer battle-history"><br></div><h2 class="battle-history">Turn 6</h2><div class="spacer battle-history"><br></div><div class="battle-history">Pinky Nurse, come back!<br></div><div class="battle-history">Go! Golden Sky (<strong>Altaria</strong>)!<br></div><div class="battle-history"><small>Pointed stones dug into Golden Sky!</small><br></div><div class="spacer battle-history"><br></div><div class="battle-history">The opposing Jumpluff used <strong>Swords Dance</strong>!<br></div><div class="battle-history"><small>The opposing Jumpluff's Attack rose sharply!</small><br></div><div class="spacer battle-history"><br></div><div class="battle-history"><small>Golden Sky restored a little HP using its Leftovers!</small><br></div><div class="spacer battle-history"><br></div><h2 class="battle-history">Turn 7</h2><div class="chat"><small>Greenheroes joined.</small></div><div class="spacer battle-history"><br></div><div class="battle-history">SiTuM =) withdrew Jumpluff!<br></div><div class="battle-history">SiTuM =) sent out <strong>Stoutland</strong>!<br></div><div class="spacer battle-history"><br></div><div class="battle-history">Golden Sky used <strong>Roost</strong>!<br></div><div class="battle-history"><small>Golden Sky restored its HP.</small><br></div><div class="spacer battle-history"><br></div><h2 class="battle-history">Turn 8</h2><div class="chat chatmessage-greenheroes"><strong style="color:hsl(265,74%,56.967384459884016%)"><small> </small><span class="username" data-name="Greenheroes">Greenheroes</span>:</strong> <em>bonne chance et bon haxx^^</em></div><div class="spacer battle-history"><br></div><div class="battle-history">The opposing Stoutland used <strong>Superpower</strong>!<br></div><div class="battle-history"><small>It's not very effective...</small><br></div><div class="battle-history"><small>(Golden Sky lost <abbr title="−71/353">20.1%</abbr> of its health!)</small><br></div><div class="battle-history"><small>The opposing Stoutland's Attack fell!</small><br></div><div class="battle-history"><small>The opposing Stoutland's Defense fell!</small><br></div><div class="spacer battle-history"><br></div><div class="battle-history">Golden Sky used <strong>Toxic</strong>!<br></div><div class="battle-history"><small>The opposing Stoutland was badly poisoned!</small><br></div><div class="spacer battle-history"><br></div><div class="battle-history"><small>Golden Sky restored a little HP using its Leftovers!</small><br></div><div class="battle-history"><small>The opposing Stoutland was hurt by poison!</small><br></div><div class="spacer battle-history"><br></div><h2 class="battle-history">Turn 9</h2><div class="chat chatmessage-situm"><strong style="color:hsl(335,45%,49.69638130030039%)"><small>☆</small><span class="username" data-name="SiTuM =)">SiTuM =)</span>:</strong> <em>roh</em></div><div class="chat chatmessage-lovelytogekiss"><strong style="color:hsl(181,84%,39.75620224724769%)"><small>☆</small><span class="username" data-name="Lovely❤Togekiss">Lovely❤Togekiss</span>:</strong> <em>dsl</em></div><div class="chat chatmessage-lovelytogekiss"><strong style="color:hsl(181,84%,39.75620224724769%)"><small>☆</small><span class="username" data-name="Lovely❤Togekiss">Lovely❤Togekiss</span>:</strong> <em>tu m'auras pas</em></div><div class="chat chatmessage-lovelytogekiss"><strong style="color:hsl(181,84%,39.75620224724769%)"><small>☆</small><span class="username" data-name="Lovely❤Togekiss">Lovely❤Togekiss</span>:</strong> <em>:(</em></div><div class="spacer battle-history"><br></div><div class="battle-history">SiTuM =) withdrew Stoutland!<br></div><div class="battle-history">SiTuM =) sent out Rotom (<strong>Rotom-Frost</strong>)!<br></div><div class="spacer battle-history"><br></div><div class="battle-history">Golden Sky used <strong>Toxic</strong>!<br></div><div class="battle-history"><small>The opposing Rotom was badly poisoned!</small><br></div><div class="spacer battle-history"><br></div><div class="battle-history"><small>Golden Sky restored a little HP using its Leftovers!</small><br></div><div class="battle-history"><small>The opposing Rotom was hurt by poison!</small><br></div><div class="spacer battle-history"><br></div><h2 class="battle-history">Turn 10</h2><div class="spacer battle-history"><br></div><div class="battle-history">Golden Sky, come back!<br></div><div class="battle-history">Go! Pinky Nurse (<strong>Audino</strong>)!<br></div><div class="battle-history"><small>Pointed stones dug into Pinky Nurse!</small><br></div><div class="spacer battle-history"><br></div><div class="battle-history">The opposing Rotom used <strong>Trick</strong>!<br></div><div class="battle-history"><small>The opposing Rotom switched items with its target!</small><br></div><div class="battle-history"><small>Pinky Nurse obtained one Choice Scarf.</small><br></div><div class="battle-history"><small>The opposing Rotom obtained one Leftovers.</small><br></div><div class="spacer battle-history"><br></div><div class="battle-history"><small>The opposing Rotom restored a little HP using its Leftovers!</small><br></div><div class="battle-history"><small>The opposing Rotom was hurt by poison!</small><br></div><div class="spacer battle-history"><br></div><h2 class="battle-history">Turn 11</h2><div class="chat"><small>Nosferaptor joined.</small></div><div class="spacer battle-history"><br></div><div class="battle-history">The opposing Rotom used <strong>Volt Switch</strong>!<br></div><div class="battle-history"><small>(Pinky Nurse lost <abbr title="−90/409">22.0%</abbr> of its health!)</small><br></div><div class="chat chatmessage-greenheroes"><strong style="color:hsl(265,74%,56.967384459884016%)"><small> </small><span class="username" data-name="Greenheroes">Greenheroes</span>:</strong> <em>joli</em></div><div class="spacer battle-history"><br></div><div class="battle-history">The opposing Rotom went back to SiTuM =)!<br></div><div class="battle-history">SiTuM =) sent out <strong>Stoutland</strong>!<br></div><div class="spacer battle-history"><br></div><div class="battle-history">Pinky Nurse is fast asleep.<br></div><div class="spacer battle-history"><br></div><div class="battle-history"><small>The opposing Stoutland was hurt by poison!</small><br></div><div class="spacer battle-history"><br></div><h2 class="battle-history">Turn 12</h2><div class="spacer battle-history"><br></div><div class="battle-history"><small>Pinky Nurse woke up!</small><br></div><div class="spacer battle-history"><br></div><div class="battle-history">Pinky Nurse used <strong>Protect</strong>!<br></div><div class="battle-history"><small>Pinky Nurse protected itself!</small><br></div><div class="spacer battle-history"><br></div><div class="battle-history">The opposing Stoutland used <strong>Return</strong>!<br></div><div class="battle-history"><small>Pinky Nurse protected itself!</small><br></div><div class="spacer battle-history"><br></div><div class="battle-history"><small>The opposing Stoutland was hurt by poison!</small><br></div><div class="spacer battle-history"><br></div><h2 class="battle-history">Turn 13</h2><div class="spacer battle-history"><br></div><div class="battle-history">SiTuM =) withdrew Stoutland!<br></div><div class="battle-history">SiTuM =) sent out <strong>Lumineon</strong>!<br></div><div class="spacer battle-history"><br></div><div class="battle-history">Pinky Nurse, come back!<br></div><div class="battle-history">Go! Brown RockBall (<strong>Golem</strong>)!<br></div><div class="battle-history"><small>Pointed stones dug into Brown RockBall!</small><br></div><div class="spacer battle-history"><br></div><div class="battle-history"><small>Brown RockBall restored a little HP using its Leftovers!</small><br></div><div class="spacer battle-history"><br></div><h2 class="battle-history">Turn 14</h2><div class="chat"><small>Nosferaptor left.</small></div><div class="spacer battle-history"><br></div><div class="battle-history">Brown RockBall used <strong>Protect</strong>!<br></div><div class="battle-history"><small>Brown RockBall protected itself!</small><br></div><div class="spacer battle-history"><br></div><div class="battle-history">The opposing Lumineon used <strong>Toxic</strong>!<br></div><div class="battle-history"><small>Brown RockBall protected itself!</small><br></div><div class="spacer battle-history"><br></div><h2 class="battle-history">Turn 15</h2><div class="spacer battle-history"><br></div><div class="battle-history">The opposing Lumineon used <strong>U-turn</strong>!<br></div><div class="battle-history"><small>A critical hit!</small><br></div><div class="battle-history"><small>(Brown RockBall lost <abbr title="−44/363">12.1%</abbr> of its health!)</small><br></div><div class="chat chatmessage-situm"><strong style="color:hsl(335,45%,49.69638130030039%)"><small>☆</small><span class="username" data-name="SiTuM =)">SiTuM =)</span>:</strong> <em>pk tu restes</em></div><div class="chat chatmessage-situm"><strong style="color:hsl(335,45%,49.69638130030039%)"><small>☆</small><span class="username" data-name="SiTuM =)">SiTuM =)</span>:</strong> <em>ça n'a aucun sens ;_;</em></div><div class="spacer battle-history"><br></div><div class="battle-history">The opposing Lumineon went back to SiTuM =)!<br></div><div class="battle-history">SiTuM =) sent out <strong>Jumpluff</strong>!<br></div><div class="spacer battle-history"><br></div><div class="battle-history">Brown RockBall used <strong>Stealth Rock</strong>!<br></div><div class="battle-history"><small>Pointed stones float in the air around the opposing team!</small><br></div><div class="spacer battle-history"><br></div><div class="battle-history"><small>Brown RockBall restored a little HP using its Leftovers!</small><br></div><div class="spacer battle-history"><br></div><h2 class="battle-history">Turn 16</h2><div class="chat chatmessage-lovelytogekiss"><strong style="color:hsl(181,84%,39.75620224724769%)"><small>☆</small><span class="username" data-name="Lovely❤Togekiss">Lovely❤Togekiss</span>:</strong> <em>car t'allais u-turn</em></div><div class="chat chatmessage-situm"><strong style="color:hsl(335,45%,49.69638130030039%)"><small>☆</small><span class="username" data-name="SiTuM =)">SiTuM =)</span>:</strong> <em>chut jsuis salé</em></div><div class="spacer battle-history"><br></div><div class="battle-history">Brown RockBall used <strong>Protect</strong>!<br></div><div class="battle-history"><small>Brown RockBall protected itself!</small><br></div><div class="spacer battle-history"><br></div><div class="battle-history">The opposing Jumpluff used <strong>Sleep Powder</strong>!<br></div><div class="battle-history"><small>Brown RockBall protected itself!</small><br></div><div class="spacer battle-history"><br></div><div class="battle-history"><small>Brown RockBall restored a little HP using its Leftovers!</small><br></div><div class="spacer battle-history"><br></div><h2 class="battle-history">Turn 17</h2><div class="spacer battle-history"><br></div><div class="battle-history">Brown RockBall, come back!<br></div><div class="battle-history">Go! Pinky Nurse (<strong>Audino</strong>)!<br></div><div class="battle-history"><small>Pointed stones dug into Pinky Nurse!</small><br></div><div class="spacer battle-history"><br></div><div class="battle-history">The opposing Jumpluff used <strong>Sleep Powder</strong>!<br></div><div class="battle-history"><small>Pinky Nurse fell asleep!</small><br></div><div class="spacer battle-history"><br></div><h2 class="battle-history">Turn 18</h2><div class="chat"><small>draco49 left.</small></div><div class="chat"><small>Pakkuu ★ joined.</small></div><div class="spacer battle-history"><br></div><div class="battle-history">Pinky Nurse, come back!<br></div><div class="battle-history">Go! Golden Sky (<strong>Altaria</strong>)!<br></div><div class="battle-history"><small>Pointed stones dug into Golden Sky!</small><br></div><div class="spacer battle-history"><br></div><div class="battle-history">The opposing Jumpluff used <strong>Swords Dance</strong>!<br></div><div class="battle-history"><small>The opposing Jumpluff's Attack rose sharply!</small><br></div><div class="spacer battle-history"><br></div><div class="battle-history"><small>Golden Sky restored a little HP using its Leftovers!</small><br></div><div class="spacer battle-history"><br></div><h2 class="battle-history">Turn 19</h2><div class="spacer battle-history"><br></div><div class="battle-history">The opposing Jumpluff used <strong>Swords Dance</strong>!<br></div><div class="battle-history"><small>The opposing Jumpluff's Attack rose sharply!</small><br></div><div class="spacer battle-history"><br></div><div class="battle-history">Golden Sky used <strong>Haze</strong>!<br></div><div class="battle-history"><small>All stat changes were eliminated!</small><br></div><div class="spacer battle-history"><br></div><div class="battle-history"><small>Golden Sky restored a little HP using its Leftovers!</small><br></div><div class="spacer battle-history"><br></div><h2 class="battle-history">Turn 20</h2><div class="chat chatmessage-lovelytogekiss"><strong style="color:hsl(181,84%,39.75620224724769%)"><small>☆</small><span class="username" data-name="Lovely❤Togekiss">Lovely❤Togekiss</span>:</strong> <em>nope</em></div><div class="chat chatmessage-lovelytogekiss"><strong style="color:hsl(181,84%,39.75620224724769%)"><small>☆</small><span class="username" data-name="Lovely❤Togekiss">Lovely❤Togekiss</span>:</strong> <em>c:</em></div><div class="chat chatmessage-situm"><strong style="color:hsl(335,45%,49.69638130030039%)"><small>☆</small><span class="username" data-name="SiTuM =)">SiTuM =)</span>:</strong> <em>HEIN</em></div><div class="chat chatmessage-situm"><strong style="color:hsl(335,45%,49.69638130030039%)"><small>☆</small><span class="username" data-name="SiTuM =)">SiTuM =)</span>:</strong> <em>QUOI</em></div><div class="chat chatmessage-situm"><strong style="color:hsl(335,45%,49.69638130030039%)"><small>☆</small><span class="username" data-name="SiTuM =)">SiTuM =)</span>:</strong> <em>CA A CA CA</em></div><div class="chat chatmessage-situm"><strong style="color:hsl(335,45%,49.69638130030039%)"><small>☆</small><span class="username" data-name="SiTuM =)">SiTuM =)</span>:</strong> <em>EGNCXEJHSRNJBBHG2TJCBGC</em></div><div class="chat chatmessage-lovelytogekiss"><strong style="color:hsl(181,84%,39.75620224724769%)"><small>☆</small><span class="username" data-name="Lovely❤Togekiss">Lovely❤Togekiss</span>:</strong> <em>ça se joue</em></div><div class="chat"><small>draco49 joined.</small></div><div class="chat chatmessage-lovelytogekiss"><strong style="color:hsl(181,84%,39.75620224724769%)"><small>☆</small><span class="username" data-name="Lovely❤Togekiss">Lovely❤Togekiss</span>:</strong> <em>yyy</em></div><div class="chat chatmessage-situm"><strong style="color:hsl(335,45%,49.69638130030039%)"><small>☆</small><span class="username" data-name="SiTuM =)">SiTuM =)</span>:</strong> <em>ptn arrête de jouer h24 des stalls</em></div><div class="chat"><small>draco49 left.</small></div><div class="chat chatmessage-situm"><strong style="color:hsl(335,45%,49.69638130030039%)"><small>☆</small><span class="username" data-name="SiTuM =)">SiTuM =)</span>:</strong> <em>ça saoule là ;_;</em></div><div class="chat chatmessage-lovelytogekiss"><strong style="color:hsl(181,84%,39.75620224724769%)"><small>☆</small><span class="username" data-name="Lovely❤Togekiss">Lovely❤Togekiss</span>:</strong> <em>n.n</em></div><div class="spacer battle-history"><br></div><div class="battle-history">The opposing Jumpluff used <strong>Swords Dance</strong>!<br></div><div class="battle-history"><small>The opposing Jumpluff's Attack rose sharply!</small><br></div><div class="spacer battle-history"><br></div><div class="battle-history">Golden Sky used <strong>Roost</strong>!<br></div><div class="battle-history"><small>Golden Sky restored its HP.</small><br></div><div class="spacer battle-history"><br></div><h2 class="battle-history">Turn 21</h2><div class="spacer battle-history"><br></div><div class="battle-history">The opposing Jumpluff used <strong>Acrobatics</strong>!<br></div><div class="battle-history"><small>(Golden Sky lost <abbr title="−178/353">50.4%</abbr> of its health!)</small><br></div><div class="spacer battle-history"><br></div><div class="battle-history">Golden Sky used <strong>Haze</strong>!<br></div><div class="battle-history"><small>All stat changes were eliminated!</small><br></div><div class="spacer battle-history"><br></div><div class="battle-history"><small>Golden Sky restored a little HP using its Leftovers!</small><br></div><div class="spacer battle-history"><br></div><h2 class="battle-history">Turn 22</h2><div class="spacer battle-history"><br></div><div class="battle-history">SiTuM =) withdrew Jumpluff!<br></div><div class="battle-history">SiTuM =) sent out <strong>Murkrow</strong>!<br></div><div class="battle-history"><small>Pointed stones dug into the opposing Murkrow!</small><br></div><div class="spacer battle-history"><br></div><div class="battle-history">Golden Sky used <strong>Roost</strong>!<br></div><div class="battle-history"><small>Golden Sky restored its HP.</small><br></div><div class="spacer battle-history"><br></div><h2 class="battle-history">Turn 23</h2><div class="chat chatmessage-greenheroes"><strong style="color:hsl(265,74%,56.967384459884016%)"><small> </small><span class="username" data-name="Greenheroes">Greenheroes</span>:</strong> <em>celle làçafait un bail qu'elle la joue</em></div><div class="spacer battle-history"><br></div><div class="battle-history">Golden Sky, come back!<br></div><div class="battle-history">Go! Light Blue Sea (<strong>Lumineon</strong>)!<br></div><div class="battle-history"><small>Pointed stones dug into Light Blue Sea!</small><br></div><div class="spacer battle-history"><br></div><div class="battle-history">The opposing Murkrow used <strong>Brave Bird</strong>!<br></div><div class="battle-history"><small>(Light Blue Sea lost <abbr title="−192/341">56.3%</abbr> of its health!)</small><br></div><div class="battle-history"><small>The opposing Murkrow is damaged by the recoil!</small><br></div><div class="battle-history"><small>The opposing Murkrow lost some of its HP!</small><br></div><div class="spacer battle-history"><br></div><div class="battle-history"><small>Light Blue Sea restored a little HP using its Leftovers!</small><br></div><div class="spacer battle-history"><br></div><h2 class="battle-history">Turn 24</h2><div class="chat chatmessage-situm"><strong style="color:hsl(335,45%,49.69638130030039%)"><small>☆</small><span class="username" data-name="SiTuM =)">SiTuM =)</span>:</strong> <em>56.</em></div><div class="spacer battle-history"><br></div><div class="battle-history">Light Blue Sea, come back!<br></div><div class="battle-history">Go! Pinky Nurse (<strong>Audino</strong>)!<br></div><div class="battle-history"><small>Pointed stones dug into Pinky Nurse!</small><br></div><div class="spacer battle-history"><br></div><div class="battle-history">The opposing Murkrow used <strong>Roost</strong>!<br></div><div class="battle-history"><small>The opposing Murkrow restored its HP.</small><br></div><div class="spacer battle-history"><br></div><h2 class="battle-history">Turn 25</h2><div class="spacer battle-history"><br></div><div class="battle-history">SiTuM =) withdrew Murkrow!<br></div><div class="battle-history">SiTuM =) sent out <strong>Lumineon</strong>!<br></div><div class="battle-history"><small>Pointed stones dug into the opposing Lumineon!</small><br></div><div class="spacer battle-history"><br></div><div class="battle-history">Pinky Nurse is fast asleep.<br></div><div class="spacer battle-history"><br></div><div class="battle-history"><small>The opposing Lumineon restored a little HP using its Leftovers!</small><br></div><div class="spacer battle-history"><br></div><h2 class="battle-history">Turn 26</h2><div class="chat chatmessage-greenheroes"><strong style="color:hsl(265,74%,56.967384459884016%)"><small> </small><span class="username" data-name="Greenheroes">Greenheroes</span>:</strong> <em>t'as compris^^</em></div><div class="spacer battle-history"><br></div><div class="battle-history">The opposing Lumineon used <strong>Defog</strong>!<br></div><div class="battle-history"><small>Pinky Nurse's evasiveness fell!</small><br></div><div class="battle-history"><small>The pointed stones disappeared from around your team!</small><br></div><div class="battle-history"><small>The pointed stones disappeared from around the opposing team!</small><br></div><div class="spacer battle-history"><br></div><div class="battle-history">Pinky Nurse is fast asleep.<br></div><div class="spacer battle-history"><br></div><div class="battle-history"><small>The opposing Lumineon restored a little HP using its Leftovers!</small><br></div><div class="spacer battle-history"><br></div><h2 class="battle-history">Turn 27</h2><div class="spacer battle-history"><br></div><div class="battle-history">The opposing Lumineon used <strong>U-turn</strong>!<br></div><div class="battle-history"><small>(Pinky Nurse lost <abbr title="−40/409">9.8%</abbr> of its health!)</small><br></div><div class="spacer battle-history"><br></div><div class="battle-history">The opposing Lumineon went back to SiTuM =)!<br></div><div class="battle-history">SiTuM =) sent out <strong>Jumpluff</strong>!<br></div><div class="battle-history"><small>Pinky Nurse woke up!</small><br></div><div class="spacer battle-history"><br></div><div class="battle-history">Pinky Nurse used <strong>Wish</strong>!<br></div><div class="spacer battle-history"><br></div><h2 class="battle-history">Turn 28</h2><div class="spacer battle-history"><br></div><div class="battle-history">Pinky Nurse, come back!<br></div><div class="battle-history">Go! Light Blue Sea (<strong>Lumineon</strong>)!<br></div><div class="spacer battle-history"><br></div><div class="battle-history">The opposing Jumpluff used <strong>Sleep Powder</strong>!<br></div><div class="battle-history"><small>Light Blue Sea fell asleep!</small><br></div><div class="spacer battle-history"><br></div><div class="battle-history"><small>Pinky Nurse's wish came true!</small><br></div><div class="battle-history"><small>Light Blue Sea restored a little HP using its Leftovers!</small><br></div><div class="spacer battle-history"><br></div><h2 class="battle-history">Turn 29</h2><div class="spacer battle-history"><br></div><div class="battle-history">SiTuM =) withdrew Jumpluff!<br></div><div class="battle-history">SiTuM =) sent out Rotom (<strong>Rotom-Frost</strong>)!<br></div><div class="spacer battle-history"><br></div><div class="battle-history">Light Blue Sea, come back!<br></div><div class="battle-history">Go! Pinky Frosty (<strong>Rotom-Frost</strong>)!<br></div><div class="spacer battle-history"><br></div><div class="battle-history"><small>The opposing Rotom restored a little HP using its Leftovers!</small><br></div><div class="battle-history"><small>The opposing Rotom was hurt by poison!</small><br></div><div class="spacer battle-history"><br></div><h2 class="battle-history">Turn 30</h2><div class="spacer battle-history"><br></div><div class="battle-history">Pinky Frosty, come back!<br></div><div class="battle-history">Go! Pinky Nurse (<strong>Audino</strong>)!<br></div><div class="spacer battle-history"><br></div><div class="battle-history">The opposing Rotom used <strong>Volt Switch</strong>!<br></div><div class="battle-history"><small>(Pinky Nurse lost <abbr title="−82/409">20.0%</abbr> of its health!)</small><br></div><div class="spacer battle-history"><br></div><div class="battle-history">The opposing Rotom went back to SiTuM =)!<br></div><div class="battle-history">SiTuM =) sent out <strong>Lumineon</strong>!<br></div><div class="spacer battle-history"><br></div><h2 class="battle-history">Turn 31</h2><div class="spacer battle-history"><br></div><div class="battle-history">Pinky Nurse, come back!<br></div><div class="battle-history">Go! Golden Sky (<strong>Altaria</strong>)!<br></div><div class="spacer battle-history"><br></div><div class="battle-history">The opposing Lumineon used <strong>Toxic</strong>!<br></div><div class="battle-history"><small>Golden Sky was badly poisoned!</small><br></div><div class="spacer battle-history"><br></div><div class="battle-history"><small>Golden Sky was hurt by poison!</small><br></div><div class="spacer battle-history"><br></div><h2 class="battle-history">Turn 32</h2><div class="spacer battle-history"><br></div><div class="battle-history"><small>(Golden Sky is cured by its Natural Cure!)</small><br></div><div class="battle-history">Golden Sky, come back!<br></div><div class="battle-history">Go! Pinky Frosty (<strong>Rotom-Frost</strong>)!<br></div><div class="spacer battle-history"><br></div><div class="battle-history">The opposing Lumineon used <strong>U-turn</strong>!<br></div><div class="battle-history"><small>(Pinky Frosty lost <abbr title="−37/241">15.4%</abbr> of its health!)</small><br></div><div class="spacer battle-history"><br></div><div class="battle-history">The opposing Lumineon went back to SiTuM =)!<br></div><div class="battle-history">SiTuM =) sent out Rotom (<strong>Rotom-Frost</strong>)!<br></div><div class="spacer battle-history"><br></div><div class="battle-history"><small>The opposing Rotom restored a little HP using its Leftovers!</small><br></div><div class="battle-history"><small>The opposing Rotom was hurt by poison!</small><br></div><div class="spacer battle-history"><br></div><h2 class="battle-history">Turn 33</h2><div class="spacer battle-history"><br></div><div class="battle-history">Pinky Frosty used <strong>Volt Switch</strong>!<br></div><div class="battle-history"><small>It's not very effective...</small><br></div><div class="battle-history"><small>(The opposing Rotom lost <abbr title="−74/241">30.7%</abbr> of its health!)</small><br></div><div class="spacer battle-history"><br></div><div class="battle-history">Pinky Frosty went back to Lovely❤Togekiss!<br></div><div class="battle-history">Go! Pinky Nurse (<strong>Audino</strong>)!<br></div><div class="spacer battle-history"><br></div><div class="battle-history">The opposing Rotom used <strong>Volt Switch</strong>!<br></div><div class="battle-history"><small>(Pinky Nurse lost <abbr title="−85/409">20.8%</abbr> of its health!)</small><br></div><div class="chat"><small>Imparfait left.</small></div><div class="spacer battle-history"><br></div><div class="battle-history">The opposing Rotom went back to SiTuM =)!<br></div><div class="battle-history">SiTuM =) sent out <strong>Stoutland</strong>!<br></div><div class="spacer battle-history"><br></div><div class="battle-history"><small>The opposing Stoutland was hurt by poison!</small><br></div><div class="spacer battle-history"><br></div><h2 class="battle-history">Turn 34</h2><div class="spacer battle-history"><br></div><div class="battle-history">Pinky Nurse used <strong>Protect</strong>!<br></div><div class="battle-history"><small>Pinky Nurse protected itself!</small><br></div><div class="spacer battle-history"><br></div><div class="battle-history">The opposing Stoutland used <strong>Superpower</strong>!<br></div><div class="battle-history"><small>Pinky Nurse protected itself!</small><br></div><div class="spacer battle-history"><br></div><div class="battle-history"><small>The opposing Stoutland was hurt by poison!</small><br></div><div class="spacer battle-history"><br></div><h2 class="battle-history">Turn 35</h2><div class="spacer battle-history"><br></div><div class="battle-history">SiTuM =) withdrew Stoutland!<br></div><div class="battle-history">SiTuM =) sent out Rotom (<strong>Rotom-Frost</strong>)!<br></div><div class="spacer battle-history"><br></div><div class="battle-history">Pinky Nurse, come back!<br></div><div class="battle-history">Go! Golden Sky (<strong>Altaria</strong>)!<br></div><div class="spacer battle-history"><br></div><div class="battle-history"><small>The opposing Rotom restored a little HP using its Leftovers!</small><br></div><div class="battle-history"><small>Golden Sky restored a little HP using its Leftovers!</small><br></div><div class="battle-history"><small>The opposing Rotom was hurt by poison!</small><br></div><div class="spacer battle-history"><br></div><h2 class="battle-history">Turn 36</h2><div class="chat chatmessage-situm"><strong style="color:hsl(335,45%,49.69638130030039%)"><small>☆</small><span class="username" data-name="SiTuM =)">SiTuM =)</span>:</strong> <em>je sais pas</em></div><div class="chat chatmessage-situm"><strong style="color:hsl(335,45%,49.69638130030039%)"><small>☆</small><span class="username" data-name="SiTuM =)">SiTuM =)</span>:</strong> <em>si jte hais</em></div><div class="chat chatmessage-situm"><strong style="color:hsl(335,45%,49.69638130030039%)"><small>☆</small><span class="username" data-name="SiTuM =)">SiTuM =)</span>:</strong> <em>ou si jte déteste</em></div><div class="spacer battle-history"><br></div><div class="battle-history">Golden Sky, come back!<br></div><div class="battle-history">Go! Pinky Nurse (<strong>Audino</strong>)!<br></div><div class="spacer battle-history"><br></div><div class="battle-history">The opposing Rotom used <strong>Volt Switch</strong>!<br></div><div class="battle-history"><small>(Pinky Nurse lost <abbr title="−87/409">21.3%</abbr> of its health!)</small><br></div><div class="chat chatmessage-lovelytogekiss"><strong style="color:hsl(181,84%,39.75620224724769%)"><small>☆</small><span class="username" data-name="Lovely❤Togekiss">Lovely❤Togekiss</span>:</strong> <em>n.n</em></div><div class="chat"><small>Mororine *^* joined.</small></div><div class="spacer battle-history"><br></div><div class="battle-history">The opposing Rotom went back to SiTuM =)!<br></div><div class="battle-history">SiTuM =) sent out <strong>Jumpluff</strong>!<br></div><div class="spacer battle-history"><br></div><h2 class="battle-history">Turn 37</h2><div class="spacer battle-history"><br></div><div class="battle-history">The opposing Jumpluff used <strong>Swords Dance</strong>!<br></div><div class="battle-history"><small>The opposing Jumpluff's Attack rose sharply!</small><br></div><div class="spacer battle-history"><br></div><div class="battle-history">Pinky Nurse used <strong>Return</strong>!<br></div><div class="battle-history"><small>(The opposing Jumpluff lost <abbr title="−112/291">38.5%</abbr> of its health!)</small><br></div><div class="spacer battle-history"><br></div><h2 class="battle-history">Turn 38</h2><div class="spacer battle-history"><br></div><div class="battle-history">The opposing Jumpluff used <strong>Swords Dance</strong>!<br></div><div class="battle-history"><small>The opposing Jumpluff's Attack rose sharply!</small><br></div><div class="spacer battle-history"><br></div><div class="battle-history">Pinky Nurse used <strong>Return</strong>!<br></div><div class="battle-history"><small>(The opposing Jumpluff lost <abbr title="−102/291">35.1%</abbr> of its health!)</small><br></div><div class="spacer battle-history"><br></div><h2 class="battle-history">Turn 39</h2><div class="chat chatmessage-marilllepen"><strong style="color:hsl(93,83%,33%)"><small> </small><span class="username" data-name="Marill Le Pen">Marill Le Pen</span>:</strong> <em>tu peux faire les deux</em></div><div class="spacer battle-history"><br></div><div class="battle-history">Pinky Nurse, come back!<br></div><div class="battle-history">Go! Light Blue Sea (<strong>Lumineon</strong>)!<br></div><div class="spacer battle-history"><br></div><div class="battle-history">The opposing Jumpluff used <strong>Acrobatics</strong>!<br></div><div class="battle-history"><small>(Light Blue Sea lost <abbr title="−291/341">85.3%</abbr> of its health!)</small><br></div><div class="spacer battle-history"><br></div><div class="battle-history"><small>Light Blue Sea restored a little HP using its Leftovers!</small><br></div><div class="spacer battle-history"><br></div><h2 class="battle-history">Turn 40</h2><div class="spacer battle-history"><br></div><div class="battle-history">The opposing Jumpluff used <strong>Acrobatics</strong>!<br></div><div class="battle-history"><small>(Light Blue Sea lost <abbr title="−71/341">20.8%</abbr> of its health!)</small><br></div><div class="spacer battle-history"><br></div><div class="battle-history">Light Blue Sea fainted!<br></div><div class="chat"><small>KatsudonMaster joined.</small></div><div class="spacer battle-history"><br></div><div class="battle-history">Go! Brown RockBall (<strong>Golem</strong>)!<br></div><div class="spacer battle-history"><br></div><h2 class="battle-history">Turn 41</h2><div class="chat chatmessage-marilllepen"><strong style="color:hsl(93,83%,33%)"><small> </small><span class="username" data-name="Marill Le Pen">Marill Le Pen</span>:</strong> <em>tu haxx là SiTuM</em></div><div class="spacer battle-history"><br></div><div class="battle-history">Brown RockBall used <strong>Protect</strong>!<br></div><div class="battle-history"><small>Brown RockBall protected itself!</small><br></div><div class="spacer battle-history"><br></div><div class="battle-history">The opposing Jumpluff used <strong>Sleep Powder</strong>!<br></div><div class="battle-history"><small>Brown RockBall protected itself!</small><br></div><div class="spacer battle-history"><br></div><h2 class="battle-history">Turn 42</h2><div class="spacer battle-history"><br></div><div class="battle-history">Brown RockBall, come back!<br></div><div class="battle-history">Go! Pinky Nurse (<strong>Audino</strong>)!<br></div><div class="spacer battle-history"><br></div><div class="battle-history">The opposing Jumpluff used <strong>Sleep Powder</strong>!<br></div><div class="battle-history"><small>Pinky Nurse fell asleep!</small><br></div><div class="spacer battle-history"><br></div><h2 class="battle-history">Turn 43</h2><div class="chat"><small>Pakkuu ★ left.</small></div><div class="spacer battle-history"><br></div><div class="battle-history">The opposing Jumpluff used <strong>Seed Bomb</strong>!<br></div><div class="battle-history"><small>(Pinky Nurse lost <abbr title="−292/409">71.4%</abbr> of its health!)</small><br></div><div class="spacer battle-history"><br></div><div class="battle-history">Pinky Nurse is fast asleep.<br></div><div class="spacer battle-history"><br></div><h2 class="battle-history">Turn 44</h2><div class="spacer battle-history"><br></div><div class="battle-history">The opposing Jumpluff used <strong>Acrobatics</strong>!<br></div><div class="battle-history"><small>(Pinky Nurse lost <abbr title="−117/409">28.6%</abbr> of its health!)</small><br></div><div class="spacer battle-history"><br></div><div class="battle-history">Pinky Nurse fainted!<br></div><div class="spacer battle-history"><br></div><div class="battle-history">Go! Golden Sky (<strong>Altaria</strong>)!<br></div><div class="spacer battle-history"><br></div><h2 class="battle-history">Turn 45</h2><div class="spacer battle-history"><br></div><div class="battle-history">The opposing Jumpluff used <strong>Sleep Powder</strong>!<br></div><div class="battle-history"><small>Golden Sky avoided the attack!</small><br></div><div class="spacer battle-history"><br></div><div class="battle-history">Golden Sky used <strong>Dragon Pulse</strong>!<br></div><div class="battle-history"><small>(The opposing Jumpluff lost <abbr title="−76/291">26.1%</abbr> of its health!)</small><br></div><div class="spacer battle-history"><br></div><h2 class="battle-history">Turn 46</h2><div class="chat chatmessage-situm"><strong style="color:hsl(335,45%,49.69638130030039%)"><small>☆</small><span class="username" data-name="SiTuM =)">SiTuM =)</span>:</strong> <em>NON</em></div><div class="chat chatmessage-situm"><strong style="color:hsl(335,45%,49.69638130030039%)"><small>☆</small><span class="username" data-name="SiTuM =)">SiTuM =)</span>:</strong> <em>NON</em></div><div class="chat chatmessage-situm"><strong style="color:hsl(335,45%,49.69638130030039%)"><small>☆</small><span class="username" data-name="SiTuM =)">SiTuM =)</span>:</strong> <em>ON</em></div><div class="chat chatmessage-situm"><strong style="color:hsl(335,45%,49.69638130030039%)"><small>☆</small><span class="username" data-name="SiTuM =)">SiTuM =)</span>:</strong> <em>NON</em></div><div class="chat chatmessage-situm"><strong style="color:hsl(335,45%,49.69638130030039%)"><small>☆</small><span class="username" data-name="SiTuM =)">SiTuM =)</span>:</strong> <em>NONN</em></div><div class="chat chatmessage-marilllepen"><strong style="color:hsl(93,83%,33%)"><small> </small><span class="username" data-name="Marill Le Pen">Marill Le Pen</span>:</strong> <em>oh</em></div><div class="chat"><small>TheLordPink joined.</small></div><div class="chat chatmessage-marilllepen"><strong style="color:hsl(93,83%,33%)"><small> </small><span class="username" data-name="Marill Le Pen">Marill Le Pen</span>:</strong> <em>on y croit situm</em></div><div class="spacer battle-history"><br></div><div class="battle-history">The opposing Jumpluff used <strong>Sleep Powder</strong>!<br></div><div class="battle-history"><small>Golden Sky avoided the attack!</small><br></div><div class="spacer battle-history"><br></div><div class="battle-history">Golden Sky used <strong>Dragon Pulse</strong>!<br></div><div class="battle-history"><small>(The opposing Jumpluff lost <abbr title="−1/291">0.3%</abbr> of its health!)</small><br></div><div class="spacer battle-history"><br></div><div class="battle-history">The opposing Jumpluff fainted!<br></div><div class="chat chatmessage-situm"><strong style="color:hsl(335,45%,49.69638130030039%)"><small>☆</small><span class="username" data-name="SiTuM =)">SiTuM =)</span>:</strong> <em>putain j'avais win</em></div><div class="chat chatmessage-katsudonmaster"><strong style="color:hsl(243,63%,66.8453330603553%)"><small> </small><span class="username" data-name="KatsudonMaster">KatsudonMaster</span>:</strong> <em>omg</em></div><div class="chat chatmessage-situm"><strong style="color:hsl(335,45%,49.69638130030039%)"><small>☆</small><span class="username" data-name="SiTuM =)">SiTuM =)</span>:</strong> <em>eukszvhre vtcf</em></div><div class="chat chatmessage-situm"><strong style="color:hsl(335,45%,49.69638130030039%)"><small>☆</small><span class="username" data-name="SiTuM =)">SiTuM =)</span>:</strong> <em>cegn xdbfvgncdzvnr,bn,jbcfr</em></div><div class="chat chatmessage-situm"><strong style="color:hsl(335,45%,49.69638130030039%)"><small>☆</small><span class="username" data-name="SiTuM =)">SiTuM =)</span>:</strong> <em>zeghxbfgndebcgnjbfx'bè_c'b(_çnbè_gcnbè('vt1531vybjcefhxjbhth</em></div><div class="chat chatmessage-marilllepen"><strong style="color:hsl(93,83%,33%)"><small> </small><span class="username" data-name="Marill Le Pen">Marill Le Pen</span>:</strong> <em>ta mastouffe</em></div><div class="chat chatmessage-katsudonmaster"><strong style="color:hsl(243,63%,66.8453330603553%)"><small> </small><span class="username" data-name="KatsudonMaster">KatsudonMaster</span>:</strong> <em>chaud</em></div><div class="chat chatmessage-marilllepen"><strong style="color:hsl(93,83%,33%)"><small> </small><span class="username" data-name="Marill Le Pen">Marill Le Pen</span>:</strong> <em>on y criot encore</em></div><div class="chat chatmessage-greenheroes"><strong style="color:hsl(265,74%,56.967384459884016%)"><small> </small><span class="username" data-name="Greenheroes">Greenheroes</span>:</strong> <em>mais pour quoi pas acrobatics mdr</em></div><div class="spacer battle-history"><br></div><div class="battle-history">SiTuM =) sent out Rotom (<strong>Rotom-Frost</strong>)!<br></div><div class="spacer battle-history"><br></div><h2 class="battle-history">Turn 47</h2><div class="spacer battle-history"><br></div><div class="battle-history">Golden Sky, come back!<br></div><div class="battle-history">Go! Pinky Frosty (<strong>Rotom-Frost</strong>)!<br></div><div class="spacer battle-history"><br></div><div class="battle-history">The opposing Rotom used <strong>Volt Switch</strong>!<br></div><div class="battle-history"><small>It's not very effective...</small><br></div><div class="battle-history"><small>(Pinky Frosty lost <abbr title="−50/241">20.7%</abbr> of its health!)</small><br></div><div class="spacer battle-history"><br></div><div class="battle-history">The opposing Rotom went back to SiTuM =)!<br></div><div class="battle-history">SiTuM =) sent out <strong>Lumineon</strong>!<br></div><div class="spacer battle-history"><br></div><h2 class="battle-history">Turn 48</h2><div class="chat chatmessage-marilllepen"><strong style="color:hsl(93,83%,33%)"><small> </small><span class="username" data-name="Marill Le Pen">Marill Le Pen</span>:</strong> <em>tu pas se prendre Haze</em></div><div class="chat chatmessage-situm"><strong style="color:hsl(335,45%,49.69638130030039%)"><small>☆</small><span class="username" data-name="SiTuM =)">SiTuM =)</span>:</strong> <em>putain de merde</em></div><div class="chat chatmessage-situm"><strong style="color:hsl(335,45%,49.69638130030039%)"><small>☆</small><span class="username" data-name="SiTuM =)">SiTuM =)</span>:</strong> <em>j'avais win</em></div><div class="chat chatmessage-situm"><strong style="color:hsl(335,45%,49.69638130030039%)"><small>☆</small><span class="username" data-name="SiTuM =)">SiTuM =)</span>:</strong> <em>tellement fort</em></div><div class="spacer battle-history"><br></div><div class="battle-history">Pinky Frosty used <strong>Thunderbolt</strong>!<br></div><div class="battle-history"><small>It's super effective!</small><br></div><div class="battle-history"><small>(The opposing Lumineon lost <abbr title="−279/279">100%</abbr> of its health!)</small><br></div><div class="spacer battle-history"><br></div><div class="battle-history">The opposing Lumineon fainted!<br></div><div class="spacer battle-history"><br></div><div class="battle-history">SiTuM =) sent out <strong>Stoutland</strong>!<br></div><div class="spacer battle-history"><br></div><h2 class="battle-history">Turn 49</h2><div class="chat"><small>KingCarcha ★ joined.</small></div><div class="spacer battle-history"><br></div><div class="battle-history">Pinky Frosty, come back!<br></div><div class="battle-history">Go! Golden Sky (<strong>Altaria</strong>)!<br></div><div class="spacer battle-history"><br></div><div class="battle-history">The opposing Stoutland used <strong>Ice Fang</strong>!<br></div><div class="battle-history"><small>It's super effective!</small><br></div><div class="battle-history"><small>(Golden Sky lost <abbr title="−348/353">98.6%</abbr> of its health!)</small><br></div><div class="spacer battle-history"><br></div><div class="battle-history"><small>Golden Sky restored a little HP using its Leftovers!</small><br></div><div class="battle-history"><small>The opposing Stoutland was hurt by poison!</small><br></div><div class="spacer battle-history"><br></div><h2 class="battle-history">Turn 50</h2><div class="spacer battle-history"><br></div><div class="battle-history">The opposing Stoutland used <strong>Ice Fang</strong>!<br></div><div class="battle-history"><small>It's super effective!</small><br></div><div class="battle-history"><small>(Golden Sky lost <abbr title="−27/353">7.6%</abbr> of its health!)</small><br></div><div class="spacer battle-history"><br></div><div class="battle-history">Golden Sky fainted!<br></div><div class="spacer battle-history"><br></div><div class="battle-history"><small>The opposing Stoutland was hurt by poison!</small><br></div><div class="spacer battle-history"><br></div><div class="battle-history">Go! Pinky Frosty (<strong>Rotom-Frost</strong>)!<br></div><div class="spacer battle-history"><br></div><h2 class="battle-history">Turn 51</h2><div class="spacer battle-history"><br></div><div class="battle-history">Pinky Frosty used <strong>Volt Switch</strong>!<br></div><div class="battle-history"><small>(The opposing Stoutland lost <abbr title="−121/311">38.9%</abbr> of its health!)</small><br></div><div class="spacer battle-history"><br></div><div class="battle-history">The opposing Stoutland fainted!<br></div><div class="chat"><small>TheLordPink left.</small></div><div class="spacer battle-history"><br></div><div class="battle-history">Pinky Frosty went back to Lovely❤Togekiss!<br></div><div class="battle-history">Go! Brown RockBall (<strong>Golem</strong>)!<br></div><div class="chat chatmessage-marilllepen"><strong style="color:hsl(93,83%,33%)"><small> </small><span class="username" data-name="Marill Le Pen">Marill Le Pen</span>:</strong> <em>mastouffe &gt; all</em></div><div class="spacer battle-history"><br></div><div class="battle-history">SiTuM =) sent out Rotom (<strong>Rotom-Frost</strong>)!<br></div><div class="spacer battle-history"><br></div><h2 class="battle-history">Turn 52</h2><div class="chat chatmessage-katsudonmaster"><strong style="color:hsl(243,63%,66.8453330603553%)"><small> </small><span class="username" data-name="KatsudonMaster">KatsudonMaster</span>:</strong> <em>rip</em></div><div class="spacer battle-history"><br></div><div class="battle-history">Brown RockBall used <strong>Protect</strong>!<br></div><div class="battle-history"><small>Brown RockBall protected itself!</small><br></div><div class="spacer battle-history"><br></div><div class="battle-history">The opposing Rotom used <strong>Blizzard</strong>!<br></div><div class="battle-history"><small>Brown RockBall protected itself!</small><br></div><div class="spacer battle-history"><br></div><div class="battle-history"><small>The opposing Rotom restored a little HP using its Leftovers!</small><br></div><div class="battle-history"><small>The opposing Rotom was hurt by poison!</small><br></div><div class="spacer battle-history"><br></div><h2 class="battle-history">Turn 53</h2><div class="spacer battle-history"><br></div><div class="battle-history">The opposing Rotom used <strong>Blizzard</strong>!<br></div><div class="battle-history"><small>It's super effective!</small><br></div><div class="battle-history"><small>(Brown RockBall lost <abbr title="−344/363">94.8%</abbr> of its health!)</small><br></div><div class="battle-history"><small>Brown RockBall was frozen solid!</small><br></div><div class="battle-history"><small>Brown RockBall thawed out!</small><br></div><div class="spacer battle-history"><br></div><div class="battle-history">Brown RockBall used <strong>Rock Blast</strong>!<br></div><div class="battle-history"><small>It's super effective!</small><br></div><div class="battle-history"><small>(The opposing Rotom lost <abbr title="−62/241">25.7%</abbr> of its health!)</small><br></div><div class="battle-history"><small>It's super effective!</small><br></div><div class="battle-history"><small>(The opposing Rotom lost <abbr title="−62/241">25.7%</abbr> of its health!)</small><br></div><div class="battle-history"><small>It's super effective!</small><br></div><div class="battle-history"><small>(The opposing Rotom lost <abbr title="−13/241">5.4%</abbr> of its health!)</small><br></div><div class="battle-history"><small>Hit 3 times!</small><br></div><div class="spacer battle-history"><br></div><div class="battle-history">The opposing Rotom fainted!<br></div><div class="spacer battle-history"><br></div><div class="battle-history"><small>Brown RockBall restored a little HP using its Leftovers!</small><br></div><div class="spacer battle-history"><br></div><div class="battle-history">SiTuM =) sent out <strong>Murkrow</strong>!<br></div><div class="spacer battle-history"><br></div><h2 class="battle-history">Turn 54</h2><div class="spacer battle-history"><br></div><div class="battle-history">Brown RockBall used <strong>Protect</strong>!<br></div><div class="battle-history"><small>Brown RockBall protected itself!</small><br></div><div class="spacer battle-history"><br></div><div class="battle-history">The opposing Murkrow used <strong>Brave Bird</strong>!<br></div><div class="battle-history"><small>Brown RockBall protected itself!</small><br></div><div class="spacer battle-history"><br></div><div class="battle-history"><small>Brown RockBall restored a little HP using its Leftovers!</small><br></div><div class="spacer battle-history"><br></div><h2 class="battle-history">Turn 55</h2><div class="chat chatmessage-marilllepen"><strong style="color:hsl(93,83%,33%)"><small> </small><span class="username" data-name="Marill Le Pen">Marill Le Pen</span>:</strong> <em>ça se fait pas</em></div><div class="chat chatmessage-marilllepen"><strong style="color:hsl(93,83%,33%)"><small> </small><span class="username" data-name="Marill Le Pen">Marill Le Pen</span>:</strong> <em>elle te haxx</em></div><div class="chat chatmessage-marilllepen"><strong style="color:hsl(93,83%,33%)"><small> </small><span class="username" data-name="Marill Le Pen">Marill Le Pen</span>:</strong> <em>puis te fais croire tu vas haxx</em></div><div class="spacer battle-history"><br></div><div class="battle-history">The opposing Murkrow used <strong>Sucker Punch</strong>!<br></div><div class="battle-history"><small>(Brown RockBall lost <abbr title="−63/363">17.4%</abbr> of its health!)</small><br></div><div class="battle-history"><small>The opposing Murkrow lost some of its HP!</small><br></div><div class="spacer battle-history"><br></div><div class="battle-history">Brown RockBall fainted!<br></div><div class="spacer battle-history"><br></div><div class="battle-history">Go! Pinky Frosty (<strong>Rotom-Frost</strong>)!<br></div><div class="spacer battle-history"><br></div><h2 class="battle-history">Turn 56</h2><div class="chat chatmessage-marilllepen"><strong style="color:hsl(93,83%,33%)"><small> </small><span class="username" data-name="Marill Le Pen">Marill Le Pen</span>:</strong> <em>crit</em></div><div class="chat chatmessage-marilllepen"><strong style="color:hsl(93,83%,33%)"><small> </small><span class="username" data-name="Marill Le Pen">Marill Le Pen</span>:</strong> <em>on y croit tous</em></div><div class="chat chatmessage-marilllepen"><strong style="color:hsl(93,83%,33%)"><small> </small><span class="username" data-name="Marill Le Pen">Marill Le Pen</span>:</strong> <em>tu le mérites</em></div><div class="spacer battle-history"><br></div><div class="battle-history">The opposing Murkrow used <strong>Heat Wave</strong>!<br></div><div class="battle-history"><small>It's super effective!</small><br></div><div class="battle-history"><small>(Pinky Frosty lost <abbr title="−154/241">63.9%</abbr> of its health!)</small><br></div><div class="battle-history"><small>The opposing Murkrow lost some of its HP!</small><br></div><div class="spacer battle-history"><br></div><div class="battle-history">Pinky Frosty fainted!<br></div><div class="chat chatmessage-situm"><strong style="color:hsl(335,45%,49.69638130030039%)"><small>☆</small><span class="username" data-name="SiTuM =)">SiTuM =)</span>:</strong> <em>wtf</em></div><div class="chat chatmessage-situm"><strong style="color:hsl(335,45%,49.69638130030039%)"><small>☆</small><span class="username" data-name="SiTuM =)">SiTuM =)</span>:</strong> <em>WTF</em></div><div class="spacer battle-history"><br></div><div class="battle-history">Go! Green Jungle (<strong>Leafeon</strong>)!<br></div><div class="spacer battle-history"><br></div><h2 class="battle-history">Turn 57</h2><div class="chat chatmessage-situm"><strong style="color:hsl(335,45%,49.69638130030039%)"><small>☆</small><span class="username" data-name="SiTuM =)">SiTuM =)</span>:</strong> <em>T PAS SCARF</em></div><div class="chat chatmessage-marilllepen"><strong style="color:hsl(93,83%,33%)"><small> </small><span class="username" data-name="Marill Le Pen">Marill Le Pen</span>:</strong> <em>heu</em></div><div class="chat chatmessage-situm"><strong style="color:hsl(335,45%,49.69638130030039%)"><small>☆</small><span class="username" data-name="SiTuM =)">SiTuM =)</span>:</strong> <em>WHAT</em></div><div class="chat chatmessage-greenheroes"><strong style="color:hsl(265,74%,56.967384459884016%)"><small> </small><span class="username" data-name="Greenheroes">Greenheroes</span>:</strong> <em>gg situm</em></div><div class="chat chatmessage-marilllepen"><strong style="color:hsl(93,83%,33%)"><small> </small><span class="username" data-name="Marill Le Pen">Marill Le Pen</span>:</strong> <em>pas scarf</em></div><div class="spacer battle-history"><br></div><div class="battle-history">Green Jungle used <strong>Bullet Seed</strong>!<br></div><div class="battle-history"><small>It's not very effective...</small><br></div><div class="battle-history"><small>(The opposing Murkrow lost <abbr title="−45/261">17.2%</abbr> of its health!)</small><br></div><div class="battle-history"><small>It's not very effective...</small><br></div><div class="battle-history"><small>(The opposing Murkrow lost <abbr title="−45/261">17.2%</abbr> of its health!)</small><br></div><div class="battle-history"><small>It's not very effective...</small><br></div><div class="battle-history"><small>(The opposing Murkrow lost <abbr title="−44/261">16.9%</abbr> of its health!)</small><br></div><div class="battle-history"><small>It's not very effective...</small><br></div><div class="battle-history"><small>(The opposing Murkrow lost <abbr title="−45/261">17.2%</abbr> of its health!)</small><br></div><div class="battle-history"><small>It's not very effective...</small><br></div><div class="battle-history"><small>(The opposing Murkrow lost <abbr title="−7/261">2.7%</abbr> of its health!)</small><br></div><div class="battle-history"><small>Hit 5 times!</small><br></div><div class="spacer battle-history"><br></div><div class="battle-history">The opposing Murkrow fainted!<br></div><div class="spacer battle-history"><br></div><div class="battle-history"><strong>Lovely❤Togekiss</strong> won the battle!<br></div><div class="chat chatmessage-situm"><strong style="color:hsl(335,45%,49.69638130030039%)"><small>☆</small><span class="username" data-name="SiTuM =)">SiTuM =)</span>:</strong> <em>MDRRRRRRRRRRRRRRRRRRRRRRRRRRRRRRRRRRRRRRRRRRRRRRRRRRRRRRRRRRRRRRRRRRRRRRRRRRRRRRRRRRRRRRRRRRRRRRRRRRRRRRRRRRRRRRRRRRRRRRRRRRRRRRRRRRRRR</em></div><div class="chat chatmessage-lovelytogekiss"><strong style="color:hsl(181,84%,39.75620224724769%)"><small>☆</small><span class="username" data-name="Lovely❤Togekiss">Lovely❤Togekiss</span>:</strong> <em>sinon</em></div><div class="chat chatmessage-marilllepen"><strong style="color:hsl(93,83%,33%)"><small> </small><span class="username" data-name="Marill Le Pen">Marill Le Pen</span>:</strong> <em>alors là</em></div><div class="chat chatmessage-kingcarcha"><strong style="color:hsl(265,72%,56.762690011852804%)"><small> </small><span class="username" data-name="KingCarcha ★">KingCarcha ★</span>:</strong> <em>XDD</em></div><div class="chat chatmessage-marilllepen"><strong style="color:hsl(93,83%,33%)"><small> </small><span class="username" data-name="Marill Le Pen">Marill Le Pen</span>:</strong> <em>c'est la pire</em></div><div class="chat chatmessage-marilllepen"><strong style="color:hsl(93,83%,33%)"><small> </small><span class="username" data-name="Marill Le Pen">Marill Le Pen</span>:</strong> <em>genr</em></div><div class="chat chatmessage-marilllepen"><strong style="color:hsl(93,83%,33%)"><small> </small><span class="username" data-name="Marill Le Pen">Marill Le Pen</span>:</strong> <em>la pire</em></div><div class="chat chatmessage-marilllepen"><strong style="color:hsl(93,83%,33%)"><small> </small><span class="username" data-name="Marill Le Pen">Marill Le Pen</span>:</strong> <em>des pires</em></div><div class="chat chatmessage-lovelytogekiss"><strong style="color:hsl(181,84%,39.75620224724769%)"><small>☆</small><span class="username" data-name="Lovely❤Togekiss">Lovely❤Togekiss</span>:</strong> <em>J'aime bien</em></div><div class="chat chatmessage-lovelytogekiss"><strong style="color:hsl(181,84%,39.75620224724769%)"><small>☆</small><span class="username" data-name="Lovely❤Togekiss">Lovely❤Togekiss</span>:</strong> <em>la rage</em></div><div class="chat"><small>Chrink ♛ left.</small></div><div class="chat chatmessage-lovelytogekiss"><strong style="color:hsl(181,84%,39.75620224724769%)"><small>☆</small><span class="username" data-name="Lovely❤Togekiss">Lovely❤Togekiss</span>:</strong> <em>quand tu m'as freeze</em></div><div class="chat chatmessage-lovelytogekiss"><strong style="color:hsl(181,84%,39.75620224724769%)"><small>☆</small><span class="username" data-name="Lovely❤Togekiss">Lovely❤Togekiss</span>:</strong> <em>ceus ground</em></div><div class="chat"><small>Mororine *^* left.</small></div><div class="chat chatmessage-lovelytogekiss"><strong style="color:hsl(181,84%,39.75620224724769%)"><small>☆</small><span class="username" data-name="Lovely❤Togekiss">Lovely❤Togekiss</span>:</strong> <em>au ubers</em></div><div class="chat chatmessage-lovelytogekiss"><strong style="color:hsl(181,84%,39.75620224724769%)"><small>☆</small><span class="username" data-name="Lovely❤Togekiss">Lovely❤Togekiss</span>:</strong> <em>:)</em></div><div class="chat"><small>Lovely❤Togekiss left.</small></div><div class="chat chatmessage-kingcarcha"><strong style="color:hsl(265,72%,56.762690011852804%)"><small> </small><span class="username" data-name="KingCarcha ★">KingCarcha ★</span>:</strong> <em>Ce latch était marrant</em></div><div class="chat"><small>Marill Le Pen left.</small></div><div class="chat"><small>SiTuM =) left.</small></div><div class="chat chatmessage-kingcarcha"><strong style="color:hsl(265,72%,56.762690011852804%)"><small> </small><span class="username" data-name="KingCarcha ★">KingCarcha ★</span>:</strong> <em>Match*</em></div><div class="chat"><small>KingCarcha ★ left.</small></div><div class="chat"><small>Nyhets joined.</small></div></div><div class="inner-preempt"></div></div></div>
</div>
<script>
let daily = Math.floor(Date.now()/1000/60/60/24);document.write('<script src="https://play.pokemonshowdown.com/js/replay-embed.js?version'+daily+'"></'+'script>');
</script>
