<!DOCTYPE html>
<meta charset="utf-8" />
<!-- version 1 -->
<title>PU replay: Slowbroth vs. LucyBellNeedsGlory</title>
<style>
html,body {font-family:Verdana, sans-serif;font-size:10pt;margin:0;padding:0;}body{padding:12px 0;} .battle-log {font-family:Verdana, sans-serif;font-size:10pt;} .battle-log-inline {border:1px solid #AAAAAA;background:#EEF2F5;color:black;max-width:640px;margin:0 auto 80px;padding-bottom:5px;} .battle-log .inner {padding:4px 8px 0px 8px;} .battle-log .inner-preempt {padding:0 8px 4px 8px;} .battle-log .inner-after {margin-top:0.5em;} .battle-log h2 {margin:0.5em -8px;padding:4px 8px;border:1px solid #AAAAAA;background:#E0E7EA;border-left:0;border-right:0;font-family:Verdana, sans-serif;font-size:13pt;} .battle-log .chat {vertical-align:middle;padding:3px 0 3px 0;font-size:8pt;} .battle-log .chat strong {color:#40576A;} .battle-log .chat em {padding:1px 4px 1px 3px;color:#000000;font-style:normal;} .chat.mine {background:rgba(0,0,0,0.05);margin-left:-8px;margin-right:-8px;padding-left:8px;padding-right:8px;} .spoiler {color:#BBBBBB;background:#BBBBBB;padding:0px 3px;} .spoiler:hover, .spoiler:active, .spoiler-shown {color:#000000;background:#E2E2E2;padding:0px 3px;} .spoiler a {color:#BBBBBB;} .spoiler:hover a, .spoiler:active a, .spoiler-shown a {color:#2288CC;} .chat code, .chat .spoiler:hover code, .chat .spoiler:active code, .chat .spoiler-shown code {border:1px solid #C0C0C0;background:#EEEEEE;color:black;padding:0 2px;} .chat .spoiler code {border:1px solid #CCCCCC;background:#CCCCCC;color:#CCCCCC;} .battle-log .rated {padding:3px 4px;} .battle-log .rated strong {color:white;background:#89A;padding:1px 4px;border-radius:4px;} .spacer {margin-top:0.5em;} .message-announce {background:#6688AA;color:white;padding:1px 4px 2px;} .message-announce a, .broadcast-green a, .broadcast-blue a, .broadcast-red a {color:#DDEEFF;} .broadcast-green {background-color:#559955;color:white;padding:2px 4px;} .broadcast-blue {background-color:#6688AA;color:white;padding:2px 4px;} .infobox {border:1px solid #6688AA;padding:2px 4px;} .infobox-limited {max-height:200px;overflow:auto;overflow-x:hidden;} .broadcast-red {background-color:#AA5544;color:white;padding:2px 4px;} .message-learn-canlearn {font-weight:bold;color:#228822;text-decoration:underline;} .message-learn-cannotlearn {font-weight:bold;color:#CC2222;text-decoration:underline;} .message-effect-weak {font-weight:bold;color:#CC2222;} .message-effect-resist {font-weight:bold;color:#6688AA;} .message-effect-immune {font-weight:bold;color:#666666;} .message-learn-list {margin-top:0;margin-bottom:0;} .message-throttle-notice, .message-error {color:#992222;} .message-overflow, .chat small.message-overflow {font-size:0pt;} .message-overflow::before {font-size:9pt;content:'...';} .subtle {color:#3A4A66;}
</style>
<div class="wrapper replay-wrapper" style="max-width:1180px;margin:0 auto">
<input type="hidden" name="replayid" value="pu-546063966" />
<div class="battle"></div><div class="battle-log"></div><div class="replay-controls"></div><div class="replay-controls-2"></div>
<h1 style="font-weight:normal;text-align:center"><strong>PU</strong><br /><a href="http://pokemonshowdown.com/users/slowbroth" class="subtle" target="_blank">Slowbroth</a> vs. <a href="http://pokemonshowdown.com/users/lucybellneedsglory" class="subtle" target="_blank">LucyBellNeedsGlory</a></h1>
<script type="text/plain" class="battle-log-data">|j|Slowbroth
|j|LucyBellNeedsGlory
|player|p1|Slowbroth|277
|player|p2|LucyBellNeedsGlory|#2xthetap
|gametype|singles
|gen|6
|tier|PU
|seed|11429,32498,30235,19542
|rule|Sleep Clause Mod: Limit one foe put to sleep
|rule|Species Clause: Limit one of each Pokémon
|rule|OHKO Clause: OHKO moves are banned
|rule|Moody Clause: Moody is banned
|rule|Evasion Moves Clause: Evasion moves are banned
|rule|Endless Battle Clause: Forcing endless battles is banned
|rule|HP Percentage Mod: HP is shown in percentages
|clearpoke
|poke|p1|Combusken, M, shiny|item
|poke|p1|Arbok, M|item
|poke|p1|Leafeon, F|item
|poke|p1|Metang|item
|poke|p1|Politoed, F|item
|poke|p1|Zebstrika, F|item
|poke|p2|Kadabra, F|item
|poke|p2|Misdreavus, M|item
|poke|p2|Relicanth, F|item
|poke|p2|Sawsbuck, F|item
|poke|p2|Ninetales, M|item
|poke|p2|Zebstrika, F|item
|rule|Swagger Clause: Swagger is banned
|rule|Baton Pass Clause: Limit one Baton Passer, can't pass Spe and other stats simultaneously
|teampreview
|choice|team 6, team 2, team 3, team 4, team 5, team 1|team 3, team 2, team 1, team 4, team 5, team 6
|
|start
|switch|p1a: Zebstrika|Zebstrika, F|291\/291
|switch|p2a: Relicanth|Relicanth, F|403\/403
|turn|1
|choice|move overheat|move protect
|
|move|p2a: Relicanth|Protect|p2a: Relicanth
|-singleturn|p2a: Relicanth|Protect
|move|p1a: Zebstrika|Overheat|p2a: Relicanth
|-activate|p2a: Relicanth|move: Protect
|
|upkeep
|turn|2
|choice|move overheat|move stealthrock
|
|move|p1a: Zebstrika|Overheat|p2a: Relicanth
|-resisted|p2a: Relicanth
|-damage|p2a: Relicanth|352\/403
|-unboost|p1a: Zebstrika|spa|2
|-damage|p1a: Zebstrika|262\/291|[from] item: Life Orb
|move|p2a: Relicanth|Stealth Rock|p1a: Zebstrika
|-sidestart|p1: Slowbroth|move: Stealth Rock
|
|-heal|p2a: Relicanth|377\/403|[from] item: Leftovers
|upkeep
|turn|3
|choice|move voltswitch|switch 6
|
|switch|p2a: Zebstrika|Zebstrika, F|289\/289
|move|p1a: Zebstrika|Volt Switch|p2a: Zebstrika
|-ability|p2a: Zebstrika|Lightning Rod|boost
|-boost|p2a: Zebstrika|spa|1
|
|upkeep
|turn|4
|choice|move overheat|move overheat
|
|move|p1a: Zebstrika|Overheat|p2a: Zebstrika
|-damage|p2a: Zebstrika|181\/289
|-unboost|p1a: Zebstrika|spa|2
|-damage|p1a: Zebstrika|233\/291|[from] item: Life Orb
|move|p2a: Zebstrika|Overheat|p1a: Zebstrika|[miss]
|-miss|p2a: Zebstrika|p1a: Zebstrika
|
|upkeep
|turn|5
|choice|switch 5|move hiddenpower
|
|switch|p1a: Politoed|Politoed, F|369\/369
|-damage|p1a: Politoed|323\/369|[from] Stealth Rock
|move|p2a: Zebstrika|Hidden Power|p1a: Politoed
|-resisted|p1a: Politoed
|-damage|p1a: Politoed|270\/369
|-damage|p2a: Zebstrika|153\/289|[from] item: Life Orb
|
|-heal|p1a: Politoed|293\/369|[from] item: Leftovers
|upkeep
|turn|6
|choice|switch 5|move thunderbolt
|
|switch|p1a: Zebstrika|Zebstrika, F|233\/291
|-damage|p1a: Zebstrika|197\/291|[from] Stealth Rock
|move|p2a: Zebstrika|Thunderbolt|p1a: Zebstrika
|-ability|p1a: Zebstrika|Lightning Rod|boost
|-boost|p1a: Zebstrika|spa|1
|
|upkeep
|turn|7
|choice|move thunderbolt|move overheat
|
|move|p1a: Zebstrika|Thunderbolt|p2a: Zebstrika
|-ability|p2a: Zebstrika|Lightning Rod|boost
|-boost|p2a: Zebstrika|spa|1
|move|p2a: Zebstrika|Overheat|p1a: Zebstrika
|-damage|p1a: Zebstrika|0 fnt
|-unboost|p2a: Zebstrika|spa|2
|-damage|p2a: Zebstrika|125\/289|[from] item: Life Orb
|faint|p1a: Zebstrika
|
|upkeep
|choice|switch 2|
|
|switch|p1a: Arbok|Arbok, M|261\/261
|-damage|p1a: Arbok|229\/261|[from] Stealth Rock
|-ability|p1a: Arbok|Intimidate|boost
|-unboost|p2a: Zebstrika|atk|1
|turn|8
|c|☆LucyBellNeedsGlory|that exchange made me dizzy
|choice|switch 6|move voltswitch
|
|switch|p1a: Combusken|Combusken, M, shiny|261\/261
|-damage|p1a: Combusken|229\/261|[from] Stealth Rock
|move|p2a: Zebstrika|Volt Switch|p1a: Combusken
|-damage|p1a: Combusken|107\/261
|-damage|p2a: Zebstrika|97\/289|[from] item: Life Orb
|c|☆Slowbroth|why u no missy switch
|c|☆LucyBellNeedsGlory|there are a few arbok answers here but I didn't think you'd sucker
|c|☆LucyBellNeedsGlory|I expected coil
|c|☆Slowbroth|why would i coil w\/ a reli and missy tho
|c|☆Slowbroth|o well
|c|☆LucyBellNeedsGlory|can do decent damage with EQ
|c|☆LucyBellNeedsGlory|to reli at least
|c|☆LucyBellNeedsGlory|and my missy isn't what you'd expect
|c|☆Slowbroth|no surprise there
|choice||switch 2
|
|switch|p2a: Misdreavus|Misdreavus, M|323\/323
|
|upkeep
|turn|9
|choice|move swordsdance|move taunt
|
|move|p1a: Combusken|Swords Dance|p1a: Combusken
|-boost|p1a: Combusken|atk|2
|move|p2a: Misdreavus|Taunt|p1a: Combusken
|-start|p1a: Combusken|move: Taunt
|
|-ability|p1a: Combusken|Speed Boost|boost
|-boost|p1a: Combusken|spe|1
|upkeep
|turn|10
|choice|move rockslide|move thunderwave
|
|move|p1a: Combusken|Rock Slide|p2a: Misdreavus
|-damage|p2a: Misdreavus|199\/323
|move|p2a: Misdreavus|Thunder Wave|p1a: Combusken
|-status|p1a: Combusken|par
|
|-ability|p1a: Combusken|Speed Boost|boost
|-boost|p1a: Combusken|spe|1
|upkeep
|turn|11
|choice|move flareblitz|move hex
|
|move|p2a: Misdreavus|Hex|p1a: Combusken
|-damage|p1a: Combusken|0 fnt
|faint|p1a: Combusken
|
|upkeep
|choice|switch 3|
|
|switch|p1a: Leafeon|Leafeon, F|271\/271
|-damage|p1a: Leafeon|238\/271|[from] Stealth Rock
|turn|12
|choice|move knockoff|move willowisp
|
|move|p1a: Leafeon|Knock Off|p2a: Misdreavus
|-supereffective|p2a: Misdreavus
|-damage|p2a: Misdreavus|3\/323
|-enditem|p2a: Misdreavus|Eviolite|[from] move: Knock Off|[of] p1a: Leafeon
|move|p2a: Misdreavus|Will-O-Wisp|p1a: Leafeon
|-status|p1a: Leafeon|brn
|
|-damage|p1a: Leafeon|205\/271 brn|[from] brn
|upkeep
|turn|13
|choice|move knockoff|move hex
|
|move|p1a: Leafeon|Knock Off|p2a: Misdreavus
|-supereffective|p2a: Misdreavus
|-damage|p2a: Misdreavus|0 fnt
|faint|p2a: Misdreavus
|
|-damage|p1a: Leafeon|172\/271 brn|[from] brn
|upkeep
|choice||switch 5
|
|switch|p2a: Ninetales|Ninetales, M|287\/287
|turn|14
|choice|move knockoff|move calmmind
|
|move|p2a: Ninetales|Calm Mind|p2a: Ninetales
|-boost|p2a: Ninetales|spa|1
|-boost|p2a: Ninetales|spd|1
|move|p1a: Leafeon|Knock Off|p2a: Ninetales
|-damage|p2a: Ninetales|227\/287
|-enditem|p2a: Ninetales|Leftovers|[from] move: Knock Off|[of] p1a: Leafeon
|
|-damage|p1a: Leafeon|139\/271 brn|[from] brn
|upkeep
|turn|15
|choice|move swordsdance|move calmmind
|
|move|p2a: Ninetales|Calm Mind|p2a: Ninetales
|-boost|p2a: Ninetales|spa|1
|-boost|p2a: Ninetales|spd|1
|move|p1a: Leafeon|Swords Dance|p1a: Leafeon
|-boost|p1a: Leafeon|atk|2
|
|-damage|p1a: Leafeon|106\/271 brn|[from] brn
|upkeep
|turn|16
|choice|move knockoff|move fireblast
|
|move|p2a: Ninetales|Fire Blast|p1a: Leafeon
|-supereffective|p1a: Leafeon
|-damage|p1a: Leafeon|0 fnt
|faint|p1a: Leafeon
|
|upkeep
|choice|switch 4|
|
|switch|p1a: Metang|Metang|321\/321
|-damage|p1a: Metang|301\/321|[from] Stealth Rock
|turn|17
|choice|move earthquake|move fireblast
|
|move|p2a: Ninetales|Fire Blast|p1a: Metang
|-supereffective|p1a: Metang
|-damage|p1a: Metang|0 fnt
|faint|p1a: Metang
|
|upkeep
|choice|switch 6|
|
|switch|p1a: Arbok|Arbok, M|229\/261
|-damage|p1a: Arbok|197\/261|[from] Stealth Rock
|-ability|p1a: Arbok|Intimidate|boost
|-unboost|p2a: Ninetales|atk|1
|turn|18
|choice|move earthquake|move fireblast
|
|move|p2a: Ninetales|Fire Blast|p1a: Arbok
|-damage|p1a: Arbok|0 fnt
|faint|p1a: Arbok
|
|upkeep
|choice|switch 5|
|
|switch|p1a: Politoed|Politoed, F|293\/369
|-damage|p1a: Politoed|247\/369|[from] Stealth Rock
|turn|19
|c|☆Slowbroth|gg
|choice|move encore|move energyball
|
|move|p2a: Ninetales|Energy Ball|p1a: Politoed
|-supereffective|p1a: Politoed
|-damage|p1a: Politoed|0 fnt
|faint|p1a: Politoed
|
|win|LucyBellNeedsGlory
|player|p1
|player|p2
|l|Slowbroth</script>
</div>
<div class="battle-log battle-log-inline"><div class="inner"><div class="battle-options"></div><div class="inner"><div class="chat"><small>Slowbroth joined.</small></div><div class="chat"><small>LucyBellNeedsGlory joined.</small></div><div class=""><small>Format:</small> <br><strong>PU</strong></div><div class=""><small><em>Sleep Clause Mod:</em> Limit one foe put to sleep</small></div><div class=""><small><em>Species Clause:</em> Limit one of each Pokémon</small></div><div class=""><small><em>OHKO Clause:</em> OHKO moves are banned</small></div><div class=""><small><em>Moody Clause:</em> Moody is banned</small></div><div class=""><small><em>Evasion Moves Clause:</em> Evasion moves are banned</small></div><div class=""><small><em>Endless Battle Clause:</em> Forcing endless battles is banned</small></div><div class=""><small><em>HP Percentage Mod:</em> HP is shown in percentages</small></div><div class=""><small><em>Swagger Clause:</em> Swagger is banned</small></div><div class=""><small><em>Baton Pass Clause:</em> Limit one Baton Passer, can't pass Spe and other stats simultaneously</small></div><div class="chat battle-history"><strong>Slowbroth's team:</strong> <em style="color:#445566;display:block;">Combusken / Arbok / Leafeon / Metang / Politoed / Zebstrika</em></div><div class="chat battle-history"><strong>LucyBellNeedsGlory's team:</strong> <em style="color:#445566;display:block;">Kadabra / Misdreavus / Relicanth / Sawsbuck / Ninetales / Zebstrika</em></div><div class="spacer battle-history"><br></div><div class="battle-history">Battle started between Slowbroth and LucyBellNeedsGlory!<br></div><div class="spacer battle-history"><br></div><div class="battle-history">Go! <strong>Zebstrika</strong>!<br></div><div class="spacer battle-history"><br></div><div class="battle-history">LucyBellNeedsGlory sent out <strong>Relicanth</strong>!<br></div><div class="spacer battle-history"><br></div><h2 class="battle-history">Turn 1</h2><div class="spacer battle-history"><br></div><div class="battle-history">The opposing Relicanth used <strong>Protect</strong>!<br></div><div class="battle-history"><small>The opposing Relicanth protected itself!</small><br></div><div class="spacer battle-history"><br></div><div class="battle-history">Zebstrika used <strong>Overheat</strong>!<br></div><div class="battle-history"><small>The opposing Relicanth protected itself!</small><br></div><div class="spacer battle-history"><br></div><h2 class="battle-history">Turn 2</h2><div class="spacer battle-history"><br></div><div class="battle-history">Zebstrika used <strong>Overheat</strong>!<br></div><div class="battle-history"><small>It's not very effective...</small><br></div><div class="battle-history"><small>(The opposing Relicanth lost <abbr title="−51/403">12.7%</abbr> of its health!)</small><br></div><div class="battle-history"><small>Zebstrika's Special Attack fell harshly!</small><br></div><div class="battle-history"><small>Zebstrika lost some of its HP!</small><br></div><div class="spacer battle-history"><br></div><div class="battle-history">The opposing Relicanth used <strong>Stealth Rock</strong>!<br></div><div class="battle-history"><small>Pointed stones float in the air around your team!</small><br></div><div class="spacer battle-history"><br></div><div class="battle-history"><small>The opposing Relicanth restored a little HP using its Leftovers!</small><br></div><div class="spacer battle-history"><br></div><h2 class="battle-history">Turn 3</h2><div class="spacer battle-history"><br></div><div class="battle-history">LucyBellNeedsGlory withdrew Relicanth!<br></div><div class="battle-history">LucyBellNeedsGlory sent out <strong>Zebstrika</strong>!<br></div><div class="spacer battle-history"><br></div><div class="battle-history">Zebstrika used <strong>Volt Switch</strong>!<br></div><div class="battle-history"><small>[The opposing Zebstrika's Lightning Rod]</small><br></div><div class="battle-history"><small>The opposing Zebstrika's Special Attack rose!</small><br></div><div class="spacer battle-history"><br></div><h2 class="battle-history">Turn 4</h2><div class="spacer battle-history"><br></div><div class="battle-history">Zebstrika used <strong>Overheat</strong>!<br></div><div class="battle-history"><small>(The opposing Zebstrika lost <abbr title="−108/289">37.4%</abbr> of its health!)</small><br></div><div class="battle-history"><small>Zebstrika's Special Attack fell harshly!</small><br></div><div class="battle-history"><small>Zebstrika lost some of its HP!</small><br></div><div class="spacer battle-history"><br></div><div class="battle-history">The opposing Zebstrika used <strong>Overheat</strong>!<br></div><div class="battle-history"><small>Zebstrika avoided the attack!</small><br></div><div class="spacer battle-history"><br></div><h2 class="battle-history">Turn 5</h2><div class="spacer battle-history"><br></div><div class="battle-history">Zebstrika, come back!<br></div><div class="battle-history">Go! <strong>Politoed</strong>!<br></div><div class="battle-history"><small>Pointed stones dug into Politoed!</small><br></div><div class="spacer battle-history"><br></div><div class="battle-history">The opposing Zebstrika used <strong>Hidden Power</strong>!<br></div><div class="battle-history"><small>It's not very effective...</small><br></div><div class="battle-history"><small>(Politoed lost <abbr title="−53/369">14.4%</abbr> of its health!)</small><br></div><div class="battle-history"><small>The opposing Zebstrika lost some of its HP!</small><br></div><div class="spacer battle-history"><br></div><div class="battle-history"><small>Politoed restored a little HP using its Leftovers!</small><br></div><div class="spacer battle-history"><br></div><h2 class="battle-history">Turn 6</h2><div class="spacer battle-history"><br></div><div class="battle-history">Politoed, come back!<br></div><div class="battle-history">Go! <strong>Zebstrika</strong>!<br></div><div class="battle-history"><small>Pointed stones dug into Zebstrika!</small><br></div><div class="spacer battle-history"><br></div><div class="battle-history">The opposing Zebstrika used <strong>Thunderbolt</strong>!<br></div><div class="battle-history"><small>[Zebstrika's Lightning Rod]</small><br></div><div class="battle-history"><small>Zebstrika's Special Attack rose!</small><br></div><div class="spacer battle-history"><br></div><h2 class="battle-history">Turn 7</h2><div class="spacer battle-history"><br></div><div class="battle-history">Zebstrika used <strong>Thunderbolt</strong>!<br></div><div class="battle-history"><small>[The opposing Zebstrika's Lightning Rod]</small><br></div><div class="battle-history"><small>The opposing Zebstrika's Special Attack rose!</small><br></div><div class="spacer battle-history"><br></div><div class="battle-history">The opposing Zebstrika used <strong>Overheat</strong>!<br></div><div class="battle-history"><small>(Zebstrika lost <abbr title="−197/291">67.7%</abbr> of its health!)</small><br></div><div class="battle-history"><small>The opposing Zebstrika's Special Attack fell harshly!</small><br></div><div class="battle-history"><small>The opposing Zebstrika lost some of its HP!</small><br></div><div class="spacer battle-history"><br></div><div class="battle-history">Zebstrika fainted!<br></div><div class="spacer battle-history"><br></div><div class="battle-history">Go! <strong>Arbok</strong>!<br></div><div class="battle-history"><small>Pointed stones dug into Arbok!</small><br></div><div class="battle-history"><small>[Arbok's Intimidate]</small><br></div><div class="battle-history"><small>The opposing Zebstrika's Attack fell!</small><br></div><div class="spacer battle-history"><br></div><h2 class="battle-history">Turn 8</h2><div class="chat chatmessage-lucybellneedsglory"><strong style="color:hsl(266,49%,57.88865576841161%)"><small>☆</small><span class="username" data-name="LucyBellNeedsGlory">LucyBellNeedsGlory</span>:</strong> <em>that exchange made me dizzy</em></div><div class="spacer battle-history"><br></div><div class="battle-history">Arbok, come back!<br></div><div class="battle-history">Go! <strong>Combusken</strong>!<br></div><div class="battle-history"><small>Pointed stones dug into Combusken!</small><br></div><div class="spacer battle-history"><br></div><div class="battle-history">The opposing Zebstrika used <strong>Volt Switch</strong>!<br></div><div class="battle-history"><small>(Combusken lost <abbr title="−122/261">46.7%</abbr> of its health!)</small><br></div><div class="battle-history"><small>The opposing Zebstrika lost some of its HP!</small><br></div><div class="chat chatmessage-slowbroth"><strong style="color:hsl(317,62%,48.816815154816716%)"><small>☆</small><span class="username" data-name="Slowbroth">Slowbroth</span>:</strong> <em>why u no missy switch</em></div><div class="chat chatmessage-lucybellneedsglory"><strong style="color:hsl(266,49%,57.88865576841161%)"><small>☆</small><span class="username" data-name="LucyBellNeedsGlory">LucyBellNeedsGlory</span>:</strong> <em>there are a few arbok answers here but I didn't think you'd sucker</em></div><div class="chat chatmessage-lucybellneedsglory"><strong style="color:hsl(266,49%,57.88865576841161%)"><small>☆</small><span class="username" data-name="LucyBellNeedsGlory">LucyBellNeedsGlory</span>:</strong> <em>I expected coil</em></div><div class="chat chatmessage-slowbroth"><strong style="color:hsl(317,62%,48.816815154816716%)"><small>☆</small><span class="username" data-name="Slowbroth">Slowbroth</span>:</strong> <em>why would i coil w/ a reli and missy tho</em></div><div class="chat chatmessage-slowbroth"><strong style="color:hsl(317,62%,48.816815154816716%)"><small>☆</small><span class="username" data-name="Slowbroth">Slowbroth</span>:</strong> <em>o well</em></div><div class="chat chatmessage-lucybellneedsglory"><strong style="color:hsl(266,49%,57.88865576841161%)"><small>☆</small><span class="username" data-name="LucyBellNeedsGlory">LucyBellNeedsGlory</span>:</strong> <em>can do decent damage with EQ</em></div><div class="chat chatmessage-lucybellneedsglory"><strong style="color:hsl(266,49%,57.88865576841161%)"><small>☆</small><span class="username" data-name="LucyBellNeedsGlory">LucyBellNeedsGlory</span>:</strong> <em>to reli at least</em></div><div class="chat chatmessage-lucybellneedsglory"><strong style="color:hsl(266,49%,57.88865576841161%)"><small>☆</small><span class="username" data-name="LucyBellNeedsGlory">LucyBellNeedsGlory</span>:</strong> <em>and my missy isn't what you'd expect</em></div><div class="chat chatmessage-slowbroth"><strong style="color:hsl(317,62%,48.816815154816716%)"><small>☆</small><span class="username" data-name="Slowbroth">Slowbroth</span>:</strong> <em>no surprise there</em></div><div class="spacer battle-history"><br></div><div class="battle-history">The opposing Zebstrika went back to LucyBellNeedsGlory!<br></div><div class="battle-history">LucyBellNeedsGlory sent out <strong>Misdreavus</strong>!<br></div><div class="spacer battle-history"><br></div><h2 class="battle-history">Turn 9</h2><div class="spacer battle-history"><br></div><div class="battle-history">Combusken used <strong>Swords Dance</strong>!<br></div><div class="battle-history"><small>Combusken's Attack rose sharply!</small><br></div><div class="spacer battle-history"><br></div><div class="battle-history">The opposing Misdreavus used <strong>Taunt</strong>!<br></div><div class="battle-history"><small>Combusken fell for the taunt!</small><br></div><div class="spacer battle-history"><br></div><div class="battle-history"><small>[Combusken's Speed Boost]</small><br></div><div class="battle-history"><small>Combusken's Speed rose!</small><br></div><div class="spacer battle-history"><br></div><h2 class="battle-history">Turn 10</h2><div class="spacer battle-history"><br></div><div class="battle-history">Combusken used <strong>Rock Slide</strong>!<br></div><div class="battle-history"><small>(The opposing Misdreavus lost <abbr title="−124/323">38.4%</abbr> of its health!)</small><br></div><div class="spacer battle-history"><br></div><div class="battle-history">The opposing Misdreavus used <strong>Thunder Wave</strong>!<br></div><div class="battle-history"><small>Combusken is paralyzed! It may be unable to move!</small><br></div><div class="spacer battle-history"><br></div><div class="battle-history"><small>[Combusken's Speed Boost]</small><br></div><div class="battle-history"><small>Combusken's Speed rose!</small><br></div><div class="spacer battle-history"><br></div><h2 class="battle-history">Turn 11</h2><div class="spacer battle-history"><br></div><div class="battle-history">The opposing Misdreavus used <strong>Hex</strong>!<br></div><div class="battle-history"><small>(Combusken lost <abbr title="−107/261">41.0%</abbr> of its health!)</small><br></div><div class="spacer battle-history"><br></div><div class="battle-history">Combusken fainted!<br></div><div class="spacer battle-history"><br></div><div class="battle-history">Go! <strong>Leafeon</strong>!<br></div><div class="battle-history"><small>Pointed stones dug into Leafeon!</small><br></div><div class="spacer battle-history"><br></div><h2 class="battle-history">Turn 12</h2><div class="spacer battle-history"><br></div><div class="battle-history">Leafeon used <strong>Knock Off</strong>!<br></div><div class="battle-history"><small>It's super effective!</small><br></div><div class="battle-history"><small>(The opposing Misdreavus lost <abbr title="−196/323">60.7%</abbr> of its health!)</small><br></div><div class="battle-history"><small>Leafeon knocked off the opposing Misdreavus's Eviolite!</small><br></div><div class="spacer battle-history"><br></div><div class="battle-history">The opposing Misdreavus used <strong>Will-O-Wisp</strong>!<br></div><div class="battle-history"><small>Leafeon was burned!</small><br></div><div class="spacer battle-history"><br></div><div class="battle-history"><small>Leafeon was hurt by its burn!</small><br></div><div class="spacer battle-history"><br></div><h2 class="battle-history">Turn 13</h2><div class="spacer battle-history"><br></div><div class="battle-history">Leafeon used <strong>Knock Off</strong>!<br></div><div class="battle-history"><small>It's super effective!</small><br></div><div class="battle-history"><small>(The opposing Misdreavus lost <abbr title="−3/323">0.9%</abbr> of its health!)</small><br></div><div class="spacer battle-history"><br></div><div class="battle-history">The opposing Misdreavus fainted!<br></div><div class="spacer battle-history"><br></div><div class="battle-history"><small>Leafeon was hurt by its burn!</small><br></div><div class="spacer battle-history"><br></div><div class="battle-history">LucyBellNeedsGlory sent out <strong>Ninetales</strong>!<br></div><div class="spacer battle-history"><br></div><h2 class="battle-history">Turn 14</h2><div class="spacer battle-history"><br></div><div class="battle-history">The opposing Ninetales used <strong>Calm Mind</strong>!<br></div><div class="battle-history"><small>The opposing Ninetales's Special Attack rose!</small><br></div><div class="battle-history"><small>The opposing Ninetales's Special Defense rose!</small><br></div><div class="spacer battle-history"><br></div><div class="battle-history">Leafeon used <strong>Knock Off</strong>!<br></div><div class="battle-history"><small>(The opposing Ninetales lost <abbr title="−60/287">20.9%</abbr> of its health!)</small><br></div><div class="battle-history"><small>Leafeon knocked off the opposing Ninetales's Leftovers!</small><br></div><div class="spacer battle-history"><br></div><div class="battle-history"><small>Leafeon was hurt by its burn!</small><br></div><div class="spacer battle-history"><br></div><h2 class="battle-history">Turn 15</h2><div class="spacer battle-history"><br></div><div class="battle-history">The opposing Ninetales used <strong>Calm Mind</strong>!<br></div><div class="battle-history"><small>The opposing Ninetales's Special Attack rose!</small><br></div><div class="battle-history"><small>The opposing Ninetales's Special Defense rose!</small><br></div><div class="spacer battle-history"><br></div><div class="battle-history">Leafeon used <strong>Swords Dance</strong>!<br></div><div class="battle-history"><small>Leafeon's Attack rose sharply!</small><br></div><div class="spacer battle-history"><br></div><div class="battle-history"><small>Leafeon was hurt by its burn!</small><br></div><div class="spacer battle-history"><br></div><h2 class="battle-history">Turn 16</h2><div class="spacer battle-history"><br></div><div class="battle-history">The opposing Ninetales used <strong>Fire Blast</strong>!<br></div><div class="battle-history"><small>It's super effective!</small><br></div><div class="battle-history"><small>(Leafeon lost <abbr title="−106/271">39.1%</abbr> of its health!)</small><br></div><div class="spacer battle-history"><br></div><div class="battle-history">Leafeon fainted!<br></div><div class="spacer battle-history"><br></div><div class="battle-history">Go! <strong>Metang</strong>!<br></div><div class="battle-history"><small>Pointed stones dug into Metang!</small><br></div><div class="spacer battle-history"><br></div><h2 class="battle-history">Turn 17</h2><div class="spacer battle-history"><br></div><div class="battle-history">The opposing Ninetales used <strong>Fire Blast</strong>!<br></div><div class="battle-history"><small>It's super effective!</small><br></div><div class="battle-history"><small>(Metang lost <abbr title="−301/321">93.8%</abbr> of its health!)</small><br></div><div class="spacer battle-history"><br></div><div class="battle-history">Metang fainted!<br></div><div class="spacer battle-history"><br></div><div class="battle-history">Go! <strong>Arbok</strong>!<br></div><div class="battle-history"><small>Pointed stones dug into Arbok!</small><br></div><div class="battle-history"><small>[Arbok's Intimidate]</small><br></div><div class="battle-history"><small>The opposing Ninetales's Attack fell!</small><br></div><div class="spacer battle-history"><br></div><h2 class="battle-history">Turn 18</h2><div class="spacer battle-history"><br></div><div class="battle-history">The opposing Ninetales used <strong>Fire Blast</strong>!<br></div><div class="battle-history"><small>(Arbok lost <abbr title="−197/261">75.5%</abbr> of its health!)</small><br></div><div class="spacer battle-history"><br></div><div class="battle-history">Arbok fainted!<br></div><div class="spacer battle-history"><br></div><div class="battle-history">Go! <strong>Politoed</strong>!<br></div><div class="battle-history"><small>Pointed stones dug into Politoed!</small><br></div><div class="spacer battle-history"><br></div><h2 class="battle-history">Turn 19</h2><div class="chat chatmessage-slowbroth"><strong style="color:hsl(317,62%,48.816815154816716%)"><small>☆</small><span class="username" data-name="Slowbroth">Slowbroth</span>:</strong> <em>gg</em></div><div class="spacer battle-history"><br></div><div class="battle-history">The opposing Ninetales used <strong>Energy Ball</strong>!<br></div><div class="battle-history"><small>It's super effective!</small><br></div><div class="battle-history"><small>(Politoed lost <abbr title="−247/369">66.9%</abbr> of its health!)</small><br></div><div class="spacer battle-history"><br></div><div class="battle-history">Politoed fainted!<br></div><div class="spacer battle-history"><br></div><div class="battle-history"><strong>LucyBellNeedsGlory</strong> won the battle!<br></div><div class="chat"><small>Slowbroth left.</small></div></div><div class="inner-preempt"></div></div></div>
</div>
<script>
let daily = Math.floor(Date.now()/1000/60/60/24);document.write('<script src="https://play.pokemonshowdown.com/js/replay-embed.js?version'+daily+'"></'+'script>');
</script>
