<!DOCTYPE html>
<meta charset="utf-8" />
<!-- version 1 -->
<title>PU replay: CrAzYsTeVy vs. Taskr</title>
<style>
html,body {font-family:Verdana, sans-serif;font-size:10pt;margin:0;padding:0;}body{padding:12px 0;} .battle-log {font-family:Verdana, sans-serif;font-size:10pt;} .battle-log-inline {border:1px solid #AAAAAA;background:#EEF2F5;color:black;max-width:640px;margin:0 auto 80px;padding-bottom:5px;} .battle-log .inner {padding:4px 8px 0px 8px;} .battle-log .inner-preempt {padding:0 8px 4px 8px;} .battle-log .inner-after {margin-top:0.5em;} .battle-log h2 {margin:0.5em -8px;padding:4px 8px;border:1px solid #AAAAAA;background:#E0E7EA;border-left:0;border-right:0;font-family:Verdana, sans-serif;font-size:13pt;} .battle-log .chat {vertical-align:middle;padding:3px 0 3px 0;font-size:8pt;} .battle-log .chat strong {color:#40576A;} .battle-log .chat em {padding:1px 4px 1px 3px;color:#000000;font-style:normal;} .chat.mine {background:rgba(0,0,0,0.05);margin-left:-8px;margin-right:-8px;padding-left:8px;padding-right:8px;} .spoiler {color:#BBBBBB;background:#BBBBBB;padding:0px 3px;} .spoiler:hover, .spoiler:active, .spoiler-shown {color:#000000;background:#E2E2E2;padding:0px 3px;} .spoiler a {color:#BBBBBB;} .spoiler:hover a, .spoiler:active a, .spoiler-shown a {color:#2288CC;} .chat code, .chat .spoiler:hover code, .chat .spoiler:active code, .chat .spoiler-shown code {border:1px solid #C0C0C0;background:#EEEEEE;color:black;padding:0 2px;} .chat .spoiler code {border:1px solid #CCCCCC;background:#CCCCCC;color:#CCCCCC;} .battle-log .rated {padding:3px 4px;} .battle-log .rated strong {color:white;background:#89A;padding:1px 4px;border-radius:4px;} .spacer {margin-top:0.5em;} .message-announce {background:#6688AA;color:white;padding:1px 4px 2px;} .message-announce a, .broadcast-green a, .broadcast-blue a, .broadcast-red a {color:#DDEEFF;} .broadcast-green {background-color:#559955;color:white;padding:2px 4px;} .broadcast-blue {background-color:#6688AA;color:white;padding:2px 4px;} .infobox {border:1px solid #6688AA;padding:2px 4px;} .infobox-limited {max-height:200px;overflow:auto;overflow-x:hidden;} .broadcast-red {background-color:#AA5544;color:white;padding:2px 4px;} .message-learn-canlearn {font-weight:bold;color:#228822;text-decoration:underline;} .message-learn-cannotlearn {font-weight:bold;color:#CC2222;text-decoration:underline;} .message-effect-weak {font-weight:bold;color:#CC2222;} .message-effect-resist {font-weight:bold;color:#6688AA;} .message-effect-immune {font-weight:bold;color:#666666;} .message-learn-list {margin-top:0;margin-bottom:0;} .message-throttle-notice, .message-error {color:#992222;} .message-overflow, .chat small.message-overflow {font-size:0pt;} .message-overflow::before {font-size:9pt;content:'...';} .subtle {color:#3A4A66;}
</style>
<div class="wrapper replay-wrapper" style="max-width:1180px;margin:0 auto">
<input type="hidden" name="replayid" value="pu-566474158" />
<div class="battle"></div><div class="battle-log"></div><div class="replay-controls"></div><div class="replay-controls-2"></div>
<h1 style="font-weight:normal;text-align:center"><strong>PU</strong><br /><a href="http://pokemonshowdown.com/users/crazystevy" class="subtle" target="_blank">CrAzYsTeVy</a> vs. <a href="http://pokemonshowdown.com/users/taskr" class="subtle" target="_blank">Taskr</a></h1>
<script type="text/plain" class="battle-log-data">|j|CrAzYsTeVy
|j|Taskr
|player|p1|CrAzYsTeVy|126
|player|p2|Taskr|223
|gametype|singles
|gen|6
|tier|PU
|seed|22621,15413,35603,6399
|rule|Sleep Clause Mod: Limit one foe put to sleep
|rule|Species Clause: Limit one of each Pokémon
|rule|OHKO Clause: OHKO moves are banned
|rule|Moody Clause: Moody is banned
|rule|Evasion Moves Clause: Evasion moves are banned
|rule|Endless Battle Clause: Forcing endless battles is banned
|rule|HP Percentage Mod: HP is shown in percentages
|clearpoke
|poke|p1|Zebstrika, F|item
|poke|p1|Ninjask, F|item
|poke|p1|Vibrava, F|item
|poke|p1|Probopass, M|item
|poke|p1|Clefairy, F|item
|poke|p1|Golem, F|item
|poke|p2|Monferno, M|item
|poke|p2|Clefairy, M|item
|poke|p2|Jumpluff, F|
|poke|p2|Prinplup, F|item
|poke|p2|Golem, F|item
|poke|p2|Rotom-Frost|item
|rule|Swagger Clause: Swagger is banned
|rule|Baton Pass Clause: Limit one Baton Passer, can't pass Spe and other stats simultaneously
|teampreview
|j|No Plans
|j|MildlyOffended
|j|Exterminator God
|j|kay くコ彡
|c|☆Taskr|hf
|c|☆CrAzYsTeVy|hf
|j|Akir
|j|Namranan Improves?
|j|Slowbroth
|choice|team 3, team 2, team 1, team 4, team 5, team 6|team 5, team 2, team 3, team 4, team 1, team 6
|
|start
|switch|p1a: Vibrava|Vibrava, F|303\/303
|switch|p2a: Golem|Golem, F|301\/301
|turn|1
|c| Namranan Improves?|I feel like I am the only one who uses offensive golem
|l|Slowbroth
|choice|move earthquake|switch 3
|
|switch|p2a: Jumpluff|Jumpluff, F|291\/291
|move|p1a: Vibrava|Earthquake|p2a: Jumpluff
|-immune|p2a: Jumpluff|[msg]
|
|upkeep
|turn|2
|j|Pummeling
|choice|switch 3|move sleeppowder
|
|switch|p1a: Zebstrika|Zebstrika, F|291\/291
|move|p2a: Jumpluff|Sleep Powder|p1a: Zebstrika
|-status|p1a: Zebstrika|slp
|
|upkeep
|turn|3
|choice|switch 2|move uturn
|
|switch|p1a: Ninjask|Ninjask, F|263\/263
|move|p2a: Jumpluff|U-turn|p1a: Ninjask
|-resisted|p1a: Ninjask
|-damage|p1a: Ninjask|218\/263
|choice||switch 2
|
|switch|p2a: Clefairy|Clefairy, M|344\/344
|
|upkeep
|turn|4
|choice|move uturn|move stealthrock
|
|move|p1a: Ninjask|U-turn|p2a: Clefairy
|-resisted|p2a: Clefairy
|-damage|p2a: Clefairy|255\/344
|choice|switch 4|
|
|switch|p1a: Probopass|Probopass, M|292\/292
|-item|p1a: Probopass|Air Balloon
|move|p2a: Clefairy|Stealth Rock|p1a: Probopass
|-sidestart|p1: CrAzYsTeVy|move: Stealth Rock
|
|upkeep
|turn|5
|choice|move stealthrock|move softboiled
|
|move|p1a: Probopass|Stealth Rock|p2a: Clefairy
|-sidestart|p2: Taskr|move: Stealth Rock
|move|p2a: Clefairy|Soft-Boiled|p2a: Clefairy
|-heal|p2a: Clefairy|344\/344
|
|upkeep
|turn|6
|choice|move flashcannon|switch 5
|
|switch|p2a: Monferno|Monferno, M|269\/269
|-damage|p2a: Monferno|236\/269|[from] Stealth Rock
|move|p1a: Probopass|Flash Cannon|p2a: Monferno
|-resisted|p2a: Monferno
|-damage|p2a: Monferno|146\/269
|
|upkeep
|turn|7
|choice|switch 3|move closecombat
|
|switch|p1a: Vibrava|Vibrava, F|303\/303
|-damage|p1a: Vibrava|285\/303|[from] Stealth Rock
|move|p2a: Monferno|Close Combat|p1a: Vibrava
|-damage|p1a: Vibrava|139\/303
|-unboost|p2a: Monferno|def|1
|-unboost|p2a: Monferno|spd|1
|-damage|p2a: Monferno|120\/269|[from] item: Life Orb
|
|upkeep
|turn|8
|j|Slowbroth
|choice|switch 5|move closecombat
|
|switch|p1a: Clefairy|Clefairy, F|344\/344
|move|p2a: Monferno|Close Combat|p1a: Clefairy
|-resisted|p1a: Clefairy
|-damage|p1a: Clefairy|219\/344
|-unboost|p2a: Monferno|def|1
|-unboost|p2a: Monferno|spd|1
|-damage|p2a: Monferno|94\/269|[from] item: Life Orb
|
|upkeep
|turn|9
|choice|switch 6|move flareblitz
|
|switch|p1a: Golem|Golem, F|301\/301
|-damage|p1a: Golem|283\/301|[from] Stealth Rock
|move|p2a: Monferno|Flare Blitz|p1a: Golem
|-resisted|p1a: Golem
|-damage|p1a: Golem|201\/301
|-damage|p2a: Monferno|67\/269|[from] recoil|[of] p1a: Golem
|-damage|p2a: Monferno|41\/269|[from] item: Life Orb
|
|upkeep
|turn|10
|choice|move suckerpunch|switch 4
|
|switch|p2a: Prinplup|Prinplup, F|331\/331
|-damage|p2a: Prinplup|290\/331|[from] Stealth Rock
|move|p1a: Golem|Sucker Punch|p2a: Prinplup|[still]
|-fail|p1a: Golem
|
|upkeep
|turn|11
|choice|switch 6|switch 3
|
|switch|p1a: Clefairy|Clefairy, F|219\/344
|switch|p2a: Golem|Golem, F|301\/301
|-damage|p2a: Golem|283\/301|[from] Stealth Rock
|
|upkeep
|turn|12
|choice|switch 6|move stoneedge
|
|switch|p1a: Golem|Golem, F|201\/301
|-damage|p1a: Golem|183\/301|[from] Stealth Rock
|move|p2a: Golem|Stone Edge|p1a: Golem
|-resisted|p1a: Golem
|-damage|p1a: Golem|77\/301
|
|upkeep
|turn|13
|choice|move earthquake|switch 2
|
|switch|p2a: Jumpluff|Jumpluff, F|291\/291
|-damage|p2a: Jumpluff|219\/291|[from] Stealth Rock
|move|p1a: Golem|Earthquake|p2a: Jumpluff
|-immune|p2a: Jumpluff|[msg]
|
|upkeep
|turn|14
|choice|move earthquake|move seedbomb
|
|move|p2a: Jumpluff|Seed Bomb|p1a: Golem
|-supereffective|p1a: Golem
|-damage|p1a: Golem|0 fnt
|faint|p1a: Golem
|
|upkeep
|choice|switch 4|
|
|switch|p1a: Ninjask|Ninjask, F|218\/263
|-damage|p1a: Ninjask|87\/263|[from] Stealth Rock
|turn|15
|l|Akir
|choice|move xscissor|switch 6
|
|switch|p2a: Rotom|Rotom-Frost|241\/241
|-damage|p2a: Rotom|181\/241|[from] Stealth Rock
|move|p1a: Ninjask|X-Scissor|p2a: Rotom
|-damage|p2a: Rotom|36\/241
|
|upkeep
|turn|16
|choice|move xscissor|move blizzard
|
|move|p1a: Ninjask|X-Scissor|p2a: Rotom
|-damage|p2a: Rotom|0 fnt
|faint|p2a: Rotom
|
|upkeep
|choice||switch 2
|
|switch|p2a: Golem|Golem, F|283\/301
|-damage|p2a: Golem|265\/301|[from] Stealth Rock
|turn|17
|j|reverse aim
|choice|move xscissor|move stoneedge
|
|move|p1a: Ninjask|X-Scissor|p2a: Golem
|-damage|p2a: Golem|141\/301
|move|p2a: Golem|Stone Edge|p1a: Ninjask
|-supereffective|p1a: Ninjask
|-damage|p1a: Ninjask|0 fnt
|faint|p1a: Ninjask
|
|upkeep
|choice|switch 5|
|
|switch|p1a: Vibrava|Vibrava, F|139\/303
|-damage|p1a: Vibrava|121\/303|[from] Stealth Rock
|turn|18
|l|kay くコ彡
|choice|move roost|move stoneedge
|
|move|p2a: Golem|Stone Edge|p1a: Vibrava
|-resisted|p1a: Vibrava
|-damage|p1a: Vibrava|21\/303
|move|p1a: Vibrava|Roost|p1a: Vibrava
|-heal|p1a: Vibrava|173\/303
|
|upkeep
|turn|19
|choice|move roost|switch 3
|
|switch|p2a: Prinplup|Prinplup, F|290\/331
|-damage|p2a: Prinplup|249\/331|[from] Stealth Rock
|move|p1a: Vibrava|Roost|p1a: Vibrava
|-heal|p1a: Vibrava|303\/303
|
|upkeep
|turn|20
|choice|move uturn|move defog
|
|move|p1a: Vibrava|U-turn|p2a: Prinplup
|-damage|p2a: Prinplup|224\/331
|choice|switch 6|
|
|switch|p1a: Clefairy|Clefairy, F|219\/344
|move|p2a: Prinplup|Defog|p1a: Clefairy
|-unboost|p1a: Clefairy|evasion|1
|-sideend|p1: CrAzYsTeVy|Stealth Rock|[from] move: Defog|[of] p1a: Clefairy
|-sideend|p2: Taskr|Stealth Rock|[from] move: Defog|[of] p2a: Prinplup
|
|upkeep
|turn|21
|choice|switch 2|switch 5
|
|switch|p2a: Clefairy|Clefairy, M|344\/344
|switch|p1a: Zebstrika|Zebstrika, F|291\/291 slp
|
|upkeep
|turn|22
|choice|switch 3|move stealthrock
|
|switch|p1a: Probopass|Probopass, M|292\/292
|-item|p1a: Probopass|Air Balloon
|move|p2a: Clefairy|Stealth Rock|p1a: Probopass
|-sidestart|p1: CrAzYsTeVy|move: Stealth Rock
|
|upkeep
|turn|23
|choice|move earthpower|move seismictoss
|
|move|p1a: Probopass|Earth Power|p2a: Clefairy
|-damage|p2a: Clefairy|296\/344
|move|p2a: Clefairy|Seismic Toss|p1a: Probopass
|-damage|p1a: Probopass|192\/292
|-enditem|p1a: Probopass|Air Balloon
|
|upkeep
|turn|24
|choice|move stealthrock|move seismictoss
|
|move|p1a: Probopass|Stealth Rock|p2a: Clefairy
|-sidestart|p2: Taskr|move: Stealth Rock
|move|p2a: Clefairy|Seismic Toss|p1a: Probopass
|-damage|p1a: Probopass|92\/292
|
|upkeep
|turn|25
|choice|move voltswitch|move seismictoss
|
|move|p1a: Probopass|Volt Switch|p2a: Clefairy
|-damage|p2a: Clefairy|256\/344
|choice|switch 2|
|
|switch|p1a: Clefairy|Clefairy, F|219\/344
|move|p2a: Clefairy|Seismic Toss|p1a: Clefairy
|-damage|p1a: Clefairy|119\/344
|
|upkeep
|turn|26
|choice|move softboiled|switch 3
|
|switch|p2a: Golem|Golem, F|141\/301
|-damage|p2a: Golem|123\/301|[from] Stealth Rock
|move|p1a: Clefairy|Soft-Boiled|p1a: Clefairy
|-heal|p1a: Clefairy|291\/344
|
|upkeep
|turn|27
|l|Namranan
|choice|switch 6|switch 5
|
|switch|p2a: Prinplup|Prinplup, F|224\/331
|-damage|p2a: Prinplup|183\/331|[from] Stealth Rock
|switch|p1a: Vibrava|Vibrava, F|303\/303
|-damage|p1a: Vibrava|285\/303|[from] Stealth Rock
|
|upkeep
|turn|28
|choice|move uturn|move defog
|
|move|p1a: Vibrava|U-turn|p2a: Prinplup
|-damage|p2a: Prinplup|160\/331
|choice|switch 3|
|
|switch|p1a: Zebstrika|Zebstrika, F|291\/291 slp
|-damage|p1a: Zebstrika|255\/291 slp|[from] Stealth Rock
|move|p2a: Prinplup|Defog|p1a: Zebstrika
|-unboost|p1a: Zebstrika|evasion|1
|-sideend|p1: CrAzYsTeVy|Stealth Rock|[from] move: Defog|[of] p1a: Zebstrika
|-sideend|p2: Taskr|Stealth Rock|[from] move: Defog|[of] p2a: Prinplup
|
|upkeep
|turn|29
|choice|switch 6|switch 3
|
|switch|p1a: Clefairy|Clefairy, F|291\/344
|switch|p2a: Clefairy|Clefairy, M|256\/344
|
|upkeep
|turn|30
|choice|move knockoff|move seismictoss
|
|move|p2a: Clefairy|Seismic Toss|p1a: Clefairy
|-damage|p1a: Clefairy|191\/344
|move|p1a: Clefairy|Knock Off|p2a: Clefairy
|-resisted|p2a: Clefairy
|-damage|p2a: Clefairy|233\/344
|-enditem|p2a: Clefairy|Eviolite|[from] move: Knock Off|[of] p1a: Clefairy
|
|upkeep
|turn|31
|choice|switch 2|switch 4
|
|switch|p2a: Monferno|Monferno, M|41\/269
|switch|p1a: Probopass|Probopass, M|92\/292
|
|upkeep
|turn|32
|choice|switch 3|move closecombat
|
|switch|p1a: Vibrava|Vibrava, F|285\/303
|move|p2a: Monferno|Close Combat|p1a: Vibrava
|-damage|p1a: Vibrava|133\/303
|-unboost|p2a: Monferno|def|1
|-unboost|p2a: Monferno|spd|1
|-damage|p2a: Monferno|15\/269|[from] item: Life Orb
|
|upkeep
|turn|33
|choice|switch 2|move closecombat
|
|switch|p1a: Clefairy|Clefairy, F|191\/344
|move|p2a: Monferno|Close Combat|p1a: Clefairy
|-resisted|p1a: Clefairy
|-damage|p1a: Clefairy|57\/344
|-unboost|p2a: Monferno|def|1
|-unboost|p2a: Monferno|spd|1
|-damage|p2a: Monferno|0 fnt|[from] item: Life Orb
|faint|p2a: Monferno
|
|upkeep
|choice||switch 6
|
|switch|p2a: Jumpluff|Jumpluff, F|219\/291
|turn|34
|choice|move healingwish|move acrobatics
|
|move|p2a: Jumpluff|Acrobatics|p1a: Clefairy
|-damage|p1a: Clefairy|0 fnt
|faint|p1a: Clefairy
|
|upkeep
|choice|switch 6|
|
|switch|p1a: Zebstrika|Zebstrika, F|255\/291 slp
|turn|35
|l|Pummeling
|l|Exterminator God
|choice|move thunderbolt|move seedbomb
|
|cant|p1a: Zebstrika|slp
|move|p2a: Jumpluff|Seed Bomb|p1a: Zebstrika
|-damage|p1a: Zebstrika|122\/291 slp
|
|upkeep
|turn|36
|choice|move hiddenpower|switch 4
|
|switch|p2a: Clefairy|Clefairy, M|233\/344
|cant|p1a: Zebstrika|slp
|
|upkeep
|turn|37
|choice|move voltswitch|move seismictoss
|
|-curestatus|p1a: Zebstrika|slp|[msg]
|move|p1a: Zebstrika|Volt Switch|p2a: Clefairy
|-damage|p2a: Clefairy|115\/344
|-damage|p1a: Zebstrika|93\/291|[from] item: Life Orb
|choice|switch 3|
|
|switch|p1a: Probopass|Probopass, M|92\/292
|move|p2a: Clefairy|Seismic Toss|p1a: Probopass
|-damage|p1a: Probopass|0 fnt
|faint|p1a: Probopass
|
|upkeep
|choice|switch 3|
|
|switch|p1a: Zebstrika|Zebstrika, F|93\/291
|turn|38
|choice|move thunderbolt|move seismictoss
|
|move|p1a: Zebstrika|Thunderbolt|p2a: Clefairy
|-damage|p2a: Clefairy|0 fnt
|-damage|p1a: Zebstrika|64\/291|[from] item: Life Orb
|faint|p2a: Clefairy
|
|upkeep
|choice||switch 5
|
|switch|p2a: Golem|Golem, F|123\/301
|turn|39
|choice|move hiddenpower|switch 3
|
|switch|p2a: Prinplup|Prinplup, F|160\/331
|move|p1a: Zebstrika|Hidden Power|p2a: Prinplup
|-resisted|p2a: Prinplup
|-damage|p2a: Prinplup|130\/331
|-damage|p1a: Zebstrika|35\/291|[from] item: Life Orb
|
|upkeep
|turn|40
|choice|move thunderbolt|switch 3
|
|switch|p2a: Golem|Golem, F|123\/301
|move|p1a: Zebstrika|Thunderbolt|p2a: Golem
|-immune|p2a: Golem|[msg]
|
|upkeep
|turn|41
|choice|move hiddenpower|move stoneedge
|
|move|p1a: Zebstrika|Hidden Power|p2a: Golem
|-supereffective|p2a: Golem
|-damage|p2a: Golem|0 fnt
|-damage|p1a: Zebstrika|6\/291|[from] item: Life Orb
|faint|p2a: Golem
|
|upkeep
|choice||switch 3
|
|switch|p2a: Prinplup|Prinplup, F|130\/331
|turn|42
|choice|move thunderbolt|move toxic
|
|move|p1a: Zebstrika|Thunderbolt|p2a: Prinplup
|-supereffective|p2a: Prinplup
|-damage|p2a: Prinplup|0 fnt
|-damage|p1a: Zebstrika|0 fnt|[from] item: Life Orb
|faint|p2a: Prinplup
|faint|p1a: Zebstrika
|
|upkeep
|choice|switch 2|switch 4
|
|switch|p2a: Jumpluff|Jumpluff, F|219\/291
|switch|p1a: Vibrava|Vibrava, F|133\/303
|turn|43
|choice|move roost|move sleeppowder
|
|move|p2a: Jumpluff|Sleep Powder|p1a: Vibrava
|-status|p1a: Vibrava|slp
|cant|p1a: Vibrava|slp
|
|upkeep
|turn|44
|choice|move roost|move acrobatics
|
|move|p2a: Jumpluff|Acrobatics|p1a: Vibrava
|-damage|p1a: Vibrava|45\/303 slp
|-curestatus|p1a: Vibrava|slp|[msg]
|move|p1a: Vibrava|Roost|p1a: Vibrava
|-heal|p1a: Vibrava|197\/303
|
|upkeep
|turn|45
|choice|move roost|move sleeppowder
|
|move|p2a: Jumpluff|Sleep Powder|p1a: Vibrava
|-status|p1a: Vibrava|slp
|cant|p1a: Vibrava|slp
|
|upkeep
|turn|46
|choice|move roost|move acrobatics
|
|move|p2a: Jumpluff|Acrobatics|p1a: Vibrava
|-damage|p1a: Vibrava|115\/303 slp
|-curestatus|p1a: Vibrava|slp|[msg]
|move|p1a: Vibrava|Roost|p1a: Vibrava
|-heal|p1a: Vibrava|267\/303
|
|upkeep
|turn|47
|choice|move uturn|move sleeppowder
|
|move|p2a: Jumpluff|Sleep Powder|p1a: Vibrava
|-status|p1a: Vibrava|slp
|cant|p1a: Vibrava|slp
|
|upkeep
|turn|48
|choice|move roost|move acrobatics
|
|move|p2a: Jumpluff|Acrobatics|p1a: Vibrava
|-damage|p1a: Vibrava|182\/303 slp
|cant|p1a: Vibrava|slp
|
|upkeep
|turn|49
|choice|move roost|move acrobatics
|
|move|p2a: Jumpluff|Acrobatics|p1a: Vibrava
|-damage|p1a: Vibrava|103\/303 slp
|cant|p1a: Vibrava|slp
|
|upkeep
|turn|50
|choice|move roost|move acrobatics
|
|move|p2a: Jumpluff|Acrobatics|p1a: Vibrava
|-damage|p1a: Vibrava|15\/303 slp
|-curestatus|p1a: Vibrava|slp|[msg]
|move|p1a: Vibrava|Roost|p1a: Vibrava
|-heal|p1a: Vibrava|167\/303
|
|upkeep
|turn|51
|choice|move roost|move sleeppowder
|
|move|p2a: Jumpluff|Sleep Powder|p1a: Vibrava
|-status|p1a: Vibrava|slp
|cant|p1a: Vibrava|slp
|
|upkeep
|turn|52
|choice|move roost|move acrobatics
|
|move|p2a: Jumpluff|Acrobatics|p1a: Vibrava
|-damage|p1a: Vibrava|91\/303 slp
|-curestatus|p1a: Vibrava|slp|[msg]
|move|p1a: Vibrava|Roost|p1a: Vibrava
|-heal|p1a: Vibrava|243\/303
|
|upkeep
|turn|53
|choice|move uturn|move sleeppowder
|
|move|p2a: Jumpluff|Sleep Powder|p1a: Vibrava
|-status|p1a: Vibrava|slp
|cant|p1a: Vibrava|slp
|
|upkeep
|turn|54
|choice|move roost|move acrobatics
|
|move|p2a: Jumpluff|Acrobatics|p1a: Vibrava
|-damage|p1a: Vibrava|155\/303 slp
|cant|p1a: Vibrava|slp
|
|upkeep
|turn|55
|choice|move roost|move acrobatics
|
|move|p2a: Jumpluff|Acrobatics|p1a: Vibrava
|-crit|p1a: Vibrava
|-damage|p1a: Vibrava|35\/303 slp
|cant|p1a: Vibrava|slp
|
|upkeep
|turn|56
|choice|move roost|move acrobatics
|
|move|p2a: Jumpluff|Acrobatics|p1a: Vibrava
|-damage|p1a: Vibrava|0 fnt
|faint|p1a: Vibrava
|
|win|Taskr
|c|☆CrAzYsTeVy|gg
|c|☆Taskr|gg
|l|Slowbroth
|l|MildlyOffended
|l|reverse aim
|l|Taskr
|l|No Plans</script>
</div>
<div class="battle-log battle-log-inline"><div class="inner"><div class="battle-options"></div><div class="inner"><div class="chat"><small>CrAzYsTeVy joined.</small></div><div class="chat"><small>Taskr joined.</small></div><div class=""><small>Format:</small> <br><strong>PU</strong></div><div class=""><small><em>Sleep Clause Mod:</em> Limit one foe put to sleep</small></div><div class=""><small><em>Species Clause:</em> Limit one of each Pokémon</small></div><div class=""><small><em>OHKO Clause:</em> OHKO moves are banned</small></div><div class=""><small><em>Moody Clause:</em> Moody is banned</small></div><div class=""><small><em>Evasion Moves Clause:</em> Evasion moves are banned</small></div><div class=""><small><em>Endless Battle Clause:</em> Forcing endless battles is banned</small></div><div class=""><small><em>HP Percentage Mod:</em> HP is shown in percentages</small></div><div class=""><small><em>Swagger Clause:</em> Swagger is banned</small></div><div class=""><small><em>Baton Pass Clause:</em> Limit one Baton Passer, can't pass Spe and other stats simultaneously</small></div><div class="chat battle-history"><strong>CrAzYsTeVy's team:</strong> <em style="color:#445566;display:block;">Zebstrika / Ninjask / Vibrava / Probopass / Clefairy / Golem</em></div><div class="chat battle-history"><strong>Taskr's team:</strong> <em style="color:#445566;display:block;">Monferno / Clefairy / Jumpluff / Prinplup / Golem / Rotom-Frost</em></div><div class="chat"><small>No Plans joined.</small></div><div class="chat"><small>MildlyOffended joined.</small></div><div class="chat"><small>Exterminator God joined.</small></div><div class="chat"><small>kay くコ彡 joined.</small></div><div class="chat chatmessage-taskr"><strong style="color:hsl(245,67%,63.87397679507551%)"><small>☆</small><span class="username" data-name="Taskr">Taskr</span>:</strong> <em>hf</em></div><div class="chat chatmessage-crazystevy"><strong style="color:hsl(155,63%,40.12542104423551%)"><small>☆</small><span class="username" data-name="CrAzYsTeVy">CrAzYsTeVy</span>:</strong> <em>hf</em></div><div class="chat"><small>Akir joined.</small></div><div class="chat"><small>Namranan Improves? joined.</small></div><div class="chat"><small>Slowbroth joined.</small></div><div class="spacer battle-history"><br></div><div class="battle-history">Battle started between CrAzYsTeVy and Taskr!<br></div><div class="spacer battle-history"><br></div><div class="battle-history">Go! <strong>Vibrava</strong>!<br></div><div class="spacer battle-history"><br></div><div class="battle-history">Taskr sent out <strong>Golem</strong>!<br></div><div class="spacer battle-history"><br></div><h2 class="battle-history">Turn 1</h2><div class="chat chatmessage-namrananimproves"><strong style="color:hsl(94,64%,34%)"><small> </small><span class="username" data-name="Namranan Improves?">Namranan Improves?</span>:</strong> <em>I feel like I am the only one who uses offensive golem</em></div><div class="chat"><small>Slowbroth left.</small></div><div class="spacer battle-history"><br></div><div class="battle-history">Taskr withdrew Golem!<br></div><div class="battle-history">Taskr sent out <strong>Jumpluff</strong>!<br></div><div class="spacer battle-history"><br></div><div class="battle-history">Vibrava used <strong>Earthquake</strong>!<br></div><div class="battle-history"><small>It doesn't affect the opposing Jumpluff...</small><br></div><div class="spacer battle-history"><br></div><h2 class="battle-history">Turn 2</h2><div class="chat"><small>Pummeling joined.</small></div><div class="spacer battle-history"><br></div><div class="battle-history">Vibrava, come back!<br></div><div class="battle-history">Go! <strong>Zebstrika</strong>!<br></div><div class="spacer battle-history"><br></div><div class="battle-history">The opposing Jumpluff used <strong>Sleep Powder</strong>!<br></div><div class="battle-history"><small>Zebstrika fell asleep!</small><br></div><div class="spacer battle-history"><br></div><h2 class="battle-history">Turn 3</h2><div class="spacer battle-history"><br></div><div class="battle-history">Zebstrika, come back!<br></div><div class="battle-history">Go! <strong>Ninjask</strong>!<br></div><div class="spacer battle-history"><br></div><div class="battle-history">The opposing Jumpluff used <strong>U-turn</strong>!<br></div><div class="battle-history"><small>It's not very effective...</small><br></div><div class="battle-history"><small>(Ninjask lost <abbr title="−45/263">17.1%</abbr> of its health!)</small><br></div><div class="spacer battle-history"><br></div><div class="battle-history">The opposing Jumpluff went back to Taskr!<br></div><div class="battle-history">Taskr sent out <strong>Clefairy</strong>!<br></div><div class="spacer battle-history"><br></div><h2 class="battle-history">Turn 4</h2><div class="spacer battle-history"><br></div><div class="battle-history">Ninjask used <strong>U-turn</strong>!<br></div><div class="battle-history"><small>It's not very effective...</small><br></div><div class="battle-history"><small>(The opposing Clefairy lost <abbr title="−89/344">25.9%</abbr> of its health!)</small><br></div><div class="spacer battle-history"><br></div><div class="battle-history">Ninjask went back to CrAzYsTeVy!<br></div><div class="battle-history">Go! <strong>Probopass</strong>!<br></div><div class="battle-history"><small>Probopass floats in the air with its Air Balloon!</small><br></div><div class="spacer battle-history"><br></div><div class="battle-history">The opposing Clefairy used <strong>Stealth Rock</strong>!<br></div><div class="battle-history"><small>Pointed stones float in the air around your team!</small><br></div><div class="spacer battle-history"><br></div><h2 class="battle-history">Turn 5</h2><div class="spacer battle-history"><br></div><div class="battle-history">Probopass used <strong>Stealth Rock</strong>!<br></div><div class="battle-history"><small>Pointed stones float in the air around the opposing team!</small><br></div><div class="spacer battle-history"><br></div><div class="battle-history">The opposing Clefairy used <strong>Soft-Boiled</strong>!<br></div><div class="battle-history"><small>The opposing Clefairy restored its HP.</small><br></div><div class="spacer battle-history"><br></div><h2 class="battle-history">Turn 6</h2><div class="spacer battle-history"><br></div><div class="battle-history">Taskr withdrew Clefairy!<br></div><div class="battle-history">Taskr sent out <strong>Monferno</strong>!<br></div><div class="battle-history"><small>Pointed stones dug into the opposing Monferno!</small><br></div><div class="spacer battle-history"><br></div><div class="battle-history">Probopass used <strong>Flash Cannon</strong>!<br></div><div class="battle-history"><small>It's not very effective...</small><br></div><div class="battle-history"><small>(The opposing Monferno lost <abbr title="−90/269">33.5%</abbr> of its health!)</small><br></div><div class="spacer battle-history"><br></div><h2 class="battle-history">Turn 7</h2><div class="spacer battle-history"><br></div><div class="battle-history">Probopass, come back!<br></div><div class="battle-history">Go! <strong>Vibrava</strong>!<br></div><div class="battle-history"><small>Pointed stones dug into Vibrava!</small><br></div><div class="spacer battle-history"><br></div><div class="battle-history">The opposing Monferno used <strong>Close Combat</strong>!<br></div><div class="battle-history"><small>(Vibrava lost <abbr title="−146/303">48.2%</abbr> of its health!)</small><br></div><div class="battle-history"><small>The opposing Monferno's Defense fell!</small><br></div><div class="battle-history"><small>The opposing Monferno's Special Defense fell!</small><br></div><div class="battle-history"><small>The opposing Monferno lost some of its HP!</small><br></div><div class="spacer battle-history"><br></div><h2 class="battle-history">Turn 8</h2><div class="chat"><small>Slowbroth joined.</small></div><div class="spacer battle-history"><br></div><div class="battle-history">Vibrava, come back!<br></div><div class="battle-history">Go! <strong>Clefairy</strong>!<br></div><div class="spacer battle-history"><br></div><div class="battle-history">The opposing Monferno used <strong>Close Combat</strong>!<br></div><div class="battle-history"><small>It's not very effective...</small><br></div><div class="battle-history"><small>(Clefairy lost <abbr title="−125/344">36.3%</abbr> of its health!)</small><br></div><div class="battle-history"><small>The opposing Monferno's Defense fell!</small><br></div><div class="battle-history"><small>The opposing Monferno's Special Defense fell!</small><br></div><div class="battle-history"><small>The opposing Monferno lost some of its HP!</small><br></div><div class="spacer battle-history"><br></div><h2 class="battle-history">Turn 9</h2><div class="spacer battle-history"><br></div><div class="battle-history">Clefairy, come back!<br></div><div class="battle-history">Go! <strong>Golem</strong>!<br></div><div class="battle-history"><small>Pointed stones dug into Golem!</small><br></div><div class="spacer battle-history"><br></div><div class="battle-history">The opposing Monferno used <strong>Flare Blitz</strong>!<br></div><div class="battle-history"><small>It's not very effective...</small><br></div><div class="battle-history"><small>(Golem lost <abbr title="−82/301">27.2%</abbr> of its health!)</small><br></div><div class="battle-history"><small>The opposing Monferno is damaged by the recoil!</small><br></div><div class="battle-history"><small>The opposing Monferno lost some of its HP!</small><br></div><div class="spacer battle-history"><br></div><h2 class="battle-history">Turn 10</h2><div class="spacer battle-history"><br></div><div class="battle-history">Taskr withdrew Monferno!<br></div><div class="battle-history">Taskr sent out <strong>Prinplup</strong>!<br></div><div class="battle-history"><small>Pointed stones dug into the opposing Prinplup!</small><br></div><div class="spacer battle-history"><br></div><div class="battle-history">Golem used <strong>Sucker Punch</strong>!<br></div><div class="battle-history"><small>But it failed!</small><br></div><div class="spacer battle-history"><br></div><h2 class="battle-history">Turn 11</h2><div class="spacer battle-history"><br></div><div class="battle-history">Golem, come back!<br></div><div class="battle-history">Go! <strong>Clefairy</strong>!<br></div><div class="spacer battle-history"><br></div><div class="battle-history">Taskr withdrew Prinplup!<br></div><div class="battle-history">Taskr sent out <strong>Golem</strong>!<br></div><div class="battle-history"><small>Pointed stones dug into the opposing Golem!</small><br></div><div class="spacer battle-history"><br></div><h2 class="battle-history">Turn 12</h2><div class="spacer battle-history"><br></div><div class="battle-history">Clefairy, come back!<br></div><div class="battle-history">Go! <strong>Golem</strong>!<br></div><div class="battle-history"><small>Pointed stones dug into Golem!</small><br></div><div class="spacer battle-history"><br></div><div class="battle-history">The opposing Golem used <strong>Stone Edge</strong>!<br></div><div class="battle-history"><small>It's not very effective...</small><br></div><div class="battle-history"><small>(Golem lost <abbr title="−106/301">35.2%</abbr> of its health!)</small><br></div><div class="spacer battle-history"><br></div><h2 class="battle-history">Turn 13</h2><div class="spacer battle-history"><br></div><div class="battle-history">Taskr withdrew Golem!<br></div><div class="battle-history">Taskr sent out <strong>Jumpluff</strong>!<br></div><div class="battle-history"><small>Pointed stones dug into the opposing Jumpluff!</small><br></div><div class="spacer battle-history"><br></div><div class="battle-history">Golem used <strong>Earthquake</strong>!<br></div><div class="battle-history"><small>It doesn't affect the opposing Jumpluff...</small><br></div><div class="spacer battle-history"><br></div><h2 class="battle-history">Turn 14</h2><div class="spacer battle-history"><br></div><div class="battle-history">The opposing Jumpluff used <strong>Seed Bomb</strong>!<br></div><div class="battle-history"><small>It's super effective!</small><br></div><div class="battle-history"><small>(Golem lost <abbr title="−77/301">25.6%</abbr> of its health!)</small><br></div><div class="spacer battle-history"><br></div><div class="battle-history">Golem fainted!<br></div><div class="spacer battle-history"><br></div><div class="battle-history">Go! <strong>Ninjask</strong>!<br></div><div class="battle-history"><small>Pointed stones dug into Ninjask!</small><br></div><div class="spacer battle-history"><br></div><h2 class="battle-history">Turn 15</h2><div class="chat"><small>Akir left.</small></div><div class="spacer battle-history"><br></div><div class="battle-history">Taskr withdrew Jumpluff!<br></div><div class="battle-history">Taskr sent out Rotom (<strong>Rotom-Frost</strong>)!<br></div><div class="battle-history"><small>Pointed stones dug into the opposing Rotom!</small><br></div><div class="spacer battle-history"><br></div><div class="battle-history">Ninjask used <strong>X-Scissor</strong>!<br></div><div class="battle-history"><small>(The opposing Rotom lost <abbr title="−145/241">60.2%</abbr> of its health!)</small><br></div><div class="spacer battle-history"><br></div><h2 class="battle-history">Turn 16</h2><div class="spacer battle-history"><br></div><div class="battle-history">Ninjask used <strong>X-Scissor</strong>!<br></div><div class="battle-history"><small>(The opposing Rotom lost <abbr title="−36/241">14.9%</abbr> of its health!)</small><br></div><div class="spacer battle-history"><br></div><div class="battle-history">The opposing Rotom fainted!<br></div><div class="spacer battle-history"><br></div><div class="battle-history">Taskr sent out <strong>Golem</strong>!<br></div><div class="battle-history"><small>Pointed stones dug into the opposing Golem!</small><br></div><div class="spacer battle-history"><br></div><h2 class="battle-history">Turn 17</h2><div class="chat"><small>reverse aim joined.</small></div><div class="spacer battle-history"><br></div><div class="battle-history">Ninjask used <strong>X-Scissor</strong>!<br></div><div class="battle-history"><small>(The opposing Golem lost <abbr title="−124/301">41.2%</abbr> of its health!)</small><br></div><div class="spacer battle-history"><br></div><div class="battle-history">The opposing Golem used <strong>Stone Edge</strong>!<br></div><div class="battle-history"><small>It's super effective!</small><br></div><div class="battle-history"><small>(Ninjask lost <abbr title="−87/263">33.1%</abbr> of its health!)</small><br></div><div class="spacer battle-history"><br></div><div class="battle-history">Ninjask fainted!<br></div><div class="spacer battle-history"><br></div><div class="battle-history">Go! <strong>Vibrava</strong>!<br></div><div class="battle-history"><small>Pointed stones dug into Vibrava!</small><br></div><div class="spacer battle-history"><br></div><h2 class="battle-history">Turn 18</h2><div class="chat"><small>kay くコ彡 left.</small></div><div class="spacer battle-history"><br></div><div class="battle-history">The opposing Golem used <strong>Stone Edge</strong>!<br></div><div class="battle-history"><small>It's not very effective...</small><br></div><div class="battle-history"><small>(Vibrava lost <abbr title="−100/303">33.0%</abbr> of its health!)</small><br></div><div class="spacer battle-history"><br></div><div class="battle-history">Vibrava used <strong>Roost</strong>!<br></div><div class="battle-history"><small>Vibrava restored its HP.</small><br></div><div class="spacer battle-history"><br></div><h2 class="battle-history">Turn 19</h2><div class="spacer battle-history"><br></div><div class="battle-history">Taskr withdrew Golem!<br></div><div class="battle-history">Taskr sent out <strong>Prinplup</strong>!<br></div><div class="battle-history"><small>Pointed stones dug into the opposing Prinplup!</small><br></div><div class="spacer battle-history"><br></div><div class="battle-history">Vibrava used <strong>Roost</strong>!<br></div><div class="battle-history"><small>Vibrava restored its HP.</small><br></div><div class="spacer battle-history"><br></div><h2 class="battle-history">Turn 20</h2><div class="spacer battle-history"><br></div><div class="battle-history">Vibrava used <strong>U-turn</strong>!<br></div><div class="battle-history"><small>(The opposing Prinplup lost <abbr title="−25/331">7.6%</abbr> of its health!)</small><br></div><div class="spacer battle-history"><br></div><div class="battle-history">Vibrava went back to CrAzYsTeVy!<br></div><div class="battle-history">Go! <strong>Clefairy</strong>!<br></div><div class="spacer battle-history"><br></div><div class="battle-history">The opposing Prinplup used <strong>Defog</strong>!<br></div><div class="battle-history"><small>Clefairy's evasiveness fell!</small><br></div><div class="battle-history"><small>The pointed stones disappeared from around your team!</small><br></div><div class="battle-history"><small>The pointed stones disappeared from around the opposing team!</small><br></div><div class="spacer battle-history"><br></div><h2 class="battle-history">Turn 21</h2><div class="spacer battle-history"><br></div><div class="battle-history">Taskr withdrew Prinplup!<br></div><div class="battle-history">Taskr sent out <strong>Clefairy</strong>!<br></div><div class="spacer battle-history"><br></div><div class="battle-history">Clefairy, come back!<br></div><div class="battle-history">Go! <strong>Zebstrika</strong>!<br></div><div class="spacer battle-history"><br></div><h2 class="battle-history">Turn 22</h2><div class="spacer battle-history"><br></div><div class="battle-history">Zebstrika, come back!<br></div><div class="battle-history">Go! <strong>Probopass</strong>!<br></div><div class="battle-history"><small>Probopass floats in the air with its Air Balloon!</small><br></div><div class="spacer battle-history"><br></div><div class="battle-history">The opposing Clefairy used <strong>Stealth Rock</strong>!<br></div><div class="battle-history"><small>Pointed stones float in the air around your team!</small><br></div><div class="spacer battle-history"><br></div><h2 class="battle-history">Turn 23</h2><div class="spacer battle-history"><br></div><div class="battle-history">Probopass used <strong>Earth Power</strong>!<br></div><div class="battle-history"><small>(The opposing Clefairy lost <abbr title="−48/344">14.0%</abbr> of its health!)</small><br></div><div class="spacer battle-history"><br></div><div class="battle-history">The opposing Clefairy used <strong>Seismic Toss</strong>!<br></div><div class="battle-history"><small>(Probopass lost <abbr title="−100/292">34.2%</abbr> of its health!)</small><br></div><div class="battle-history"><small>Probopass's Air Balloon popped!</small><br></div><div class="spacer battle-history"><br></div><h2 class="battle-history">Turn 24</h2><div class="spacer battle-history"><br></div><div class="battle-history">Probopass used <strong>Stealth Rock</strong>!<br></div><div class="battle-history"><small>Pointed stones float in the air around the opposing team!</small><br></div><div class="spacer battle-history"><br></div><div class="battle-history">The opposing Clefairy used <strong>Seismic Toss</strong>!<br></div><div class="battle-history"><small>(Probopass lost <abbr title="−100/292">34.2%</abbr> of its health!)</small><br></div><div class="spacer battle-history"><br></div><h2 class="battle-history">Turn 25</h2><div class="spacer battle-history"><br></div><div class="battle-history">Probopass used <strong>Volt Switch</strong>!<br></div><div class="battle-history"><small>(The opposing Clefairy lost <abbr title="−40/344">11.6%</abbr> of its health!)</small><br></div><div class="spacer battle-history"><br></div><div class="battle-history">Probopass went back to CrAzYsTeVy!<br></div><div class="battle-history">Go! <strong>Clefairy</strong>!<br></div><div class="spacer battle-history"><br></div><div class="battle-history">The opposing Clefairy used <strong>Seismic Toss</strong>!<br></div><div class="battle-history"><small>(Clefairy lost <abbr title="−100/344">29.1%</abbr> of its health!)</small><br></div><div class="spacer battle-history"><br></div><h2 class="battle-history">Turn 26</h2><div class="spacer battle-history"><br></div><div class="battle-history">Taskr withdrew Clefairy!<br></div><div class="battle-history">Taskr sent out <strong>Golem</strong>!<br></div><div class="battle-history"><small>Pointed stones dug into the opposing Golem!</small><br></div><div class="spacer battle-history"><br></div><div class="battle-history">Clefairy used <strong>Soft-Boiled</strong>!<br></div><div class="battle-history"><small>Clefairy restored its HP.</small><br></div><div class="spacer battle-history"><br></div><h2 class="battle-history">Turn 27</h2><div class="chat"><small>Namranan left.</small></div><div class="spacer battle-history"><br></div><div class="battle-history">Taskr withdrew Golem!<br></div><div class="battle-history">Taskr sent out <strong>Prinplup</strong>!<br></div><div class="battle-history"><small>Pointed stones dug into the opposing Prinplup!</small><br></div><div class="spacer battle-history"><br></div><div class="battle-history">Clefairy, come back!<br></div><div class="battle-history">Go! <strong>Vibrava</strong>!<br></div><div class="battle-history"><small>Pointed stones dug into Vibrava!</small><br></div><div class="spacer battle-history"><br></div><h2 class="battle-history">Turn 28</h2><div class="spacer battle-history"><br></div><div class="battle-history">Vibrava used <strong>U-turn</strong>!<br></div><div class="battle-history"><small>(The opposing Prinplup lost <abbr title="−23/331">6.9%</abbr> of its health!)</small><br></div><div class="spacer battle-history"><br></div><div class="battle-history">Vibrava went back to CrAzYsTeVy!<br></div><div class="battle-history">Go! <strong>Zebstrika</strong>!<br></div><div class="battle-history"><small>Pointed stones dug into Zebstrika!</small><br></div><div class="spacer battle-history"><br></div><div class="battle-history">The opposing Prinplup used <strong>Defog</strong>!<br></div><div class="battle-history"><small>Zebstrika's evasiveness fell!</small><br></div><div class="battle-history"><small>The pointed stones disappeared from around your team!</small><br></div><div class="battle-history"><small>The pointed stones disappeared from around the opposing team!</small><br></div><div class="spacer battle-history"><br></div><h2 class="battle-history">Turn 29</h2><div class="spacer battle-history"><br></div><div class="battle-history">Zebstrika, come back!<br></div><div class="battle-history">Go! <strong>Clefairy</strong>!<br></div><div class="spacer battle-history"><br></div><div class="battle-history">Taskr withdrew Prinplup!<br></div><div class="battle-history">Taskr sent out <strong>Clefairy</strong>!<br></div><div class="spacer battle-history"><br></div><h2 class="battle-history">Turn 30</h2><div class="spacer battle-history"><br></div><div class="battle-history">The opposing Clefairy used <strong>Seismic Toss</strong>!<br></div><div class="battle-history"><small>(Clefairy lost <abbr title="−100/344">29.1%</abbr> of its health!)</small><br></div><div class="spacer battle-history"><br></div><div class="battle-history">Clefairy used <strong>Knock Off</strong>!<br></div><div class="battle-history"><small>It's not very effective...</small><br></div><div class="battle-history"><small>(The opposing Clefairy lost <abbr title="−23/344">6.7%</abbr> of its health!)</small><br></div><div class="battle-history"><small>Clefairy knocked off the opposing Clefairy's Eviolite!</small><br></div><div class="spacer battle-history"><br></div><h2 class="battle-history">Turn 31</h2><div class="spacer battle-history"><br></div><div class="battle-history">Taskr withdrew Clefairy!<br></div><div class="battle-history">Taskr sent out <strong>Monferno</strong>!<br></div><div class="spacer battle-history"><br></div><div class="battle-history">Clefairy, come back!<br></div><div class="battle-history">Go! <strong>Probopass</strong>!<br></div><div class="spacer battle-history"><br></div><h2 class="battle-history">Turn 32</h2><div class="spacer battle-history"><br></div><div class="battle-history">Probopass, come back!<br></div><div class="battle-history">Go! <strong>Vibrava</strong>!<br></div><div class="spacer battle-history"><br></div><div class="battle-history">The opposing Monferno used <strong>Close Combat</strong>!<br></div><div class="battle-history"><small>(Vibrava lost <abbr title="−152/303">50.2%</abbr> of its health!)</small><br></div><div class="battle-history"><small>The opposing Monferno's Defense fell!</small><br></div><div class="battle-history"><small>The opposing Monferno's Special Defense fell!</small><br></div><div class="battle-history"><small>The opposing Monferno lost some of its HP!</small><br></div><div class="spacer battle-history"><br></div><h2 class="battle-history">Turn 33</h2><div class="spacer battle-history"><br></div><div class="battle-history">Vibrava, come back!<br></div><div class="battle-history">Go! <strong>Clefairy</strong>!<br></div><div class="spacer battle-history"><br></div><div class="battle-history">The opposing Monferno used <strong>Close Combat</strong>!<br></div><div class="battle-history"><small>It's not very effective...</small><br></div><div class="battle-history"><small>(Clefairy lost <abbr title="−134/344">39.0%</abbr> of its health!)</small><br></div><div class="battle-history"><small>The opposing Monferno's Defense fell!</small><br></div><div class="battle-history"><small>The opposing Monferno's Special Defense fell!</small><br></div><div class="battle-history"><small>The opposing Monferno lost some of its HP!</small><br></div><div class="spacer battle-history"><br></div><div class="battle-history">The opposing Monferno fainted!<br></div><div class="spacer battle-history"><br></div><div class="battle-history">Taskr sent out <strong>Jumpluff</strong>!<br></div><div class="spacer battle-history"><br></div><h2 class="battle-history">Turn 34</h2><div class="spacer battle-history"><br></div><div class="battle-history">The opposing Jumpluff used <strong>Acrobatics</strong>!<br></div><div class="battle-history"><small>(Clefairy lost <abbr title="−57/344">16.6%</abbr> of its health!)</small><br></div><div class="spacer battle-history"><br></div><div class="battle-history">Clefairy fainted!<br></div><div class="spacer battle-history"><br></div><div class="battle-history">Go! <strong>Zebstrika</strong>!<br></div><div class="spacer battle-history"><br></div><h2 class="battle-history">Turn 35</h2><div class="chat"><small>Pummeling left.</small></div><div class="chat"><small>Exterminator God left.</small></div><div class="spacer battle-history"><br></div><div class="battle-history">Zebstrika is fast asleep.<br></div><div class="spacer battle-history"><br></div><div class="battle-history">The opposing Jumpluff used <strong>Seed Bomb</strong>!<br></div><div class="battle-history"><small>(Zebstrika lost <abbr title="−133/291">45.7%</abbr> of its health!)</small><br></div><div class="spacer battle-history"><br></div><h2 class="battle-history">Turn 36</h2><div class="spacer battle-history"><br></div><div class="battle-history">Taskr withdrew Jumpluff!<br></div><div class="battle-history">Taskr sent out <strong>Clefairy</strong>!<br></div><div class="spacer battle-history"><br></div><div class="battle-history">Zebstrika is fast asleep.<br></div><div class="spacer battle-history"><br></div><h2 class="battle-history">Turn 37</h2><div class="spacer battle-history"><br></div><div class="battle-history"><small>Zebstrika woke up!</small><br></div><div class="spacer battle-history"><br></div><div class="battle-history">Zebstrika used <strong>Volt Switch</strong>!<br></div><div class="battle-history"><small>(The opposing Clefairy lost <abbr title="−118/344">34.3%</abbr> of its health!)</small><br></div><div class="battle-history"><small>Zebstrika lost some of its HP!</small><br></div><div class="spacer battle-history"><br></div><div class="battle-history">Zebstrika went back to CrAzYsTeVy!<br></div><div class="battle-history">Go! <strong>Probopass</strong>!<br></div><div class="spacer battle-history"><br></div><div class="battle-history">The opposing Clefairy used <strong>Seismic Toss</strong>!<br></div><div class="battle-history"><small>(Probopass lost <abbr title="−92/292">31.5%</abbr> of its health!)</small><br></div><div class="spacer battle-history"><br></div><div class="battle-history">Probopass fainted!<br></div><div class="spacer battle-history"><br></div><div class="battle-history">Go! <strong>Zebstrika</strong>!<br></div><div class="spacer battle-history"><br></div><h2 class="battle-history">Turn 38</h2><div class="spacer battle-history"><br></div><div class="battle-history">Zebstrika used <strong>Thunderbolt</strong>!<br></div><div class="battle-history"><small>(The opposing Clefairy lost <abbr title="−115/344">33.4%</abbr> of its health!)</small><br></div><div class="battle-history"><small>Zebstrika lost some of its HP!</small><br></div><div class="spacer battle-history"><br></div><div class="battle-history">The opposing Clefairy fainted!<br></div><div class="spacer battle-history"><br></div><div class="battle-history">Taskr sent out <strong>Golem</strong>!<br></div><div class="spacer battle-history"><br></div><h2 class="battle-history">Turn 39</h2><div class="spacer battle-history"><br></div><div class="battle-history">Taskr withdrew Golem!<br></div><div class="battle-history">Taskr sent out <strong>Prinplup</strong>!<br></div><div class="spacer battle-history"><br></div><div class="battle-history">Zebstrika used <strong>Hidden Power</strong>!<br></div><div class="battle-history"><small>It's not very effective...</small><br></div><div class="battle-history"><small>(The opposing Prinplup lost <abbr title="−30/331">9.1%</abbr> of its health!)</small><br></div><div class="battle-history"><small>Zebstrika lost some of its HP!</small><br></div><div class="spacer battle-history"><br></div><h2 class="battle-history">Turn 40</h2><div class="spacer battle-history"><br></div><div class="battle-history">Taskr withdrew Prinplup!<br></div><div class="battle-history">Taskr sent out <strong>Golem</strong>!<br></div><div class="spacer battle-history"><br></div><div class="battle-history">Zebstrika used <strong>Thunderbolt</strong>!<br></div><div class="battle-history"><small>It doesn't affect the opposing Golem...</small><br></div><div class="spacer battle-history"><br></div><h2 class="battle-history">Turn 41</h2><div class="spacer battle-history"><br></div><div class="battle-history">Zebstrika used <strong>Hidden Power</strong>!<br></div><div class="battle-history"><small>It's super effective!</small><br></div><div class="battle-history"><small>(The opposing Golem lost <abbr title="−123/301">40.9%</abbr> of its health!)</small><br></div><div class="battle-history"><small>Zebstrika lost some of its HP!</small><br></div><div class="spacer battle-history"><br></div><div class="battle-history">The opposing Golem fainted!<br></div><div class="spacer battle-history"><br></div><div class="battle-history">Taskr sent out <strong>Prinplup</strong>!<br></div><div class="spacer battle-history"><br></div><h2 class="battle-history">Turn 42</h2><div class="spacer battle-history"><br></div><div class="battle-history">Zebstrika used <strong>Thunderbolt</strong>!<br></div><div class="battle-history"><small>It's super effective!</small><br></div><div class="battle-history"><small>(The opposing Prinplup lost <abbr title="−130/331">39.3%</abbr> of its health!)</small><br></div><div class="battle-history"><small>Zebstrika lost some of its HP!</small><br></div><div class="spacer battle-history"><br></div><div class="battle-history">The opposing Prinplup fainted!<br></div><div class="battle-history">Zebstrika fainted!<br></div><div class="spacer battle-history"><br></div><div class="battle-history">Taskr sent out <strong>Jumpluff</strong>!<br></div><div class="spacer battle-history"><br></div><div class="battle-history">Go! <strong>Vibrava</strong>!<br></div><div class="spacer battle-history"><br></div><h2 class="battle-history">Turn 43</h2><div class="spacer battle-history"><br></div><div class="battle-history">The opposing Jumpluff used <strong>Sleep Powder</strong>!<br></div><div class="battle-history"><small>Vibrava fell asleep!</small><br></div><div class="spacer battle-history"><br></div><div class="battle-history">Vibrava is fast asleep.<br></div><div class="spacer battle-history"><br></div><h2 class="battle-history">Turn 44</h2><div class="spacer battle-history"><br></div><div class="battle-history">The opposing Jumpluff used <strong>Acrobatics</strong>!<br></div><div class="battle-history"><small>(Vibrava lost <abbr title="−88/303">29.0%</abbr> of its health!)</small><br></div><div class="battle-history"><small>Vibrava woke up!</small><br></div><div class="spacer battle-history"><br></div><div class="battle-history">Vibrava used <strong>Roost</strong>!<br></div><div class="battle-history"><small>Vibrava restored its HP.</small><br></div><div class="spacer battle-history"><br></div><h2 class="battle-history">Turn 45</h2><div class="spacer battle-history"><br></div><div class="battle-history">The opposing Jumpluff used <strong>Sleep Powder</strong>!<br></div><div class="battle-history"><small>Vibrava fell asleep!</small><br></div><div class="spacer battle-history"><br></div><div class="battle-history">Vibrava is fast asleep.<br></div><div class="spacer battle-history"><br></div><h2 class="battle-history">Turn 46</h2><div class="spacer battle-history"><br></div><div class="battle-history">The opposing Jumpluff used <strong>Acrobatics</strong>!<br></div><div class="battle-history"><small>(Vibrava lost <abbr title="−82/303">27.1%</abbr> of its health!)</small><br></div><div class="battle-history"><small>Vibrava woke up!</small><br></div><div class="spacer battle-history"><br></div><div class="battle-history">Vibrava used <strong>Roost</strong>!<br></div><div class="battle-history"><small>Vibrava restored its HP.</small><br></div><div class="spacer battle-history"><br></div><h2 class="battle-history">Turn 47</h2><div class="spacer battle-history"><br></div><div class="battle-history">The opposing Jumpluff used <strong>Sleep Powder</strong>!<br></div><div class="battle-history"><small>Vibrava fell asleep!</small><br></div><div class="spacer battle-history"><br></div><div class="battle-history">Vibrava is fast asleep.<br></div><div class="spacer battle-history"><br></div><h2 class="battle-history">Turn 48</h2><div class="spacer battle-history"><br></div><div class="battle-history">The opposing Jumpluff used <strong>Acrobatics</strong>!<br></div><div class="battle-history"><small>(Vibrava lost <abbr title="−85/303">28.1%</abbr> of its health!)</small><br></div><div class="spacer battle-history"><br></div><div class="battle-history">Vibrava is fast asleep.<br></div><div class="spacer battle-history"><br></div><h2 class="battle-history">Turn 49</h2><div class="spacer battle-history"><br></div><div class="battle-history">The opposing Jumpluff used <strong>Acrobatics</strong>!<br></div><div class="battle-history"><small>(Vibrava lost <abbr title="−79/303">26.1%</abbr> of its health!)</small><br></div><div class="spacer battle-history"><br></div><div class="battle-history">Vibrava is fast asleep.<br></div><div class="spacer battle-history"><br></div><h2 class="battle-history">Turn 50</h2><div class="spacer battle-history"><br></div><div class="battle-history">The opposing Jumpluff used <strong>Acrobatics</strong>!<br></div><div class="battle-history"><small>(Vibrava lost <abbr title="−88/303">29.0%</abbr> of its health!)</small><br></div><div class="battle-history"><small>Vibrava woke up!</small><br></div><div class="spacer battle-history"><br></div><div class="battle-history">Vibrava used <strong>Roost</strong>!<br></div><div class="battle-history"><small>Vibrava restored its HP.</small><br></div><div class="spacer battle-history"><br></div><h2 class="battle-history">Turn 51</h2><div class="spacer battle-history"><br></div><div class="battle-history">The opposing Jumpluff used <strong>Sleep Powder</strong>!<br></div><div class="battle-history"><small>Vibrava fell asleep!</small><br></div><div class="spacer battle-history"><br></div><div class="battle-history">Vibrava is fast asleep.<br></div><div class="spacer battle-history"><br></div><h2 class="battle-history">Turn 52</h2><div class="spacer battle-history"><br></div><div class="battle-history">The opposing Jumpluff used <strong>Acrobatics</strong>!<br></div><div class="battle-history"><small>(Vibrava lost <abbr title="−76/303">25.1%</abbr> of its health!)</small><br></div><div class="battle-history"><small>Vibrava woke up!</small><br></div><div class="spacer battle-history"><br></div><div class="battle-history">Vibrava used <strong>Roost</strong>!<br></div><div class="battle-history"><small>Vibrava restored its HP.</small><br></div><div class="spacer battle-history"><br></div><h2 class="battle-history">Turn 53</h2><div class="spacer battle-history"><br></div><div class="battle-history">The opposing Jumpluff used <strong>Sleep Powder</strong>!<br></div><div class="battle-history"><small>Vibrava fell asleep!</small><br></div><div class="spacer battle-history"><br></div><div class="battle-history">Vibrava is fast asleep.<br></div><div class="spacer battle-history"><br></div><h2 class="battle-history">Turn 54</h2><div class="spacer battle-history"><br></div><div class="battle-history">The opposing Jumpluff used <strong>Acrobatics</strong>!<br></div><div class="battle-history"><small>(Vibrava lost <abbr title="−88/303">29.0%</abbr> of its health!)</small><br></div><div class="spacer battle-history"><br></div><div class="battle-history">Vibrava is fast asleep.<br></div><div class="spacer battle-history"><br></div><h2 class="battle-history">Turn 55</h2><div class="spacer battle-history"><br></div><div class="battle-history">The opposing Jumpluff used <strong>Acrobatics</strong>!<br></div><div class="battle-history"><small>A critical hit!</small><br></div><div class="battle-history"><small>(Vibrava lost <abbr title="−120/303">39.6%</abbr> of its health!)</small><br></div><div class="spacer battle-history"><br></div><div class="battle-history">Vibrava is fast asleep.<br></div><div class="spacer battle-history"><br></div><h2 class="battle-history">Turn 56</h2><div class="spacer battle-history"><br></div><div class="battle-history">The opposing Jumpluff used <strong>Acrobatics</strong>!<br></div><div class="battle-history"><small>(Vibrava lost <abbr title="−35/303">11.6%</abbr> of its health!)</small><br></div><div class="spacer battle-history"><br></div><div class="battle-history">Vibrava fainted!<br></div><div class="spacer battle-history"><br></div><div class="battle-history"><strong>Taskr</strong> won the battle!<br></div><div class="chat chatmessage-crazystevy"><strong style="color:hsl(155,63%,40.12542104423551%)"><small>☆</small><span class="username" data-name="CrAzYsTeVy">CrAzYsTeVy</span>:</strong> <em>gg</em></div><div class="chat chatmessage-taskr"><strong style="color:hsl(245,67%,63.87397679507551%)"><small>☆</small><span class="username" data-name="Taskr">Taskr</span>:</strong> <em>gg</em></div><div class="chat"><small>Slowbroth left.</small></div><div class="chat"><small>MildlyOffended left.</small></div><div class="chat"><small>reverse aim left.</small></div><div class="chat"><small>Taskr left.</small></div><div class="chat"><small>No Plans left.</small></div></div><div class="inner-preempt"></div></div></div>
</div>
<script>
let daily = Math.floor(Date.now()/1000/60/60/24);document.write('<script src="https://play.pokemonshowdown.com/js/replay-embed.js?version'+daily+'"></'+'script>');
</script>
