<!DOCTYPE html>
<meta charset="utf-8" />
<!-- version 1 -->
<title>PU replay: lcezasfuck vs. Damaso4k</title>
<style>
html,body {font-family:Verdana, sans-serif;font-size:10pt;margin:0;padding:0;}body{padding:12px 0;} .battle-log {font-family:Verdana, sans-serif;font-size:10pt;} .battle-log-inline {border:1px solid #AAAAAA;background:#EEF2F5;color:black;max-width:640px;margin:0 auto 80px;padding-bottom:5px;} .battle-log .inner {padding:4px 8px 0px 8px;} .battle-log .inner-preempt {padding:0 8px 4px 8px;} .battle-log .inner-after {margin-top:0.5em;} .battle-log h2 {margin:0.5em -8px;padding:4px 8px;border:1px solid #AAAAAA;background:#E0E7EA;border-left:0;border-right:0;font-family:Verdana, sans-serif;font-size:13pt;} .battle-log .chat {vertical-align:middle;padding:3px 0 3px 0;font-size:8pt;} .battle-log .chat strong {color:#40576A;} .battle-log .chat em {padding:1px 4px 1px 3px;color:#000000;font-style:normal;} .chat.mine {background:rgba(0,0,0,0.05);margin-left:-8px;margin-right:-8px;padding-left:8px;padding-right:8px;} .spoiler {color:#BBBBBB;background:#BBBBBB;padding:0px 3px;} .spoiler:hover, .spoiler:active, .spoiler-shown {color:#000000;background:#E2E2E2;padding:0px 3px;} .spoiler a {color:#BBBBBB;} .spoiler:hover a, .spoiler:active a, .spoiler-shown a {color:#2288CC;} .chat code, .chat .spoiler:hover code, .chat .spoiler:active code, .chat .spoiler-shown code {border:1px solid #C0C0C0;background:#EEEEEE;color:black;padding:0 2px;} .chat .spoiler code {border:1px solid #CCCCCC;background:#CCCCCC;color:#CCCCCC;} .battle-log .rated {padding:3px 4px;} .battle-log .rated strong {color:white;background:#89A;padding:1px 4px;border-radius:4px;} .spacer {margin-top:0.5em;} .message-announce {background:#6688AA;color:white;padding:1px 4px 2px;} .message-announce a, .broadcast-green a, .broadcast-blue a, .broadcast-red a {color:#DDEEFF;} .broadcast-green {background-color:#559955;color:white;padding:2px 4px;} .broadcast-blue {background-color:#6688AA;color:white;padding:2px 4px;} .infobox {border:1px solid #6688AA;padding:2px 4px;} .infobox-limited {max-height:200px;overflow:auto;overflow-x:hidden;} .broadcast-red {background-color:#AA5544;color:white;padding:2px 4px;} .message-learn-canlearn {font-weight:bold;color:#228822;text-decoration:underline;} .message-learn-cannotlearn {font-weight:bold;color:#CC2222;text-decoration:underline;} .message-effect-weak {font-weight:bold;color:#CC2222;} .message-effect-resist {font-weight:bold;color:#6688AA;} .message-effect-immune {font-weight:bold;color:#666666;} .message-learn-list {margin-top:0;margin-bottom:0;} .message-throttle-notice, .message-error {color:#992222;} .message-overflow, .chat small.message-overflow {font-size:0pt;} .message-overflow::before {font-size:9pt;content:'...';} .subtle {color:#3A4A66;}
</style>
<div class="wrapper replay-wrapper" style="max-width:1180px;margin:0 auto">
<input type="hidden" name="replayid" value="pu-575629943" />
<div class="battle"></div><div class="battle-log"></div><div class="replay-controls"></div><div class="replay-controls-2"></div>
<h1 style="font-weight:normal;text-align:center"><strong>PU</strong><br /><a href="http://pokemonshowdown.com/users/lcezasfuck" class="subtle" target="_blank">lcezasfuck</a> vs. <a href="http://pokemonshowdown.com/users/damaso4k" class="subtle" target="_blank">Damaso4k</a></h1>
<script type="text/plain" class="battle-log-data">|j|lcezasfuck
|j|Damaso4k
|player|p1|lcezasfuck|#teamrocket
|player|p2|Damaso4k|163
|gametype|singles
|gen|6
|tier|PU
|rated
|seed|10334,19954,64640,45793
|rule|Sleep Clause Mod: Limit one foe put to sleep
|rule|Species Clause: Limit one of each Pokémon
|rule|OHKO Clause: OHKO moves are banned
|rule|Moody Clause: Moody is banned
|rule|Evasion Moves Clause: Evasion moves are banned
|rule|Endless Battle Clause: Forcing endless battles is banned
|rule|HP Percentage Mod: HP is shown in percentages
|clearpoke
|poke|p1|Clefairy, F|item
|poke|p1|Servine, F|item
|poke|p1|Misdreavus, M|item
|poke|p1|Pelipper, M|item
|poke|p1|Golem, M|item
|poke|p1|Combusken, F|item
|poke|p2|Tangela, M|item
|poke|p2|Clefairy, F|item
|poke|p2|Regice|item
|poke|p2|Rampardos, M|item
|poke|p2|Rotom-Frost|item
|poke|p2|Beheeyem, F|item
|rule|Swagger Clause: Swagger is banned
|rule|Baton Pass Clause: Limit one Baton Passer, can't pass Spe and other stats simultaneously
|teampreview
|choice|team 2, team 1, team 3, team 4, team 5, team 6|team 3, team 2, team 1, team 4, team 5, team 6
|
|start
|switch|p1a: Servine|Servine, F|261\/261
|switch|p2a: Regice|Regice|343\/343
|turn|1
|choice|switch 2|move icebeam
|
|switch|p1a: Clefairy|Clefairy, F|344\/344
|move|p2a: Regice|Ice Beam|p1a: Clefairy
|-damage|p1a: Clefairy|214\/344
|
|upkeep
|turn|2
|choice|move softboiled|move icebeam
|
|move|p2a: Regice|Ice Beam|p1a: Clefairy
|-damage|p1a: Clefairy|84\/344
|-status|p1a: Clefairy|frz
|cant|p1a: Clefairy|frz
|
|upkeep
|turn|3
|choice|move softboiled|move icebeam
|
|move|p2a: Regice|Ice Beam|p1a: Clefairy
|-damage|p1a: Clefairy|0 fnt
|faint|p1a: Clefairy
|
|upkeep
|choice|switch 5|
|
|switch|p1a: Golem|Golem, M|301\/301
|turn|4
|choice|move stealthrock|move icebeam
|
|move|p1a: Golem|Stealth Rock|p2a: Regice
|-sidestart|p2: Damaso4k|move: Stealth Rock
|move|p2a: Regice|Ice Beam|p1a: Golem
|-supereffective|p1a: Golem
|-ability|p1a: Golem|Sturdy
|-damage|p1a: Golem|1\/301
|
|upkeep
|turn|5
|choice|move rockblast|move icebeam
|-enditem|p1a: Golem|Custap Berry|[eat]
|-activate|p1a: Golem|item: Custap Berry
|
|move|p1a: Golem|Rock Blast|p2a: Regice
|-supereffective|p2a: Regice
|-damage|p2a: Regice|245\/343
|-supereffective|p2a: Regice
|-crit|p2a: Regice
|-damage|p2a: Regice|101\/343
|-supereffective|p2a: Regice
|-damage|p2a: Regice|3\/343
|-hitcount|p2a: Regice|3
|move|p2a: Regice|Ice Beam|p1a: Golem
|-supereffective|p1a: Golem
|-damage|p1a: Golem|0 fnt
|faint|p1a: Golem
|
|upkeep
|choice|switch 6|
|
|switch|p1a: Combusken|Combusken, F|261\/261
|turn|6
|choice|move swordsdance|move icebeam
|
|move|p1a: Combusken|Swords Dance|p1a: Combusken
|-boost|p1a: Combusken|atk|2
|move|p2a: Regice|Ice Beam|p1a: Combusken
|-resisted|p1a: Combusken
|-crit|p1a: Combusken
|-damage|p1a: Combusken|90\/261
|
|-ability|p1a: Combusken|Speed Boost|boost
|-boost|p1a: Combusken|spe|1
|upkeep
|turn|7
|choice|move protect|move icebeam
|
|move|p1a: Combusken|Protect|p1a: Combusken
|-singleturn|p1a: Combusken|Protect
|move|p2a: Regice|Ice Beam|p1a: Combusken
|-activate|p1a: Combusken|move: Protect
|
|-ability|p1a: Combusken|Speed Boost|boost
|-boost|p1a: Combusken|spe|1
|upkeep
|turn|8
|choice|move firepunch|move icebeam
|
|move|p1a: Combusken|Fire Punch|p2a: Regice
|-supereffective|p2a: Regice
|-damage|p2a: Regice|0 fnt
|faint|p2a: Regice
|
|-ability|p1a: Combusken|Speed Boost|boost
|-boost|p1a: Combusken|spe|1
|upkeep
|choice||switch 4
|
|switch|p2a: Rampardos|Rampardos, M|335\/335
|-damage|p2a: Rampardos|294\/335|[from] stealthrock
|turn|9
|choice|move skyuppercut|move zenheadbutt
|
|move|p1a: Combusken|Sky Uppercut|p2a: Rampardos
|-supereffective|p2a: Rampardos
|-damage|p2a: Rampardos|0 fnt
|faint|p2a: Rampardos
|
|-ability|p1a: Combusken|Speed Boost|boost
|-boost|p1a: Combusken|spe|1
|upkeep
|inactive|Battle timer is ON: inactive players will automatically lose when time's up. (requested by lcezasfuck)
|choice||switch 6
|
|switch|p2a: Beheeyem|Beheeyem, F|291\/291
|-damage|p2a: Beheeyem|255\/291|[from] stealthrock
|turn|10
|choice|move firepunch|move psychic
|
|move|p1a: Combusken|Fire Punch|p2a: Beheeyem
|-damage|p2a: Beheeyem|18\/291
|move|p2a: Beheeyem|Psychic|p1a: Combusken
|-supereffective|p1a: Combusken
|-damage|p1a: Combusken|0 fnt
|faint|p1a: Combusken
|
|upkeep
|choice|switch 4|
|
|switch|p1a: Pelipper|Pelipper, M|324\/324
|turn|11
|choice|move uturn|move psychic
|
|move|p1a: Pelipper|U-turn|p2a: Beheeyem
|-supereffective|p2a: Beheeyem
|-damage|p2a: Beheeyem|0 fnt
|faint|p2a: Beheeyem
|choice|switch 3|
|
|switch|p1a: Misdreavus|Misdreavus, M|324\/324
|
|upkeep
|choice||switch 2
|
|switch|p2a: Clefairy|Clefairy, F|344\/344
|turn|12
|choice|move taunt|move stealthrock
|
|move|p1a: Misdreavus|Taunt|p2a: Clefairy
|-start|p2a: Clefairy|move: Taunt
|cant|p2a: Clefairy|move: Taunt|Stealth Rock
|
|upkeep
|turn|13
|choice|move willowisp|move moonblast
|
|move|p1a: Misdreavus|Will-O-Wisp|p2a: Clefairy|[miss]
|-miss|p1a: Misdreavus|p2a: Clefairy
|move|p2a: Clefairy|Moonblast|p1a: Misdreavus
|-damage|p1a: Misdreavus|272\/324
|-unboost|p1a: Misdreavus|spa|1
|
|upkeep
|turn|14
|choice|move willowisp|switch 3
|
|switch|p2a: Tangela|Tangela, M|334\/334
|-damage|p2a: Tangela|293\/334|[from] stealthrock
|move|p1a: Misdreavus|Will-O-Wisp|p2a: Tangela
|-status|p2a: Tangela|brn
|
|-damage|p2a: Tangela|252\/334 brn|[from] brn
|upkeep
|turn|15
|choice|switch 3|move sleeppowder
|
|switch|p1a: Pelipper|Pelipper, M|324\/324
|move|p2a: Tangela|Sleep Powder|p1a: Pelipper
|-status|p1a: Pelipper|slp
|
|-damage|p2a: Tangela|211\/334 brn|[from] brn
|upkeep
|turn|16
|choice|move uturn|switch 5
|
|switch|p2a: Rotom|Rotom-Frost|241\/241
|-damage|p2a: Rotom|181\/241|[from] stealthrock
|cant|p1a: Pelipper|slp
|
|upkeep
|turn|17
|choice|switch 2|move voltswitch
|
|switch|p1a: Servine|Servine, F|261\/261
|move|p2a: Rotom|Volt Switch|p1a: Servine
|-resisted|p1a: Servine
|-damage|p1a: Servine|218\/261
|choice||switch 3
|
|switch|p2a: Clefairy|Clefairy, F|344\/344
|
|upkeep
|turn|18
|choice|move taunt|move thunderwave
|
|move|p1a: Servine|Taunt|p2a: Clefairy
|-start|p2a: Clefairy|move: Taunt
|cant|p2a: Clefairy|move: Taunt|Thunder Wave
|
|upkeep
|turn|19
|choice|move leafstorm|switch 3
|
|switch|p2a: Rotom|Rotom-Frost|181\/241
|-damage|p2a: Rotom|121\/241|[from] stealthrock
|move|p1a: Servine|Leaf Storm|p2a: Rotom
|-damage|p2a: Rotom|0 fnt
|-boost|p1a: Servine|spa|2
|faint|p2a: Rotom
|
|upkeep
|c|☆lcezasfuck|gg
|-message|Damaso4k forfeited.
|
|win|lcezasfuck
|l|Damaso4k
|raw|lcezasfuck's rating: 1413 &rarr; <strong>1418<\/strong><br \/>(+5 for winning)
|raw|Damaso4k's rating: 1078 &rarr; <strong>1072<\/strong><br \/>(-6 for losing)</script>
</div>
<div class="battle-log battle-log-inline"><div class="inner"><div class="battle-options"></div><div class="inner"><div class="chat"><small>lcezasfuck joined.</small></div><div class="chat"><small>Damaso4k joined.</small></div><div class=""><small>Format:</small> <br><strong>PU</strong></div><div class="rated"><strong>Rated battle</strong></div><div class=""><small><em>Sleep Clause Mod:</em> Limit one foe put to sleep</small></div><div class=""><small><em>Species Clause:</em> Limit one of each Pokémon</small></div><div class=""><small><em>OHKO Clause:</em> OHKO moves are banned</small></div><div class=""><small><em>Moody Clause:</em> Moody is banned</small></div><div class=""><small><em>Evasion Moves Clause:</em> Evasion moves are banned</small></div><div class=""><small><em>Endless Battle Clause:</em> Forcing endless battles is banned</small></div><div class=""><small><em>HP Percentage Mod:</em> HP is shown in percentages</small></div><div class=""><small><em>Swagger Clause:</em> Swagger is banned</small></div><div class=""><small><em>Baton Pass Clause:</em> Limit one Baton Passer, can't pass Spe and other stats simultaneously</small></div><div class="chat battle-history"><strong>lcezasfuck's team:</strong> <em style="color:#445566;display:block;">Clefairy / Servine / Misdreavus / Pelipper / Golem / Combusken</em></div><div class="chat battle-history"><strong>Damaso4k's team:</strong> <em style="color:#445566;display:block;">Tangela / Clefairy / Regice / Rampardos / Rotom-Frost / Beheeyem</em></div><div class="spacer battle-history"><br></div><div class="battle-history">Battle started between lcezasfuck and Damaso4k!<br></div><div class="spacer battle-history"><br></div><div class="battle-history">Go! <strong>Servine</strong>!<br></div><div class="spacer battle-history"><br></div><div class="battle-history">Damaso4k sent out <strong>Regice</strong>!<br></div><div class="spacer battle-history"><br></div><h2 class="battle-history">Turn 1</h2><div class="spacer battle-history"><br></div><div class="battle-history">Servine, come back!<br></div><div class="battle-history">Go! <strong>Clefairy</strong>!<br></div><div class="spacer battle-history"><br></div><div class="battle-history">The opposing Regice used <strong>Ice Beam</strong>!<br></div><div class="battle-history"><small>(Clefairy lost <abbr title="−130/344">37.8%</abbr> of its health!)</small><br></div><div class="spacer battle-history"><br></div><h2 class="battle-history">Turn 2</h2><div class="spacer battle-history"><br></div><div class="battle-history">The opposing Regice used <strong>Ice Beam</strong>!<br></div><div class="battle-history"><small>(Clefairy lost <abbr title="−130/344">37.8%</abbr> of its health!)</small><br></div><div class="battle-history"><small>Clefairy was frozen solid!</small><br></div><div class="spacer battle-history"><br></div><div class="battle-history">Clefairy is frozen solid!<br></div><div class="spacer battle-history"><br></div><h2 class="battle-history">Turn 3</h2><div class="spacer battle-history"><br></div><div class="battle-history">The opposing Regice used <strong>Ice Beam</strong>!<br></div><div class="battle-history"><small>(Clefairy lost <abbr title="−84/344">24.4%</abbr> of its health!)</small><br></div><div class="spacer battle-history"><br></div><div class="battle-history">Clefairy fainted!<br></div><div class="spacer battle-history"><br></div><div class="battle-history">Go! <strong>Golem</strong>!<br></div><div class="spacer battle-history"><br></div><h2 class="battle-history">Turn 4</h2><div class="spacer battle-history"><br></div><div class="battle-history">Golem used <strong>Stealth Rock</strong>!<br></div><div class="battle-history"><small>Pointed stones float in the air around the opposing team!</small><br></div><div class="spacer battle-history"><br></div><div class="battle-history">The opposing Regice used <strong>Ice Beam</strong>!<br></div><div class="battle-history"><small>It's super effective!</small><br></div><div class="battle-history"><small>[Golem's Sturdy]</small><br><small>Golem endured the hit!</small><br></div><div class="battle-history"><small>(Golem lost <abbr title="−300/301">99.7%</abbr> of its health!)</small><br></div><div class="spacer battle-history"><br></div><h2 class="battle-history">Turn 5</h2><div class="spacer battle-history"><br></div><div class="battle-history"><small>Golem ate its Custap Berry!</small><br></div><div class="battle-history"><small>Golem's Custap Berry let it move first!</small><br></div><div class="spacer battle-history"><br></div><div class="battle-history">Golem used <strong>Rock Blast</strong>!<br></div><div class="battle-history"><small>It's super effective!</small><br></div><div class="battle-history"><small>(The opposing Regice lost <abbr title="−98/343">28.6%</abbr> of its health!)</small><br></div><div class="battle-history"><small>It's super effective!</small><br></div><div class="battle-history"><small>A critical hit!</small><br></div><div class="battle-history"><small>(The opposing Regice lost <abbr title="−144/343">42.0%</abbr> of its health!)</small><br></div><div class="battle-history"><small>It's super effective!</small><br></div><div class="battle-history"><small>(The opposing Regice lost <abbr title="−98/343">28.6%</abbr> of its health!)</small><br></div><div class="battle-history"><small>Hit 3 times!</small><br></div><div class="spacer battle-history"><br></div><div class="battle-history">The opposing Regice used <strong>Ice Beam</strong>!<br></div><div class="battle-history"><small>It's super effective!</small><br></div><div class="battle-history"><small>(Golem lost <abbr title="−1/301">0.3%</abbr> of its health!)</small><br></div><div class="spacer battle-history"><br></div><div class="battle-history">Golem fainted!<br></div><div class="spacer battle-history"><br></div><div class="battle-history">Go! <strong>Combusken</strong>!<br></div><div class="spacer battle-history"><br></div><h2 class="battle-history">Turn 6</h2><div class="spacer battle-history"><br></div><div class="battle-history">Combusken used <strong>Swords Dance</strong>!<br></div><div class="battle-history"><small>Combusken's Attack rose sharply!</small><br></div><div class="spacer battle-history"><br></div><div class="battle-history">The opposing Regice used <strong>Ice Beam</strong>!<br></div><div class="battle-history"><small>It's not very effective...</small><br></div><div class="battle-history"><small>A critical hit!</small><br></div><div class="battle-history"><small>(Combusken lost <abbr title="−171/261">65.5%</abbr> of its health!)</small><br></div><div class="spacer battle-history"><br></div><div class="battle-history"><small>[Combusken's Speed Boost]</small><br></div><div class="battle-history"><small>Combusken's Speed rose!</small><br></div><div class="spacer battle-history"><br></div><h2 class="battle-history">Turn 7</h2><div class="spacer battle-history"><br></div><div class="battle-history">Combusken used <strong>Protect</strong>!<br></div><div class="battle-history"><small>Combusken protected itself!</small><br></div><div class="spacer battle-history"><br></div><div class="battle-history">The opposing Regice used <strong>Ice Beam</strong>!<br></div><div class="battle-history"><small>Combusken protected itself!</small><br></div><div class="spacer battle-history"><br></div><div class="battle-history"><small>[Combusken's Speed Boost]</small><br></div><div class="battle-history"><small>Combusken's Speed rose!</small><br></div><div class="spacer battle-history"><br></div><h2 class="battle-history">Turn 8</h2><div class="spacer battle-history"><br></div><div class="battle-history">Combusken used <strong>Fire Punch</strong>!<br></div><div class="battle-history"><small>It's super effective!</small><br></div><div class="battle-history"><small>(The opposing Regice lost <abbr title="−3/343">0.9%</abbr> of its health!)</small><br></div><div class="spacer battle-history"><br></div><div class="battle-history">The opposing Regice fainted!<br></div><div class="spacer battle-history"><br></div><div class="battle-history"><small>[Combusken's Speed Boost]</small><br></div><div class="battle-history"><small>Combusken's Speed rose!</small><br></div><div class="spacer battle-history"><br></div><div class="battle-history">Damaso4k sent out <strong>Rampardos</strong>!<br></div><div class="battle-history"><small>Pointed stones dug into the opposing Rampardos!</small><br></div><div class="spacer battle-history"><br></div><h2 class="battle-history">Turn 9</h2><div class="spacer battle-history"><br></div><div class="battle-history">Combusken used <strong>Sky Uppercut</strong>!<br></div><div class="battle-history"><small>It's super effective!</small><br></div><div class="battle-history"><small>(The opposing Rampardos lost <abbr title="−294/335">87.8%</abbr> of its health!)</small><br></div><div class="spacer battle-history"><br></div><div class="battle-history">The opposing Rampardos fainted!<br></div><div class="spacer battle-history"><br></div><div class="battle-history"><small>[Combusken's Speed Boost]</small><br></div><div class="battle-history"><small>Combusken's Speed rose!</small><br></div><div class="chat message-error">Battle timer is ON: inactive players will automatically lose when time's up. (requested by lcezasfuck)</div><div class="spacer battle-history"><br></div><div class="battle-history">Damaso4k sent out <strong>Beheeyem</strong>!<br></div><div class="battle-history"><small>Pointed stones dug into the opposing Beheeyem!</small><br></div><div class="spacer battle-history"><br></div><h2 class="battle-history">Turn 10</h2><div class="spacer battle-history"><br></div><div class="battle-history">Combusken used <strong>Fire Punch</strong>!<br></div><div class="battle-history"><small>(The opposing Beheeyem lost <abbr title="−237/291">81.4%</abbr> of its health!)</small><br></div><div class="spacer battle-history"><br></div><div class="battle-history">The opposing Beheeyem used <strong>Psychic</strong>!<br></div><div class="battle-history"><small>It's super effective!</small><br></div><div class="battle-history"><small>(Combusken lost <abbr title="−90/261">34.5%</abbr> of its health!)</small><br></div><div class="spacer battle-history"><br></div><div class="battle-history">Combusken fainted!<br></div><div class="spacer battle-history"><br></div><div class="battle-history">Go! <strong>Pelipper</strong>!<br></div><div class="spacer battle-history"><br></div><h2 class="battle-history">Turn 11</h2><div class="spacer battle-history"><br></div><div class="battle-history">Pelipper used <strong>U-turn</strong>!<br></div><div class="battle-history"><small>It's super effective!</small><br></div><div class="battle-history"><small>(The opposing Beheeyem lost <abbr title="−18/291">6.2%</abbr> of its health!)</small><br></div><div class="spacer battle-history"><br></div><div class="battle-history">The opposing Beheeyem fainted!<br></div><div class="spacer battle-history"><br></div><div class="battle-history">Pelipper went back to lcezasfuck!<br></div><div class="battle-history">Go! <strong>Misdreavus</strong>!<br></div><div class="spacer battle-history"><br></div><div class="battle-history">Damaso4k sent out <strong>Clefairy</strong>!<br></div><div class="spacer battle-history"><br></div><h2 class="battle-history">Turn 12</h2><div class="spacer battle-history"><br></div><div class="battle-history">Misdreavus used <strong>Taunt</strong>!<br></div><div class="battle-history"><small>The opposing Clefairy fell for the taunt!</small><br></div><div class="spacer battle-history"><br></div><div class="battle-history">The opposing Clefairy can't use Stealth Rock after the taunt!<br></div><div class="spacer battle-history"><br></div><h2 class="battle-history">Turn 13</h2><div class="spacer battle-history"><br></div><div class="battle-history">Misdreavus used <strong>Will-O-Wisp</strong>!<br></div><div class="battle-history"><small>The opposing Clefairy avoided the attack!</small><br></div><div class="spacer battle-history"><br></div><div class="battle-history">The opposing Clefairy used <strong>Moonblast</strong>!<br></div><div class="battle-history"><small>(Misdreavus lost <abbr title="−52/324">16.0%</abbr> of its health!)</small><br></div><div class="battle-history"><small>Misdreavus's Special Attack fell!</small><br></div><div class="spacer battle-history"><br></div><h2 class="battle-history">Turn 14</h2><div class="spacer battle-history"><br></div><div class="battle-history">Damaso4k withdrew Clefairy!<br></div><div class="battle-history">Damaso4k sent out <strong>Tangela</strong>!<br></div><div class="battle-history"><small>Pointed stones dug into the opposing Tangela!</small><br></div><div class="spacer battle-history"><br></div><div class="battle-history">Misdreavus used <strong>Will-O-Wisp</strong>!<br></div><div class="battle-history"><small>The opposing Tangela was burned!</small><br></div><div class="spacer battle-history"><br></div><div class="battle-history"><small>The opposing Tangela was hurt by its burn!</small><br></div><div class="spacer battle-history"><br></div><h2 class="battle-history">Turn 15</h2><div class="spacer battle-history"><br></div><div class="battle-history">Misdreavus, come back!<br></div><div class="battle-history">Go! <strong>Pelipper</strong>!<br></div><div class="spacer battle-history"><br></div><div class="battle-history">The opposing Tangela used <strong>Sleep Powder</strong>!<br></div><div class="battle-history"><small>Pelipper fell asleep!</small><br></div><div class="spacer battle-history"><br></div><div class="battle-history"><small>The opposing Tangela was hurt by its burn!</small><br></div><div class="spacer battle-history"><br></div><h2 class="battle-history">Turn 16</h2><div class="spacer battle-history"><br></div><div class="battle-history">Damaso4k withdrew Tangela!<br></div><div class="battle-history">Damaso4k sent out Rotom (<strong>Rotom-Frost</strong>)!<br></div><div class="battle-history"><small>Pointed stones dug into the opposing Rotom!</small><br></div><div class="spacer battle-history"><br></div><div class="battle-history">Pelipper is fast asleep.<br></div><div class="spacer battle-history"><br></div><h2 class="battle-history">Turn 17</h2><div class="spacer battle-history"><br></div><div class="battle-history">Pelipper, come back!<br></div><div class="battle-history">Go! <strong>Servine</strong>!<br></div><div class="spacer battle-history"><br></div><div class="battle-history">The opposing Rotom used <strong>Volt Switch</strong>!<br></div><div class="battle-history"><small>It's not very effective...</small><br></div><div class="battle-history"><small>(Servine lost <abbr title="−43/261">16.5%</abbr> of its health!)</small><br></div><div class="spacer battle-history"><br></div><div class="battle-history">The opposing Rotom went back to Damaso4k!<br></div><div class="battle-history">Damaso4k sent out <strong>Clefairy</strong>!<br></div><div class="spacer battle-history"><br></div><h2 class="battle-history">Turn 18</h2><div class="spacer battle-history"><br></div><div class="battle-history">Servine used <strong>Taunt</strong>!<br></div><div class="battle-history"><small>The opposing Clefairy fell for the taunt!</small><br></div><div class="spacer battle-history"><br></div><div class="battle-history">The opposing Clefairy can't use Thunder Wave after the taunt!<br></div><div class="spacer battle-history"><br></div><h2 class="battle-history">Turn 19</h2><div class="spacer battle-history"><br></div><div class="battle-history">Damaso4k withdrew Clefairy!<br></div><div class="battle-history">Damaso4k sent out Rotom (<strong>Rotom-Frost</strong>)!<br></div><div class="battle-history"><small>Pointed stones dug into the opposing Rotom!</small><br></div><div class="spacer battle-history"><br></div><div class="battle-history">Servine used <strong>Leaf Storm</strong>!<br></div><div class="battle-history"><small>(The opposing Rotom lost <abbr title="−121/241">50.2%</abbr> of its health!)</small><br></div><div class="battle-history"><small>Servine's Special Attack rose sharply!</small><br></div><div class="spacer battle-history"><br></div><div class="battle-history">The opposing Rotom fainted!<br></div><div class="chat chatmessage-lcezasfuck"><strong style="color:hsl(63,60%,38.09380051909%)"><small>☆</small><span class="username" data-name="lcezasfuck">lcezasfuck</span>:</strong> <em>gg</em></div><div class="spacer battle-history"><br></div><div class="battle-history"><small>Damaso4k forfeited.</small><br></div><div class="spacer battle-history"><br></div><div class="battle-history"><strong>lcezasfuck</strong> won the battle!<br></div><div class="chat"><small>Damaso4k left.</small></div><div class="chat">lcezasfuck's rating: 1413 → <strong>1418</strong><br>(+5 for winning)</div><div class="chat">Damaso4k's rating: 1078 → <strong>1072</strong><br>(-6 for losing)</div></div><div class="inner-preempt"></div></div></div>
</div>
<script>
let daily = Math.floor(Date.now()/1000/60/60/24);document.write('<script src="https://play.pokemonshowdown.com/js/replay-embed.js?version'+daily+'"></'+'script>');
</script>
