<!DOCTYPE html>
<meta charset="utf-8" />
<!-- version 1 -->
<title>PU replay: 2xTheTap vs. 275p</title>
<style>
html,body {font-family:Verdana, sans-serif;font-size:10pt;margin:0;padding:0;}body{padding:12px 0;} .battle-log {font-family:Verdana, sans-serif;font-size:10pt;} .battle-log-inline {border:1px solid #AAAAAA;background:#EEF2F5;color:black;max-width:640px;margin:0 auto 80px;padding-bottom:5px;} .battle-log .inner {padding:4px 8px 0px 8px;} .battle-log .inner-preempt {padding:0 8px 4px 8px;} .battle-log .inner-after {margin-top:0.5em;} .battle-log h2 {margin:0.5em -8px;padding:4px 8px;border:1px solid #AAAAAA;background:#E0E7EA;border-left:0;border-right:0;font-family:Verdana, sans-serif;font-size:13pt;} .battle-log .chat {vertical-align:middle;padding:3px 0 3px 0;font-size:8pt;} .battle-log .chat strong {color:#40576A;} .battle-log .chat em {padding:1px 4px 1px 3px;color:#000000;font-style:normal;} .chat.mine {background:rgba(0,0,0,0.05);margin-left:-8px;margin-right:-8px;padding-left:8px;padding-right:8px;} .spoiler {color:#BBBBBB;background:#BBBBBB;padding:0px 3px;} .spoiler:hover, .spoiler:active, .spoiler-shown {color:#000000;background:#E2E2E2;padding:0px 3px;} .spoiler a {color:#BBBBBB;} .spoiler:hover a, .spoiler:active a, .spoiler-shown a {color:#2288CC;} .chat code, .chat .spoiler:hover code, .chat .spoiler:active code, .chat .spoiler-shown code {border:1px solid #C0C0C0;background:#EEEEEE;color:black;padding:0 2px;} .chat .spoiler code {border:1px solid #CCCCCC;background:#CCCCCC;color:#CCCCCC;} .battle-log .rated {padding:3px 4px;} .battle-log .rated strong {color:white;background:#89A;padding:1px 4px;border-radius:4px;} .spacer {margin-top:0.5em;} .message-announce {background:#6688AA;color:white;padding:1px 4px 2px;} .message-announce a, .broadcast-green a, .broadcast-blue a, .broadcast-red a {color:#DDEEFF;} .broadcast-green {background-color:#559955;color:white;padding:2px 4px;} .broadcast-blue {background-color:#6688AA;color:white;padding:2px 4px;} .infobox {border:1px solid #6688AA;padding:2px 4px;} .infobox-limited {max-height:200px;overflow:auto;overflow-x:hidden;} .broadcast-red {background-color:#AA5544;color:white;padding:2px 4px;} .message-learn-canlearn {font-weight:bold;color:#228822;text-decoration:underline;} .message-learn-cannotlearn {font-weight:bold;color:#CC2222;text-decoration:underline;} .message-effect-weak {font-weight:bold;color:#CC2222;} .message-effect-resist {font-weight:bold;color:#6688AA;} .message-effect-immune {font-weight:bold;color:#666666;} .message-learn-list {margin-top:0;margin-bottom:0;} .message-throttle-notice, .message-error {color:#992222;} .message-overflow, .chat small.message-overflow {font-size:0pt;} .message-overflow::before {font-size:9pt;content:'...';} .subtle {color:#3A4A66;}
</style>
<div class="wrapper replay-wrapper" style="max-width:1180px;margin:0 auto">
<input type="hidden" name="replayid" value="pu-585934861" />
<div class="battle"></div><div class="battle-log"></div><div class="replay-controls"></div><div class="replay-controls-2"></div>
<h1 style="font-weight:normal;text-align:center"><strong>PU</strong><br /><a href="http://pokemonshowdown.com/users/2xthetap" class="subtle" target="_blank">2xTheTap</a> vs. <a href="http://pokemonshowdown.com/users/275p" class="subtle" target="_blank">275p</a></h1>
<script type="text/plain" class="battle-log-data">|j|2xTheTap
|j|275p
|player|p1|2xTheTap|#2xthetap
|teamsize|p1|6
|player|p2|275p|69
|teamsize|p2|6
|gametype|singles
|gen|6
|tier|PU
|seed|5360,48588,52017,8991
|rule|Sleep Clause Mod: Limit one foe put to sleep
|rule|Species Clause: Limit one of each Pokémon
|rule|OHKO Clause: OHKO moves are banned
|rule|Moody Clause: Moody is banned
|rule|Evasion Moves Clause: Evasion moves are banned
|rule|Endless Battle Clause: Forcing endless battles is banned
|rule|HP Percentage Mod: HP is shown in percentages
|clearpoke
|poke|p1|Altaria, F|item
|poke|p1|Lumineon, M|item
|poke|p1|Muk, F|item
|poke|p1|Gourgeist-*, M|item
|poke|p1|Bronzor|item
|poke|p1|Camerupt, F|item
|poke|p2|Prinplup, F|item
|poke|p2|Zebstrika, F|item
|poke|p2|Krokorok, M|item
|poke|p2|Leavanny, M|item
|poke|p2|Spinda, M|item
|poke|p2|Dusknoir, F|item
|rule|Swagger Clause: Swagger is banned
|rule|Baton Pass Clause: Limit one Baton Passer, can't pass Spe and other stats simultaneously
|teampreview
|j|TIBot
|choice|team 3, team 2, team 1, team 4, team 5, team 6|team 4, team 2, team 3, team 1, team 5, team 6
|
|start
|switch|p1a: Muk|Muk, F|413\/413
|switch|p2a: Leavanny|Leavanny, M|354\/354
|turn|1
|choice|move curse|move knockoff
|
|move|p2a: Leavanny|Knock Off|p1a: Muk
|-damage|p1a: Muk|283\/413
|-activate|p1a: Muk|ability: Sticky Hold
|move|p1a: Muk|Curse|p1a: Muk
|-unboost|p1a: Muk|spe|1
|-boost|p1a: Muk|atk|1
|-boost|p1a: Muk|def|1
|
|-heal|p1a: Muk|308\/413|[from] item: Black Sludge
|upkeep
|turn|2
|choice|move poisonjab|move stickyweb
|
|move|p2a: Leavanny|Sticky Web|p1a: Muk
|-sidestart|p1: 2xTheTap|move: Sticky Web
|move|p1a: Muk|Poison Jab|p2a: Leavanny
|-supereffective|p2a: Leavanny
|-damage|p2a: Leavanny|18\/354
|
|-heal|p1a: Muk|333\/413|[from] item: Black Sludge
|upkeep
|turn|3
|choice|move curse|switch 3
|
|switch|p2a: Krokorok|Krokorok, M|324\/324
|-ability|p2a: Krokorok|Intimidate|boost
|-unboost|p1a: Muk|atk|1
|move|p1a: Muk|Curse|p1a: Muk
|-unboost|p1a: Muk|spe|1
|-boost|p1a: Muk|atk|1
|-boost|p1a: Muk|def|1
|
|-heal|p1a: Muk|358\/413|[from] item: Black Sludge
|upkeep
|turn|4
|choice|switch 3|move taunt
|
|switch|p1a: Altaria|Altaria, F|353\/353
|move|p2a: Krokorok|Taunt|p1a: Altaria
|-start|p1a: Altaria|move: Taunt
|
|upkeep
|turn|5
|choice|move flamethrower|switch 6
|
|switch|p2a: Dusknoir|Dusknoir, F|294\/294
|-item|p1a: Altaria|Leftovers|[from] ability: Frisk|[of] p2a: Dusknoir|[identify]
|move|p1a: Altaria|Flamethrower|p2a: Dusknoir
|-damage|p2a: Dusknoir|263\/294
|
|upkeep
|turn|6
|choice|switch 5|move trick
|
|switch|p1a: Bronzor|Bronzor|317\/317
|move|p2a: Dusknoir|Trick|p1a: Bronzor
|-activate|p2a: Dusknoir|move: Trick|[of] p1a: Bronzor
|-item|p1a: Bronzor|Lagging Tail|[from] move: Trick
|-item|p2a: Dusknoir|Eviolite|[from] move: Trick
|
|upkeep
|turn|7
|choice|move stealthrock|move shadowsneak
|
|move|p2a: Dusknoir|Shadow Sneak|p1a: Bronzor
|-supereffective|p1a: Bronzor
|-damage|p1a: Bronzor|225\/317
|move|p1a: Bronzor|Stealth Rock|p2a: Dusknoir
|-sidestart|p2: 275p|move: Stealth Rock
|
|upkeep
|turn|8
|choice|move toxic|move shadowsneak
|
|move|p2a: Dusknoir|Shadow Sneak|p1a: Bronzor
|-supereffective|p1a: Bronzor
|-damage|p1a: Bronzor|139\/317
|move|p1a: Bronzor|Toxic|p2a: Dusknoir
|-status|p2a: Dusknoir|tox
|
|-damage|p2a: Dusknoir|245\/294 tox|[from] psn
|upkeep
|turn|9
|choice|move rest|switch 6
|
|switch|p2a: Krokorok|Krokorok, M|324\/324
|-damage|p2a: Krokorok|304\/324|[from] Stealth Rock
|-ability|p2a: Krokorok|Intimidate|boost
|-unboost|p1a: Bronzor|atk|1
|move|p1a: Bronzor|Rest|p1a: Bronzor
|-status|p1a: Bronzor|slp
|-heal|p1a: Bronzor|317\/317 slp|[silent]
|-status|p1a: Bronzor|slp|[from] move: Rest
|
|upkeep
|turn|10
|choice|switch 5|move taunt
|
|switch|p1a: Altaria|Altaria, F|353\/353
|move|p2a: Krokorok|Taunt|p1a: Altaria
|-start|p1a: Altaria|move: Taunt
|
|upkeep
|turn|11
|choice|move flamethrower|switch 5
|
|switch|p2a: Spinda|Spinda, M|324\/324
|-damage|p2a: Spinda|284\/324|[from] Stealth Rock
|move|p1a: Altaria|Flamethrower|p2a: Spinda
|-crit|p2a: Spinda
|-damage|p2a: Spinda|209\/324
|-status|p2a: Spinda|brn
|
|-heal|p2a: Spinda|229\/324 brn|[from] item: Leftovers
|-damage|p2a: Spinda|189\/324 brn|[from] brn
|upkeep
|turn|12
|choice|move flamethrower|move toxic
|
|move|p1a: Altaria|Flamethrower|p2a: Spinda
|-damage|p2a: Spinda|135\/324 brn
|move|p2a: Spinda|Toxic|p1a: Altaria
|-status|p1a: Altaria|tox
|
|-heal|p2a: Spinda|155\/324 brn|[from] item: Leftovers
|-damage|p1a: Altaria|331\/353 tox|[from] psn
|-damage|p2a: Spinda|115\/324 brn|[from] brn
|-end|p1a: Altaria|move: Taunt
|upkeep
|turn|13
|j|Amythyst48
|choice|switch 2|move wish
|
|-curestatus|p1a: Altaria|tox|[from] ability: Natural Cure
|switch|p1a: Lumineon|Lumineon, M|341\/341
|-activate|p1a: Lumineon|move: Sticky Web
|-unboost|p1a: Lumineon|spe|1
|move|p2a: Spinda|Wish|p2a: Spinda
|
|-heal|p2a: Spinda|135\/324 brn|[from] item: Leftovers
|-damage|p2a: Spinda|95\/324 brn|[from] brn
|upkeep
|turn|14
|choice|move scald|move protect
|
|move|p2a: Spinda|Protect|p2a: Spinda
|-singleturn|p2a: Spinda|Protect
|move|p1a: Lumineon|Scald|p2a: Spinda
|-activate|p2a: Spinda|move: Protect
|
|-heal|p2a: Spinda|257\/324 brn|[from] move: Wish|[wisher] Spinda
|-heal|p2a: Spinda|277\/324 brn|[from] item: Leftovers
|-damage|p2a: Spinda|237\/324 brn|[from] brn
|upkeep
|turn|15
|choice|move defog|move toxic
|
|move|p2a: Spinda|Toxic|p1a: Lumineon
|-status|p1a: Lumineon|tox
|move|p1a: Lumineon|Defog|p2a: Spinda
|-unboost|p2a: Spinda|evasion|1
|-sideend|p2: 275p|Stealth Rock|[from] move: Defog|[of] p2a: Spinda
|-sideend|p1: 2xTheTap|Sticky Web|[from] move: Defog|[of] p1a: Lumineon
|
|-heal|p2a: Spinda|257\/324 brn|[from] item: Leftovers
|-damage|p2a: Spinda|217\/324 brn|[from] brn
|-damage|p1a: Lumineon|320\/341 tox|[from] psn
|upkeep
|turn|16
|choice|move uturn|move wish
|
|move|p2a: Spinda|Wish|p2a: Spinda
|move|p1a: Lumineon|U-turn|p2a: Spinda
|-damage|p2a: Spinda|159\/324 brn
|choice|switch 2|
|
|switch|p1a: Altaria|Altaria, F|331\/353
|
|-heal|p1a: Altaria|353\/353|[from] item: Leftovers
|-heal|p2a: Spinda|179\/324 brn|[from] item: Leftovers
|-damage|p2a: Spinda|139\/324 brn|[from] brn
|upkeep
|turn|17
|choice|move healbell|move toxic
|
|move|p1a: Altaria|Heal Bell|p1a: Altaria
|-activate|p1a: Altaria|move: Heal Bell
|-curestatus|p1: Lumineon|tox|[msg]
|-curestatus|p1: Bronzor|slp|[msg]
|move|p2a: Spinda|Toxic|p1a: Altaria
|-status|p1a: Altaria|tox
|
|-heal|p2a: Spinda|301\/324 brn|[from] move: Wish|[wisher] Spinda
|-heal|p2a: Spinda|321\/324 brn|[from] item: Leftovers
|-damage|p1a: Altaria|331\/353 tox|[from] psn
|-damage|p2a: Spinda|281\/324 brn|[from] brn
|upkeep
|turn|18
|choice|switch 3|switch 5
|
|-curestatus|p1a: Altaria|tox|[from] ability: Natural Cure
|switch|p1a: Muk|Muk, F|358\/413
|switch|p2a: Krokorok|Krokorok, M|304\/324
|-ability|p2a: Krokorok|Intimidate|boost
|-unboost|p1a: Muk|atk|1
|
|-heal|p1a: Muk|383\/413|[from] item: Black Sludge
|upkeep
|turn|19
|choice|switch 3|move taunt
|
|switch|p1a: Altaria|Altaria, F|331\/353
|move|p2a: Krokorok|Taunt|p1a: Altaria
|-start|p1a: Altaria|move: Taunt
|
|-heal|p1a: Altaria|353\/353|[from] item: Leftovers
|upkeep
|turn|20
|choice|move flamethrower|switch 4
|
|switch|p2a: Prinplup|Prinplup, F|269\/269
|move|p1a: Altaria|Flamethrower|p2a: Prinplup
|-resisted|p2a: Prinplup
|-damage|p2a: Prinplup|246\/269
|
|upkeep
|turn|21
|choice|switch 2|move scald
|
|switch|p1a: Lumineon|Lumineon, M|320\/341
|move|p2a: Prinplup|Scald|p1a: Lumineon
|-ability|p1a: Lumineon|Storm Drain|boost
|-boost|p1a: Lumineon|spa|1
|
|-heal|p1a: Lumineon|341\/341|[from] item: Leftovers
|upkeep
|turn|22
|l|Amythyst48
|choice|move scald|move stealthrock
|
|move|p1a: Lumineon|Scald|p2a: Prinplup
|-resisted|p2a: Prinplup
|-damage|p2a: Prinplup|201\/269
|move|p2a: Prinplup|Stealth Rock|p1a: Lumineon
|-sidestart|p1: 2xTheTap|move: Stealth Rock
|
|upkeep
|turn|23
|choice|move scald|switch 2
|
|switch|p2a: Zebstrika|Zebstrika, F|292\/292
|move|p1a: Lumineon|Scald|p2a: Zebstrika
|-crit|p2a: Zebstrika
|-damage|p2a: Zebstrika|60\/292
|-status|p2a: Zebstrika|brn
|
|-damage|p2a: Zebstrika|24\/292 brn|[from] brn
|upkeep
|turn|24
|choice|switch 6|move voltswitch
|
|switch|p1a: Camerupt|Camerupt, F|343\/343
|-damage|p1a: Camerupt|301\/343|[from] Stealth Rock
|move|p2a: Zebstrika|Volt Switch|p1a: Camerupt
|-immune|p1a: Camerupt|[msg]
|
|-heal|p1a: Camerupt|322\/343|[from] item: Leftovers
|-damage|p2a: Zebstrika|0 fnt|[from] brn
|upkeep
|faint|p2a: Zebstrika
|choice||switch 2
|
|switch|p2a: Prinplup|Prinplup, F|201\/269
|turn|25
|choice|switch 6|switch 4
|
|switch|p2a: Krokorok|Krokorok, M|304\/324
|-ability|p2a: Krokorok|Intimidate|boost
|-unboost|p1a: Camerupt|atk|1
|switch|p1a: Lumineon|Lumineon, M|341\/341
|-damage|p1a: Lumineon|299\/341|[from] Stealth Rock
|
|-heal|p1a: Lumineon|320\/341|[from] item: Leftovers
|upkeep
|turn|26
|choice|move scald|switch 4
|
|switch|p2a: Prinplup|Prinplup, F|201\/269
|move|p1a: Lumineon|Scald|p2a: Prinplup
|-resisted|p2a: Prinplup
|-damage|p2a: Prinplup|171\/269
|
|-heal|p1a: Lumineon|341\/341|[from] item: Leftovers
|upkeep
|turn|27
|choice|move toxic|move stealthrock
|
|move|p1a: Lumineon|Toxic|p2a: Prinplup
|-status|p2a: Prinplup|tox
|move|p2a: Prinplup|Stealth Rock|p1a: Lumineon
|-fail|p1a: Lumineon
|
|-damage|p2a: Prinplup|155\/269 tox|[from] psn
|upkeep
|turn|28
|choice|move defog|switch 5
|
|switch|p2a: Spinda|Spinda, M|281\/324 brn
|move|p1a: Lumineon|Defog|p2a: Spinda
|-unboost|p2a: Spinda|evasion|1
|-sideend|p1: 2xTheTap|Stealth Rock|[from] move: Defog|[of] p1a: Lumineon
|
|-heal|p2a: Spinda|301\/324 brn|[from] item: Leftovers
|-damage|p2a: Spinda|261\/324 brn|[from] brn
|upkeep
|turn|29
|choice|move uturn|move wish
|
|move|p1a: Lumineon|U-turn|p2a: Spinda
|-damage|p2a: Spinda|209\/324 brn
|choice|switch 3|
|
|switch|p1a: Muk|Muk, F|383\/413
|move|p2a: Spinda|Wish|p2a: Spinda
|
|-heal|p2a: Spinda|229\/324 brn|[from] item: Leftovers
|-heal|p1a: Muk|408\/413|[from] item: Black Sludge
|-damage|p2a: Spinda|189\/324 brn|[from] brn
|upkeep
|turn|30
|choice|move curse|switch 4
|
|switch|p2a: Krokorok|Krokorok, M|304\/324
|-ability|p2a: Krokorok|Intimidate|boost
|-unboost|p1a: Muk|atk|1
|move|p1a: Muk|Curse|p1a: Muk
|-unboost|p1a: Muk|spe|1
|-boost|p1a: Muk|atk|1
|-boost|p1a: Muk|def|1
|
|-heal|p2a: Krokorok|324\/324|[from] move: Wish|[wisher] Spinda
|-heal|p1a: Muk|413\/413|[from] item: Black Sludge
|upkeep
|turn|31
|choice|move poisonjab|move taunt
|
|move|p2a: Krokorok|Taunt|p1a: Muk
|-start|p1a: Muk|move: Taunt
|move|p1a: Muk|Poison Jab|p2a: Krokorok
|-resisted|p2a: Krokorok
|-damage|p2a: Krokorok|267\/324
|
|upkeep
|turn|32
|choice|switch 2|move pursuit
|
|-activate|p1a: Muk|move: Pursuit
|move|p2a: Krokorok|Pursuit|p1a: Muk|[from]Pursuit
|-damage|p1a: Muk|316\/413
|switch|p1a: Altaria|Altaria, F|353\/353
|
|upkeep
|turn|33
|choice|move toxic|move taunt
|
|move|p1a: Altaria|Toxic|p2a: Krokorok
|-status|p2a: Krokorok|tox
|move|p2a: Krokorok|Taunt|p1a: Altaria
|-start|p1a: Altaria|move: Taunt
|
|-damage|p2a: Krokorok|247\/324 tox|[from] psn
|upkeep
|turn|34
|choice|move flamethrower|switch 6
|
|switch|p2a: Dusknoir|Dusknoir, F|245\/294 tox
|-item|p1a: Altaria|Leftovers|[from] ability: Frisk|[of] p2a: Dusknoir|[identify]
|move|p1a: Altaria|Flamethrower|p2a: Dusknoir
|-damage|p2a: Dusknoir|215\/294 tox
|
|-damage|p2a: Dusknoir|197\/294 tox|[from] psn
|upkeep
|turn|35
|choice|switch 3|move trick
|
|switch|p1a: Lumineon|Lumineon, M|341\/341
|move|p2a: Dusknoir|Trick|p1a: Lumineon
|-activate|p2a: Dusknoir|move: Trick|[of] p1a: Lumineon
|-item|p1a: Lumineon|Eviolite|[from] move: Trick
|-item|p2a: Dusknoir|Leftovers|[from] move: Trick
|
|-heal|p2a: Dusknoir|215\/294 tox|[from] item: Leftovers
|-damage|p2a: Dusknoir|179\/294 tox|[from] psn
|upkeep
|turn|36
|choice|move scald|move thunderpunch
|
|move|p1a: Lumineon|Scald|p2a: Dusknoir
|-damage|p2a: Dusknoir|136\/294 tox
|move|p2a: Dusknoir|Thunder Punch|p1a: Lumineon
|-supereffective|p1a: Lumineon
|-damage|p1a: Lumineon|243\/341
|
|-heal|p2a: Dusknoir|154\/294 tox|[from] item: Leftovers
|-damage|p2a: Dusknoir|100\/294 tox|[from] psn
|upkeep
|turn|37
|choice|move uturn|switch 5
|
|switch|p2a: Prinplup|Prinplup, F|155\/269 tox
|move|p1a: Lumineon|U-turn|p2a: Prinplup
|-damage|p2a: Prinplup|123\/269 tox
|choice|switch 5|
|
|switch|p1a: Bronzor|Bronzor|317\/317
|
|-damage|p2a: Prinplup|107\/269 tox|[from] psn
|upkeep
|turn|38
|choice|move stealthrock|switch 6
|
|switch|p2a: Krokorok|Krokorok, M|247\/324 tox
|-ability|p2a: Krokorok|Intimidate|boost
|-unboost|p1a: Bronzor|atk|1
|move|p1a: Bronzor|Stealth Rock|p2a: Krokorok
|-sidestart|p2: 275p|move: Stealth Rock
|
|-damage|p2a: Krokorok|227\/324 tox|[from] psn
|upkeep
|turn|39
|choice|switch 3|move pursuit
|
|-activate|p1a: Bronzor|move: Pursuit
|move|p2a: Krokorok|Pursuit|p1a: Bronzor|[from]Pursuit
|-supereffective|p1a: Bronzor
|-damage|p1a: Bronzor|119\/317
|switch|p1a: Altaria|Altaria, F|353\/353
|
|-damage|p2a: Krokorok|187\/324 tox|[from] psn
|upkeep
|turn|40
|choice|move flamethrower|switch 3
|
|switch|p2a: Leavanny|Leavanny, M|18\/354
|-damage|p2a: Leavanny|0 fnt|[from] Stealth Rock
|faint|p2a: Leavanny
|move|p1a: Altaria|Flamethrower|p2: Leavanny|[notarget]
|-notarget
|
|upkeep
|choice||switch 4
|
|switch|p2a: Spinda|Spinda, M|189\/324 brn
|-damage|p2a: Spinda|149\/324 brn|[from] Stealth Rock
|turn|41
|choice|move flamethrower|move wish
|
|move|p1a: Altaria|Flamethrower|p2a: Spinda
|-damage|p2a: Spinda|96\/324 brn
|move|p2a: Spinda|Wish|p2a: Spinda
|
|-heal|p2a: Spinda|116\/324 brn|[from] item: Leftovers
|-damage|p2a: Spinda|76\/324 brn|[from] brn
|upkeep
|turn|42
|choice|switch 2|move protect
|
|switch|p1a: Muk|Muk, F|316\/413
|move|p2a: Spinda|Protect|p2a: Spinda
|-fail|p2a: Spinda
|
|-heal|p2a: Spinda|238\/324 brn|[from] move: Wish|[wisher] Spinda
|-heal|p2a: Spinda|258\/324 brn|[from] item: Leftovers
|-heal|p1a: Muk|341\/413|[from] item: Black Sludge
|-damage|p2a: Spinda|218\/324 brn|[from] brn
|upkeep
|turn|43
|choice|move curse|switch 3
|
|switch|p2a: Krokorok|Krokorok, M|187\/324 tox
|-damage|p2a: Krokorok|167\/324 tox|[from] Stealth Rock
|-ability|p2a: Krokorok|Intimidate|boost
|-unboost|p1a: Muk|atk|1
|move|p1a: Muk|Curse|p1a: Muk
|-unboost|p1a: Muk|spe|1
|-boost|p1a: Muk|atk|1
|-boost|p1a: Muk|def|1
|
|-heal|p1a: Muk|366\/413|[from] item: Black Sludge
|-damage|p2a: Krokorok|147\/324 tox|[from] psn
|upkeep
|turn|44
|choice|move poisonjab|move earthquake
|
|move|p2a: Krokorok|Earthquake|p1a: Muk
|-supereffective|p1a: Muk
|-damage|p1a: Muk|126\/413
|move|p1a: Muk|Poison Jab|p2a: Krokorok
|-resisted|p2a: Krokorok
|-damage|p2a: Krokorok|87\/324 tox
|
|-heal|p1a: Muk|151\/413|[from] item: Black Sludge
|-damage|p2a: Krokorok|47\/324 tox|[from] psn
|upkeep
|turn|45
|choice|switch 4|move pursuit
|
|-activate|p1a: Muk|move: Pursuit
|move|p2a: Krokorok|Pursuit|p1a: Muk|[from]Pursuit
|-damage|p1a: Muk|61\/413
|switch|p1a: Gourgeist|Gourgeist-Super, M|373\/373
|
|-damage|p2a: Krokorok|0 fnt|[from] psn
|upkeep
|faint|p2a: Krokorok
|choice||switch 5
|
|switch|p2a: Dusknoir|Dusknoir, F|100\/294 tox
|-damage|p2a: Dusknoir|64\/294 tox|[from] Stealth Rock
|-item|p1a: Gourgeist|Colbur Berry|[from] ability: Frisk|[of] p2a: Dusknoir|[identify]
|turn|46
|choice|move foulplay|move shadowsneak
|
|move|p2a: Dusknoir|Shadow Sneak|p1a: Gourgeist
|-supereffective|p1a: Gourgeist
|-damage|p1a: Gourgeist|311\/373
|move|p1a: Gourgeist|Foul Play|p2a: Dusknoir
|-supereffective|p2a: Dusknoir
|-damage|p2a: Dusknoir|0 fnt
|faint|p2a: Dusknoir
|
|upkeep
|choice||switch 3
|
|switch|p2a: Spinda|Spinda, M|218\/324 brn
|-damage|p2a: Spinda|178\/324 brn|[from] Stealth Rock
|turn|47
|choice|move skillswap|move toxic
|
|move|p2a: Spinda|Toxic|p1a: Gourgeist
|-status|p1a: Gourgeist|tox
|move|p1a: Gourgeist|Skill Swap|p2a: Spinda
|-activate|p1a: Gourgeist|move: Skill Swap|Own Tempo|Insomnia|[of] p2a: Spinda
|
|-heal|p2a: Spinda|198\/324 brn|[from] item: Leftovers
|-damage|p2a: Spinda|158\/324 brn|[from] brn
|-damage|p1a: Gourgeist|288\/373 tox|[from] psn
|upkeep
|turn|48
|choice|switch 2|move wish
|
|switch|p1a: Altaria|Altaria, F|353\/353
|move|p2a: Spinda|Wish|p2a: Spinda
|
|-heal|p2a: Spinda|178\/324 brn|[from] item: Leftovers
|-damage|p2a: Spinda|138\/324 brn|[from] brn
|upkeep
|turn|49
|choice|move healbell|move toxic
|
|move|p1a: Altaria|Heal Bell|p1a: Altaria
|-activate|p1a: Altaria|move: Heal Bell
|-curestatus|p1: Gourgeist|tox|[msg]
|move|p2a: Spinda|Toxic|p1a: Altaria
|-status|p1a: Altaria|tox
|
|-heal|p2a: Spinda|300\/324 brn|[from] move: Wish|[wisher] Spinda
|-heal|p2a: Spinda|320\/324 brn|[from] item: Leftovers
|-damage|p1a: Altaria|331\/353 tox|[from] psn
|-damage|p2a: Spinda|280\/324 brn|[from] brn
|upkeep
|turn|50
|choice|switch 4|switch 6
|
|-curestatus|p1a: Altaria|tox|[from] ability: Natural Cure
|switch|p1a: Muk|Muk, F|61\/413
|switch|p2a: Prinplup|Prinplup, F|107\/269 tox
|-damage|p2a: Prinplup|74\/269 tox|[from] Stealth Rock
|
|-heal|p1a: Muk|86\/413|[from] item: Black Sludge
|-damage|p2a: Prinplup|58\/269 tox|[from] psn
|upkeep
|turn|51
|choice|switch 5|move rest
|
|switch|p1a: Lumineon|Lumineon, M|243\/341
|move|p2a: Prinplup|Rest|p2a: Prinplup
|-status|p2a: Prinplup|slp
|-heal|p2a: Prinplup|269\/269 slp|[silent]
|-status|p2a: Prinplup|slp|[from] move: Rest
|
|upkeep
|turn|52
|choice|move scald|switch 6
|
|switch|p2a: Spinda|Spinda, M|280\/324 brn
|-damage|p2a: Spinda|240\/324 brn|[from] Stealth Rock
|move|p1a: Lumineon|Scald|p2a: Spinda
|-crit|p2a: Spinda
|-damage|p2a: Spinda|128\/324 brn
|
|-heal|p2a: Spinda|148\/324 brn|[from] item: Leftovers
|-damage|p2a: Spinda|108\/324 brn|[from] brn
|upkeep
|turn|53
|choice|move scald|move fakeout
|
|move|p2a: Spinda|Fake Out|p1a: Lumineon
|-damage|p1a: Lumineon|229\/341
|cant|p1a: Lumineon|flinch
|
|-heal|p2a: Spinda|128\/324 brn|[from] item: Leftovers
|-damage|p2a: Spinda|88\/324 brn|[from] brn
|upkeep
|turn|54
|choice|move scald|move wish
|
|move|p1a: Lumineon|Scald|p2a: Spinda
|-damage|p2a: Spinda|16\/324 brn
|move|p2a: Spinda|Wish|p2a: Spinda
|
|-heal|p2a: Spinda|36\/324 brn|[from] item: Leftovers
|-damage|p2a: Spinda|0 fnt|[from] brn
|upkeep
|faint|p2a: Spinda
|choice||switch 6
|
|switch|p2a: Prinplup|Prinplup, F|269\/269 slp
|-damage|p2a: Prinplup|236\/269 slp|[from] Stealth Rock
|turn|55
|choice|switch 2|move stealthrock
|
|switch|p1a: Gourgeist|Gourgeist-Super, M|288\/373
|cant|p2a: Prinplup|slp
|
|-heal|p2a: Prinplup|269\/269 slp|[from] move: Wish|[wisher] Spinda
|upkeep
|turn|56
|c|☆275p|gg
|-message|275p forfeited.
|
|win|2xTheTap
|l|TIBot
|c|☆2xTheTap|gg
|l|275p</script>
</div>
<div class="battle-log battle-log-inline"><div class="inner"><div class="battle-options"></div><div class="inner"><div class="chat"><small>2xTheTap joined.</small></div><div class="chat"><small>275p joined.</small></div><div class=""><small>Format:</small> <br><strong>PU</strong></div><div class=""><small><em>Sleep Clause Mod:</em> Limit one foe put to sleep</small></div><div class=""><small><em>Species Clause:</em> Limit one of each Pokémon</small></div><div class=""><small><em>OHKO Clause:</em> OHKO moves are banned</small></div><div class=""><small><em>Moody Clause:</em> Moody is banned</small></div><div class=""><small><em>Evasion Moves Clause:</em> Evasion moves are banned</small></div><div class=""><small><em>Endless Battle Clause:</em> Forcing endless battles is banned</small></div><div class=""><small><em>HP Percentage Mod:</em> HP is shown in percentages</small></div><div class=""><small><em>Swagger Clause:</em> Swagger is banned</small></div><div class=""><small><em>Baton Pass Clause:</em> Limit one Baton Passer, can't pass Spe and other stats simultaneously</small></div><div class="chat battle-history"><strong>2xTheTap's team:</strong> <em style="color:#445566;display:block;">Altaria / Lumineon / Muk / Gourgeist-* / Bronzor / Camerupt</em></div><div class="chat battle-history"><strong>275p's team:</strong> <em style="color:#445566;display:block;">Prinplup / Zebstrika / Krokorok / Leavanny / Spinda / Dusknoir</em></div><div class="chat"><small>TIBot joined.</small></div><div class="spacer battle-history"><br></div><div class="battle-history">Battle started between 2xTheTap and 275p!<br></div><div class="spacer battle-history"><br></div><div class="battle-history">Go! <strong>Muk</strong>!<br></div><div class="spacer battle-history"><br></div><div class="battle-history">275p sent out <strong>Leavanny</strong>!<br></div><div class="spacer battle-history"><br></div><h2 class="battle-history">Turn 1</h2><div class="spacer battle-history"><br></div><div class="battle-history">The opposing Leavanny used <strong>Knock Off</strong>!<br></div><div class="battle-history"><small>(Muk lost <abbr title="−130/413">31.5%</abbr> of its health!)</small><br></div><div class="battle-history"><small>[Muk's Sticky Hold]</small><br><small>Muk's item cannot be removed!</small><br></div><div class="spacer battle-history"><br></div><div class="battle-history">Muk used <strong>Curse</strong>!<br></div><div class="battle-history"><small>Muk's Speed fell!</small><br></div><div class="battle-history"><small>Muk's Attack rose!</small><br></div><div class="battle-history"><small>Muk's Defense rose!</small><br></div><div class="spacer battle-history"><br></div><div class="battle-history"><small>Muk restored a little HP using its Black Sludge!</small><br></div><div class="spacer battle-history"><br></div><h2 class="battle-history">Turn 2</h2><div class="spacer battle-history"><br></div><div class="battle-history">The opposing Leavanny used <strong>Sticky Web</strong>!<br></div><div class="battle-history"><small>A sticky web spreads out on the ground around your team!</small><br></div><div class="spacer battle-history"><br></div><div class="battle-history">Muk used <strong>Poison Jab</strong>!<br></div><div class="battle-history"><small>It's super effective!</small><br></div><div class="battle-history"><small>(The opposing Leavanny lost <abbr title="−336/354">94.9%</abbr> of its health!)</small><br></div><div class="spacer battle-history"><br></div><div class="battle-history"><small>Muk restored a little HP using its Black Sludge!</small><br></div><div class="spacer battle-history"><br></div><h2 class="battle-history">Turn 3</h2><div class="spacer battle-history"><br></div><div class="battle-history">275p withdrew Leavanny!<br></div><div class="battle-history">275p sent out <strong>Krokorok</strong>!<br></div><div class="battle-history"><small>[The opposing Krokorok's Intimidate]</small><br></div><div class="battle-history"><small>Muk's Attack fell!</small><br></div><div class="spacer battle-history"><br></div><div class="battle-history">Muk used <strong>Curse</strong>!<br></div><div class="battle-history"><small>Muk's Speed fell!</small><br></div><div class="battle-history"><small>Muk's Attack rose!</small><br></div><div class="battle-history"><small>Muk's Defense rose!</small><br></div><div class="spacer battle-history"><br></div><div class="battle-history"><small>Muk restored a little HP using its Black Sludge!</small><br></div><div class="spacer battle-history"><br></div><h2 class="battle-history">Turn 4</h2><div class="spacer battle-history"><br></div><div class="battle-history">Muk, come back!<br></div><div class="battle-history">Go! <strong>Altaria</strong>!<br></div><div class="spacer battle-history"><br></div><div class="battle-history">The opposing Krokorok used <strong>Taunt</strong>!<br></div><div class="battle-history"><small>Altaria fell for the taunt!</small><br></div><div class="spacer battle-history"><br></div><h2 class="battle-history">Turn 5</h2><div class="spacer battle-history"><br></div><div class="battle-history">275p withdrew Krokorok!<br></div><div class="battle-history">275p sent out <strong>Dusknoir</strong>!<br></div><div class="battle-history"><small>[The opposing Dusknoir's Frisk]</small><br><small>The opposing Dusknoir frisked Altaria and found its Leftovers!</small><br></div><div class="spacer battle-history"><br></div><div class="battle-history">Altaria used <strong>Flamethrower</strong>!<br></div><div class="battle-history"><small>(The opposing Dusknoir lost <abbr title="−31/294">10.5%</abbr> of its health!)</small><br></div><div class="spacer battle-history"><br></div><h2 class="battle-history">Turn 6</h2><div class="spacer battle-history"><br></div><div class="battle-history">Altaria, come back!<br></div><div class="battle-history">Go! <strong>Bronzor</strong>!<br></div><div class="spacer battle-history"><br></div><div class="battle-history">The opposing Dusknoir used <strong>Trick</strong>!<br></div><div class="battle-history"><small>The opposing Dusknoir switched items with its target!</small><br></div><div class="battle-history"><small>Bronzor obtained one Lagging Tail.</small><br></div><div class="battle-history"><small>The opposing Dusknoir obtained one Eviolite.</small><br></div><div class="spacer battle-history"><br></div><h2 class="battle-history">Turn 7</h2><div class="spacer battle-history"><br></div><div class="battle-history">The opposing Dusknoir used <strong>Shadow Sneak</strong>!<br></div><div class="battle-history"><small>It's super effective!</small><br></div><div class="battle-history"><small>(Bronzor lost <abbr title="−92/317">29.0%</abbr> of its health!)</small><br></div><div class="spacer battle-history"><br></div><div class="battle-history">Bronzor used <strong>Stealth Rock</strong>!<br></div><div class="battle-history"><small>Pointed stones float in the air around the opposing team!</small><br></div><div class="spacer battle-history"><br></div><h2 class="battle-history">Turn 8</h2><div class="spacer battle-history"><br></div><div class="battle-history">The opposing Dusknoir used <strong>Shadow Sneak</strong>!<br></div><div class="battle-history"><small>It's super effective!</small><br></div><div class="battle-history"><small>(Bronzor lost <abbr title="−86/317">27.1%</abbr> of its health!)</small><br></div><div class="spacer battle-history"><br></div><div class="battle-history">Bronzor used <strong>Toxic</strong>!<br></div><div class="battle-history"><small>The opposing Dusknoir was badly poisoned!</small><br></div><div class="spacer battle-history"><br></div><div class="battle-history"><small>The opposing Dusknoir was hurt by poison!</small><br></div><div class="spacer battle-history"><br></div><h2 class="battle-history">Turn 9</h2><div class="spacer battle-history"><br></div><div class="battle-history">275p withdrew Dusknoir!<br></div><div class="battle-history">275p sent out <strong>Krokorok</strong>!<br></div><div class="battle-history"><small>Pointed stones dug into the opposing Krokorok!</small><br></div><div class="battle-history"><small>[The opposing Krokorok's Intimidate]</small><br></div><div class="battle-history"><small>Bronzor's Attack fell!</small><br></div><div class="spacer battle-history"><br></div><div class="battle-history">Bronzor used <strong>Rest</strong>!<br></div><div class="battle-history"><small>Bronzor fell asleep!</small><br></div><div class="battle-history"><small>Bronzor slept and became healthy!</small><br></div><div class="spacer battle-history"><br></div><h2 class="battle-history">Turn 10</h2><div class="spacer battle-history"><br></div><div class="battle-history">Bronzor, come back!<br></div><div class="battle-history">Go! <strong>Altaria</strong>!<br></div><div class="spacer battle-history"><br></div><div class="battle-history">The opposing Krokorok used <strong>Taunt</strong>!<br></div><div class="battle-history"><small>Altaria fell for the taunt!</small><br></div><div class="spacer battle-history"><br></div><h2 class="battle-history">Turn 11</h2><div class="spacer battle-history"><br></div><div class="battle-history">275p withdrew Krokorok!<br></div><div class="battle-history">275p sent out <strong>Spinda</strong>!<br></div><div class="battle-history"><small>Pointed stones dug into the opposing Spinda!</small><br></div><div class="spacer battle-history"><br></div><div class="battle-history">Altaria used <strong>Flamethrower</strong>!<br></div><div class="battle-history"><small>A critical hit!</small><br></div><div class="battle-history"><small>(The opposing Spinda lost <abbr title="−75/324">23.1%</abbr> of its health!)</small><br></div><div class="battle-history"><small>The opposing Spinda was burned!</small><br></div><div class="spacer battle-history"><br></div><div class="battle-history"><small>The opposing Spinda restored a little HP using its Leftovers!</small><br></div><div class="battle-history"><small>The opposing Spinda was hurt by its burn!</small><br></div><div class="spacer battle-history"><br></div><h2 class="battle-history">Turn 12</h2><div class="spacer battle-history"><br></div><div class="battle-history">Altaria used <strong>Flamethrower</strong>!<br></div><div class="battle-history"><small>(The opposing Spinda lost <abbr title="−54/324">16.7%</abbr> of its health!)</small><br></div><div class="spacer battle-history"><br></div><div class="battle-history">The opposing Spinda used <strong>Toxic</strong>!<br></div><div class="battle-history"><small>Altaria was badly poisoned!</small><br></div><div class="spacer battle-history"><br></div><div class="battle-history"><small>The opposing Spinda restored a little HP using its Leftovers!</small><br></div><div class="battle-history"><small>Altaria was hurt by poison!</small><br></div><div class="battle-history"><small>The opposing Spinda was hurt by its burn!</small><br></div><div class="battle-history"><small>Altaria's taunt wore off!</small><br></div><div class="spacer battle-history"><br></div><h2 class="battle-history">Turn 13</h2><div class="chat"><small>Amythyst48 joined.</small></div><div class="spacer battle-history"><br></div><div class="battle-history"><small>(Altaria is cured by its Natural Cure!)</small><br></div><div class="battle-history">Altaria, come back!<br></div><div class="battle-history">Go! <strong>Lumineon</strong>!<br></div><div class="battle-history"><small>Lumineon was caught in a sticky web!</small><br></div><div class="battle-history"><small>Lumineon's Speed fell!</small><br></div><div class="spacer battle-history"><br></div><div class="battle-history">The opposing Spinda used <strong>Wish</strong>!<br></div><div class="spacer battle-history"><br></div><div class="battle-history"><small>The opposing Spinda restored a little HP using its Leftovers!</small><br></div><div class="battle-history"><small>The opposing Spinda was hurt by its burn!</small><br></div><div class="spacer battle-history"><br></div><h2 class="battle-history">Turn 14</h2><div class="spacer battle-history"><br></div><div class="battle-history">The opposing Spinda used <strong>Protect</strong>!<br></div><div class="battle-history"><small>The opposing Spinda protected itself!</small><br></div><div class="spacer battle-history"><br></div><div class="battle-history">Lumineon used <strong>Scald</strong>!<br></div><div class="battle-history"><small>The opposing Spinda protected itself!</small><br></div><div class="spacer battle-history"><br></div><div class="battle-history"><small>Spinda's wish came true!</small><br></div><div class="battle-history"><small>The opposing Spinda restored a little HP using its Leftovers!</small><br></div><div class="battle-history"><small>The opposing Spinda was hurt by its burn!</small><br></div><div class="spacer battle-history"><br></div><h2 class="battle-history">Turn 15</h2><div class="spacer battle-history"><br></div><div class="battle-history">The opposing Spinda used <strong>Toxic</strong>!<br></div><div class="battle-history"><small>Lumineon was badly poisoned!</small><br></div><div class="spacer battle-history"><br></div><div class="battle-history">Lumineon used <strong>Defog</strong>!<br></div><div class="battle-history"><small>The opposing Spinda's evasiveness fell!</small><br></div><div class="battle-history"><small>The pointed stones disappeared from around the opposing team!</small><br></div><div class="battle-history"><small>The sticky web has disappeared from the ground around your team!</small><br></div><div class="spacer battle-history"><br></div><div class="battle-history"><small>The opposing Spinda restored a little HP using its Leftovers!</small><br></div><div class="battle-history"><small>The opposing Spinda was hurt by its burn!</small><br></div><div class="battle-history"><small>Lumineon was hurt by poison!</small><br></div><div class="spacer battle-history"><br></div><h2 class="battle-history">Turn 16</h2><div class="spacer battle-history"><br></div><div class="battle-history">The opposing Spinda used <strong>Wish</strong>!<br></div><div class="spacer battle-history"><br></div><div class="battle-history">Lumineon used <strong>U-turn</strong>!<br></div><div class="battle-history"><small>(The opposing Spinda lost <abbr title="−58/324">17.9%</abbr> of its health!)</small><br></div><div class="spacer battle-history"><br></div><div class="battle-history">Lumineon went back to 2xTheTap!<br></div><div class="battle-history">Go! <strong>Altaria</strong>!<br></div><div class="spacer battle-history"><br></div><div class="battle-history"><small>Altaria restored a little HP using its Leftovers!</small><br></div><div class="battle-history"><small>The opposing Spinda restored a little HP using its Leftovers!</small><br></div><div class="battle-history"><small>The opposing Spinda was hurt by its burn!</small><br></div><div class="spacer battle-history"><br></div><h2 class="battle-history">Turn 17</h2><div class="spacer battle-history"><br></div><div class="battle-history">Altaria used <strong>Heal Bell</strong>!<br></div><div class="battle-history"><small>A bell chimed!</small><br></div><div class="battle-history"><small>Lumineon was cured of its poisoning.</small><br></div><div class="battle-history"><small>Bronzor woke up!</small><br></div><div class="spacer battle-history"><br></div><div class="battle-history">The opposing Spinda used <strong>Toxic</strong>!<br></div><div class="battle-history"><small>Altaria was badly poisoned!</small><br></div><div class="spacer battle-history"><br></div><div class="battle-history"><small>Spinda's wish came true!</small><br></div><div class="battle-history"><small>The opposing Spinda restored a little HP using its Leftovers!</small><br></div><div class="battle-history"><small>Altaria was hurt by poison!</small><br></div><div class="battle-history"><small>The opposing Spinda was hurt by its burn!</small><br></div><div class="spacer battle-history"><br></div><h2 class="battle-history">Turn 18</h2><div class="spacer battle-history"><br></div><div class="battle-history"><small>(Altaria is cured by its Natural Cure!)</small><br></div><div class="battle-history">Altaria, come back!<br></div><div class="battle-history">Go! <strong>Muk</strong>!<br></div><div class="spacer battle-history"><br></div><div class="battle-history">275p withdrew Spinda!<br></div><div class="battle-history">275p sent out <strong>Krokorok</strong>!<br></div><div class="battle-history"><small>[The opposing Krokorok's Intimidate]</small><br></div><div class="battle-history"><small>Muk's Attack fell!</small><br></div><div class="spacer battle-history"><br></div><div class="battle-history"><small>Muk restored a little HP using its Black Sludge!</small><br></div><div class="spacer battle-history"><br></div><h2 class="battle-history">Turn 19</h2><div class="spacer battle-history"><br></div><div class="battle-history">Muk, come back!<br></div><div class="battle-history">Go! <strong>Altaria</strong>!<br></div><div class="spacer battle-history"><br></div><div class="battle-history">The opposing Krokorok used <strong>Taunt</strong>!<br></div><div class="battle-history"><small>Altaria fell for the taunt!</small><br></div><div class="spacer battle-history"><br></div><div class="battle-history"><small>Altaria restored a little HP using its Leftovers!</small><br></div><div class="spacer battle-history"><br></div><h2 class="battle-history">Turn 20</h2><div class="spacer battle-history"><br></div><div class="battle-history">275p withdrew Krokorok!<br></div><div class="battle-history">275p sent out <strong>Prinplup</strong>!<br></div><div class="spacer battle-history"><br></div><div class="battle-history">Altaria used <strong>Flamethrower</strong>!<br></div><div class="battle-history"><small>It's not very effective...</small><br></div><div class="battle-history"><small>(The opposing Prinplup lost <abbr title="−23/269">8.6%</abbr> of its health!)</small><br></div><div class="spacer battle-history"><br></div><h2 class="battle-history">Turn 21</h2><div class="spacer battle-history"><br></div><div class="battle-history">Altaria, come back!<br></div><div class="battle-history">Go! <strong>Lumineon</strong>!<br></div><div class="spacer battle-history"><br></div><div class="battle-history">The opposing Prinplup used <strong>Scald</strong>!<br></div><div class="battle-history"><small>[Lumineon's Storm Drain]</small><br></div><div class="battle-history"><small>Lumineon's Special Attack rose!</small><br></div><div class="spacer battle-history"><br></div><div class="battle-history"><small>Lumineon restored a little HP using its Leftovers!</small><br></div><div class="spacer battle-history"><br></div><h2 class="battle-history">Turn 22</h2><div class="chat"><small>Amythyst48 left.</small></div><div class="spacer battle-history"><br></div><div class="battle-history">Lumineon used <strong>Scald</strong>!<br></div><div class="battle-history"><small>It's not very effective...</small><br></div><div class="battle-history"><small>(The opposing Prinplup lost <abbr title="−45/269">16.7%</abbr> of its health!)</small><br></div><div class="spacer battle-history"><br></div><div class="battle-history">The opposing Prinplup used <strong>Stealth Rock</strong>!<br></div><div class="battle-history"><small>Pointed stones float in the air around your team!</small><br></div><div class="spacer battle-history"><br></div><h2 class="battle-history">Turn 23</h2><div class="spacer battle-history"><br></div><div class="battle-history">275p withdrew Prinplup!<br></div><div class="battle-history">275p sent out <strong>Zebstrika</strong>!<br></div><div class="spacer battle-history"><br></div><div class="battle-history">Lumineon used <strong>Scald</strong>!<br></div><div class="battle-history"><small>A critical hit!</small><br></div><div class="battle-history"><small>(The opposing Zebstrika lost <abbr title="−232/292">79.5%</abbr> of its health!)</small><br></div><div class="battle-history"><small>The opposing Zebstrika was burned!</small><br></div><div class="spacer battle-history"><br></div><div class="battle-history"><small>The opposing Zebstrika was hurt by its burn!</small><br></div><div class="spacer battle-history"><br></div><h2 class="battle-history">Turn 24</h2><div class="spacer battle-history"><br></div><div class="battle-history">Lumineon, come back!<br></div><div class="battle-history">Go! <strong>Camerupt</strong>!<br></div><div class="battle-history"><small>Pointed stones dug into Camerupt!</small><br></div><div class="spacer battle-history"><br></div><div class="battle-history">The opposing Zebstrika used <strong>Volt Switch</strong>!<br></div><div class="battle-history"><small>It doesn't affect Camerupt...</small><br></div><div class="spacer battle-history"><br></div><div class="battle-history"><small>Camerupt restored a little HP using its Leftovers!</small><br></div><div class="battle-history"><small>The opposing Zebstrika was hurt by its burn!</small><br></div><div class="spacer battle-history"><br></div><div class="battle-history">The opposing Zebstrika fainted!<br></div><div class="spacer battle-history"><br></div><div class="battle-history">275p sent out <strong>Prinplup</strong>!<br></div><div class="spacer battle-history"><br></div><h2 class="battle-history">Turn 25</h2><div class="spacer battle-history"><br></div><div class="battle-history">275p withdrew Prinplup!<br></div><div class="battle-history">275p sent out <strong>Krokorok</strong>!<br></div><div class="battle-history"><small>[The opposing Krokorok's Intimidate]</small><br></div><div class="battle-history"><small>Camerupt's Attack fell!</small><br></div><div class="spacer battle-history"><br></div><div class="battle-history">Camerupt, come back!<br></div><div class="battle-history">Go! <strong>Lumineon</strong>!<br></div><div class="battle-history"><small>Pointed stones dug into Lumineon!</small><br></div><div class="spacer battle-history"><br></div><div class="battle-history"><small>Lumineon restored a little HP using its Leftovers!</small><br></div><div class="spacer battle-history"><br></div><h2 class="battle-history">Turn 26</h2><div class="spacer battle-history"><br></div><div class="battle-history">275p withdrew Krokorok!<br></div><div class="battle-history">275p sent out <strong>Prinplup</strong>!<br></div><div class="spacer battle-history"><br></div><div class="battle-history">Lumineon used <strong>Scald</strong>!<br></div><div class="battle-history"><small>It's not very effective...</small><br></div><div class="battle-history"><small>(The opposing Prinplup lost <abbr title="−30/269">11.2%</abbr> of its health!)</small><br></div><div class="spacer battle-history"><br></div><div class="battle-history"><small>Lumineon restored a little HP using its Leftovers!</small><br></div><div class="spacer battle-history"><br></div><h2 class="battle-history">Turn 27</h2><div class="spacer battle-history"><br></div><div class="battle-history">Lumineon used <strong>Toxic</strong>!<br></div><div class="battle-history"><small>The opposing Prinplup was badly poisoned!</small><br></div><div class="spacer battle-history"><br></div><div class="battle-history">The opposing Prinplup used <strong>Stealth Rock</strong>!<br></div><div class="battle-history"><small>But it failed!</small><br></div><div class="spacer battle-history"><br></div><div class="battle-history"><small>The opposing Prinplup was hurt by poison!</small><br></div><div class="spacer battle-history"><br></div><h2 class="battle-history">Turn 28</h2><div class="spacer battle-history"><br></div><div class="battle-history">275p withdrew Prinplup!<br></div><div class="battle-history">275p sent out <strong>Spinda</strong>!<br></div><div class="spacer battle-history"><br></div><div class="battle-history">Lumineon used <strong>Defog</strong>!<br></div><div class="battle-history"><small>The opposing Spinda's evasiveness fell!</small><br></div><div class="battle-history"><small>The pointed stones disappeared from around your team!</small><br></div><div class="spacer battle-history"><br></div><div class="battle-history"><small>The opposing Spinda restored a little HP using its Leftovers!</small><br></div><div class="battle-history"><small>The opposing Spinda was hurt by its burn!</small><br></div><div class="spacer battle-history"><br></div><h2 class="battle-history">Turn 29</h2><div class="spacer battle-history"><br></div><div class="battle-history">Lumineon used <strong>U-turn</strong>!<br></div><div class="battle-history"><small>(The opposing Spinda lost <abbr title="−52/324">16.0%</abbr> of its health!)</small><br></div><div class="spacer battle-history"><br></div><div class="battle-history">Lumineon went back to 2xTheTap!<br></div><div class="battle-history">Go! <strong>Muk</strong>!<br></div><div class="spacer battle-history"><br></div><div class="battle-history">The opposing Spinda used <strong>Wish</strong>!<br></div><div class="spacer battle-history"><br></div><div class="battle-history"><small>The opposing Spinda restored a little HP using its Leftovers!</small><br></div><div class="battle-history"><small>Muk restored a little HP using its Black Sludge!</small><br></div><div class="battle-history"><small>The opposing Spinda was hurt by its burn!</small><br></div><div class="spacer battle-history"><br></div><h2 class="battle-history">Turn 30</h2><div class="spacer battle-history"><br></div><div class="battle-history">275p withdrew Spinda!<br></div><div class="battle-history">275p sent out <strong>Krokorok</strong>!<br></div><div class="battle-history"><small>[The opposing Krokorok's Intimidate]</small><br></div><div class="battle-history"><small>Muk's Attack fell!</small><br></div><div class="spacer battle-history"><br></div><div class="battle-history">Muk used <strong>Curse</strong>!<br></div><div class="battle-history"><small>Muk's Speed fell!</small><br></div><div class="battle-history"><small>Muk's Attack rose!</small><br></div><div class="battle-history"><small>Muk's Defense rose!</small><br></div><div class="spacer battle-history"><br></div><div class="battle-history"><small>Spinda's wish came true!</small><br></div><div class="battle-history"><small>Muk restored a little HP using its Black Sludge!</small><br></div><div class="spacer battle-history"><br></div><h2 class="battle-history">Turn 31</h2><div class="spacer battle-history"><br></div><div class="battle-history">The opposing Krokorok used <strong>Taunt</strong>!<br></div><div class="battle-history"><small>Muk fell for the taunt!</small><br></div><div class="spacer battle-history"><br></div><div class="battle-history">Muk used <strong>Poison Jab</strong>!<br></div><div class="battle-history"><small>It's not very effective...</small><br></div><div class="battle-history"><small>(The opposing Krokorok lost <abbr title="−57/324">17.6%</abbr> of its health!)</small><br></div><div class="spacer battle-history"><br></div><h2 class="battle-history">Turn 32</h2><div class="spacer battle-history"><br></div><div class="battle-history"><small>(Muk is being withdrawn...)</small><br></div><div class="spacer battle-history"><br></div><div class="battle-history">The opposing Krokorok used <strong>Pursuit</strong>!<br></div><div class="battle-history"><small>(Muk lost <abbr title="−97/413">23.5%</abbr> of its health!)</small><br></div><div class="spacer battle-history"><br></div><div class="battle-history">Muk, come back!<br></div><div class="battle-history">Go! <strong>Altaria</strong>!<br></div><div class="spacer battle-history"><br></div><h2 class="battle-history">Turn 33</h2><div class="spacer battle-history"><br></div><div class="battle-history">Altaria used <strong>Toxic</strong>!<br></div><div class="battle-history"><small>The opposing Krokorok was badly poisoned!</small><br></div><div class="spacer battle-history"><br></div><div class="battle-history">The opposing Krokorok used <strong>Taunt</strong>!<br></div><div class="battle-history"><small>Altaria fell for the taunt!</small><br></div><div class="spacer battle-history"><br></div><div class="battle-history"><small>The opposing Krokorok was hurt by poison!</small><br></div><div class="spacer battle-history"><br></div><h2 class="battle-history">Turn 34</h2><div class="spacer battle-history"><br></div><div class="battle-history">275p withdrew Krokorok!<br></div><div class="battle-history">275p sent out <strong>Dusknoir</strong>!<br></div><div class="battle-history"><small>[The opposing Dusknoir's Frisk]</small><br><small>The opposing Dusknoir frisked Altaria and found its Leftovers!</small><br></div><div class="spacer battle-history"><br></div><div class="battle-history">Altaria used <strong>Flamethrower</strong>!<br></div><div class="battle-history"><small>(The opposing Dusknoir lost <abbr title="−30/294">10.2%</abbr> of its health!)</small><br></div><div class="spacer battle-history"><br></div><div class="battle-history"><small>The opposing Dusknoir was hurt by poison!</small><br></div><div class="spacer battle-history"><br></div><h2 class="battle-history">Turn 35</h2><div class="spacer battle-history"><br></div><div class="battle-history">Altaria, come back!<br></div><div class="battle-history">Go! <strong>Lumineon</strong>!<br></div><div class="spacer battle-history"><br></div><div class="battle-history">The opposing Dusknoir used <strong>Trick</strong>!<br></div><div class="battle-history"><small>The opposing Dusknoir switched items with its target!</small><br></div><div class="battle-history"><small>Lumineon obtained one Eviolite.</small><br></div><div class="battle-history"><small>The opposing Dusknoir obtained one Leftovers.</small><br></div><div class="spacer battle-history"><br></div><div class="battle-history"><small>The opposing Dusknoir restored a little HP using its Leftovers!</small><br></div><div class="battle-history"><small>The opposing Dusknoir was hurt by poison!</small><br></div><div class="spacer battle-history"><br></div><h2 class="battle-history">Turn 36</h2><div class="spacer battle-history"><br></div><div class="battle-history">Lumineon used <strong>Scald</strong>!<br></div><div class="battle-history"><small>(The opposing Dusknoir lost <abbr title="−43/294">14.6%</abbr> of its health!)</small><br></div><div class="spacer battle-history"><br></div><div class="battle-history">The opposing Dusknoir used <strong>Thunder Punch</strong>!<br></div><div class="battle-history"><small>It's super effective!</small><br></div><div class="battle-history"><small>(Lumineon lost <abbr title="−98/341">28.7%</abbr> of its health!)</small><br></div><div class="spacer battle-history"><br></div><div class="battle-history"><small>The opposing Dusknoir restored a little HP using its Leftovers!</small><br></div><div class="battle-history"><small>The opposing Dusknoir was hurt by poison!</small><br></div><div class="spacer battle-history"><br></div><h2 class="battle-history">Turn 37</h2><div class="spacer battle-history"><br></div><div class="battle-history">275p withdrew Dusknoir!<br></div><div class="battle-history">275p sent out <strong>Prinplup</strong>!<br></div><div class="spacer battle-history"><br></div><div class="battle-history">Lumineon used <strong>U-turn</strong>!<br></div><div class="battle-history"><small>(The opposing Prinplup lost <abbr title="−32/269">11.9%</abbr> of its health!)</small><br></div><div class="spacer battle-history"><br></div><div class="battle-history">Lumineon went back to 2xTheTap!<br></div><div class="battle-history">Go! <strong>Bronzor</strong>!<br></div><div class="spacer battle-history"><br></div><div class="battle-history"><small>The opposing Prinplup was hurt by poison!</small><br></div><div class="spacer battle-history"><br></div><h2 class="battle-history">Turn 38</h2><div class="spacer battle-history"><br></div><div class="battle-history">275p withdrew Prinplup!<br></div><div class="battle-history">275p sent out <strong>Krokorok</strong>!<br></div><div class="battle-history"><small>[The opposing Krokorok's Intimidate]</small><br></div><div class="battle-history"><small>Bronzor's Attack fell!</small><br></div><div class="spacer battle-history"><br></div><div class="battle-history">Bronzor used <strong>Stealth Rock</strong>!<br></div><div class="battle-history"><small>Pointed stones float in the air around the opposing team!</small><br></div><div class="spacer battle-history"><br></div><div class="battle-history"><small>The opposing Krokorok was hurt by poison!</small><br></div><div class="spacer battle-history"><br></div><h2 class="battle-history">Turn 39</h2><div class="spacer battle-history"><br></div><div class="battle-history"><small>(Bronzor is being withdrawn...)</small><br></div><div class="spacer battle-history"><br></div><div class="battle-history">The opposing Krokorok used <strong>Pursuit</strong>!<br></div><div class="battle-history"><small>It's super effective!</small><br></div><div class="battle-history"><small>(Bronzor lost <abbr title="−198/317">62.5%</abbr> of its health!)</small><br></div><div class="spacer battle-history"><br></div><div class="battle-history">Bronzor, come back!<br></div><div class="battle-history">Go! <strong>Altaria</strong>!<br></div><div class="spacer battle-history"><br></div><div class="battle-history"><small>The opposing Krokorok was hurt by poison!</small><br></div><div class="spacer battle-history"><br></div><h2 class="battle-history">Turn 40</h2><div class="spacer battle-history"><br></div><div class="battle-history">275p withdrew Krokorok!<br></div><div class="battle-history">275p sent out <strong>Leavanny</strong>!<br></div><div class="battle-history"><small>Pointed stones dug into the opposing Leavanny!</small><br></div><div class="spacer battle-history"><br></div><div class="battle-history">The opposing Leavanny fainted!<br></div><div class="battle-history">Altaria used <strong>Flamethrower</strong>!<br></div><div class="battle-history"><small>But there was no target...</small><br></div><div class="spacer battle-history"><br></div><div class="battle-history">275p sent out <strong>Spinda</strong>!<br></div><div class="battle-history"><small>Pointed stones dug into the opposing Spinda!</small><br></div><div class="spacer battle-history"><br></div><h2 class="battle-history">Turn 41</h2><div class="spacer battle-history"><br></div><div class="battle-history">Altaria used <strong>Flamethrower</strong>!<br></div><div class="battle-history"><small>(The opposing Spinda lost <abbr title="−53/324">16.4%</abbr> of its health!)</small><br></div><div class="spacer battle-history"><br></div><div class="battle-history">The opposing Spinda used <strong>Wish</strong>!<br></div><div class="spacer battle-history"><br></div><div class="battle-history"><small>The opposing Spinda restored a little HP using its Leftovers!</small><br></div><div class="battle-history"><small>The opposing Spinda was hurt by its burn!</small><br></div><div class="spacer battle-history"><br></div><h2 class="battle-history">Turn 42</h2><div class="spacer battle-history"><br></div><div class="battle-history">Altaria, come back!<br></div><div class="battle-history">Go! <strong>Muk</strong>!<br></div><div class="spacer battle-history"><br></div><div class="battle-history">The opposing Spinda used <strong>Protect</strong>!<br></div><div class="battle-history"><small>But it failed!</small><br></div><div class="spacer battle-history"><br></div><div class="battle-history"><small>Spinda's wish came true!</small><br></div><div class="battle-history"><small>The opposing Spinda restored a little HP using its Leftovers!</small><br></div><div class="battle-history"><small>Muk restored a little HP using its Black Sludge!</small><br></div><div class="battle-history"><small>The opposing Spinda was hurt by its burn!</small><br></div><div class="spacer battle-history"><br></div><h2 class="battle-history">Turn 43</h2><div class="spacer battle-history"><br></div><div class="battle-history">275p withdrew Spinda!<br></div><div class="battle-history">275p sent out <strong>Krokorok</strong>!<br></div><div class="battle-history"><small>Pointed stones dug into the opposing Krokorok!</small><br></div><div class="battle-history"><small>[The opposing Krokorok's Intimidate]</small><br></div><div class="battle-history"><small>Muk's Attack fell!</small><br></div><div class="spacer battle-history"><br></div><div class="battle-history">Muk used <strong>Curse</strong>!<br></div><div class="battle-history"><small>Muk's Speed fell!</small><br></div><div class="battle-history"><small>Muk's Attack rose!</small><br></div><div class="battle-history"><small>Muk's Defense rose!</small><br></div><div class="spacer battle-history"><br></div><div class="battle-history"><small>Muk restored a little HP using its Black Sludge!</small><br></div><div class="battle-history"><small>The opposing Krokorok was hurt by poison!</small><br></div><div class="spacer battle-history"><br></div><h2 class="battle-history">Turn 44</h2><div class="spacer battle-history"><br></div><div class="battle-history">The opposing Krokorok used <strong>Earthquake</strong>!<br></div><div class="battle-history"><small>It's super effective!</small><br></div><div class="battle-history"><small>(Muk lost <abbr title="−240/413">58.1%</abbr> of its health!)</small><br></div><div class="spacer battle-history"><br></div><div class="battle-history">Muk used <strong>Poison Jab</strong>!<br></div><div class="battle-history"><small>It's not very effective...</small><br></div><div class="battle-history"><small>(The opposing Krokorok lost <abbr title="−60/324">18.5%</abbr> of its health!)</small><br></div><div class="spacer battle-history"><br></div><div class="battle-history"><small>Muk restored a little HP using its Black Sludge!</small><br></div><div class="battle-history"><small>The opposing Krokorok was hurt by poison!</small><br></div><div class="spacer battle-history"><br></div><h2 class="battle-history">Turn 45</h2><div class="spacer battle-history"><br></div><div class="battle-history"><small>(Muk is being withdrawn...)</small><br></div><div class="spacer battle-history"><br></div><div class="battle-history">The opposing Krokorok used <strong>Pursuit</strong>!<br></div><div class="battle-history"><small>(Muk lost <abbr title="−90/413">21.8%</abbr> of its health!)</small><br></div><div class="spacer battle-history"><br></div><div class="battle-history">Muk, come back!<br></div><div class="battle-history">Go! Gourgeist (<strong>Gourgeist-Super</strong>)!<br></div><div class="spacer battle-history"><br></div><div class="battle-history"><small>The opposing Krokorok was hurt by poison!</small><br></div><div class="spacer battle-history"><br></div><div class="battle-history">The opposing Krokorok fainted!<br></div><div class="spacer battle-history"><br></div><div class="battle-history">275p sent out <strong>Dusknoir</strong>!<br></div><div class="battle-history"><small>Pointed stones dug into the opposing Dusknoir!</small><br></div><div class="battle-history"><small>[The opposing Dusknoir's Frisk]</small><br><small>The opposing Dusknoir frisked Gourgeist and found its Colbur Berry!</small><br></div><div class="spacer battle-history"><br></div><h2 class="battle-history">Turn 46</h2><div class="spacer battle-history"><br></div><div class="battle-history">The opposing Dusknoir used <strong>Shadow Sneak</strong>!<br></div><div class="battle-history"><small>It's super effective!</small><br></div><div class="battle-history"><small>(Gourgeist lost <abbr title="−62/373">16.6%</abbr> of its health!)</small><br></div><div class="spacer battle-history"><br></div><div class="battle-history">Gourgeist used <strong>Foul Play</strong>!<br></div><div class="battle-history"><small>It's super effective!</small><br></div><div class="battle-history"><small>(The opposing Dusknoir lost <abbr title="−64/294">21.8%</abbr> of its health!)</small><br></div><div class="spacer battle-history"><br></div><div class="battle-history">The opposing Dusknoir fainted!<br></div><div class="spacer battle-history"><br></div><div class="battle-history">275p sent out <strong>Spinda</strong>!<br></div><div class="battle-history"><small>Pointed stones dug into the opposing Spinda!</small><br></div><div class="spacer battle-history"><br></div><h2 class="battle-history">Turn 47</h2><div class="spacer battle-history"><br></div><div class="battle-history">The opposing Spinda used <strong>Toxic</strong>!<br></div><div class="battle-history"><small>Gourgeist was badly poisoned!</small><br></div><div class="spacer battle-history"><br></div><div class="battle-history">Gourgeist used <strong>Skill Swap</strong>!<br></div><div class="battle-history"><small>[Gourgeist's Own Tempo]</small><br><small>[The opposing Spinda's Insomnia]</small><br><small>Gourgeist swapped Abilities with its target!</small><br></div><div class="spacer battle-history"><br></div><div class="battle-history"><small>The opposing Spinda restored a little HP using its Leftovers!</small><br></div><div class="battle-history"><small>The opposing Spinda was hurt by its burn!</small><br></div><div class="battle-history"><small>Gourgeist was hurt by poison!</small><br></div><div class="spacer battle-history"><br></div><h2 class="battle-history">Turn 48</h2><div class="spacer battle-history"><br></div><div class="battle-history">Gourgeist, come back!<br></div><div class="battle-history">Go! <strong>Altaria</strong>!<br></div><div class="spacer battle-history"><br></div><div class="battle-history">The opposing Spinda used <strong>Wish</strong>!<br></div><div class="spacer battle-history"><br></div><div class="battle-history"><small>The opposing Spinda restored a little HP using its Leftovers!</small><br></div><div class="battle-history"><small>The opposing Spinda was hurt by its burn!</small><br></div><div class="spacer battle-history"><br></div><h2 class="battle-history">Turn 49</h2><div class="spacer battle-history"><br></div><div class="battle-history">Altaria used <strong>Heal Bell</strong>!<br></div><div class="battle-history"><small>A bell chimed!</small><br></div><div class="battle-history"><small>Gourgeist was cured of its poisoning.</small><br></div><div class="spacer battle-history"><br></div><div class="battle-history">The opposing Spinda used <strong>Toxic</strong>!<br></div><div class="battle-history"><small>Altaria was badly poisoned!</small><br></div><div class="spacer battle-history"><br></div><div class="battle-history"><small>Spinda's wish came true!</small><br></div><div class="battle-history"><small>The opposing Spinda restored a little HP using its Leftovers!</small><br></div><div class="battle-history"><small>Altaria was hurt by poison!</small><br></div><div class="battle-history"><small>The opposing Spinda was hurt by its burn!</small><br></div><div class="spacer battle-history"><br></div><h2 class="battle-history">Turn 50</h2><div class="spacer battle-history"><br></div><div class="battle-history"><small>(Altaria is cured by its Natural Cure!)</small><br></div><div class="battle-history">Altaria, come back!<br></div><div class="battle-history">Go! <strong>Muk</strong>!<br></div><div class="spacer battle-history"><br></div><div class="battle-history">275p withdrew Spinda!<br></div><div class="battle-history">275p sent out <strong>Prinplup</strong>!<br></div><div class="battle-history"><small>Pointed stones dug into the opposing Prinplup!</small><br></div><div class="spacer battle-history"><br></div><div class="battle-history"><small>Muk restored a little HP using its Black Sludge!</small><br></div><div class="battle-history"><small>The opposing Prinplup was hurt by poison!</small><br></div><div class="spacer battle-history"><br></div><h2 class="battle-history">Turn 51</h2><div class="spacer battle-history"><br></div><div class="battle-history">Muk, come back!<br></div><div class="battle-history">Go! <strong>Lumineon</strong>!<br></div><div class="spacer battle-history"><br></div><div class="battle-history">The opposing Prinplup used <strong>Rest</strong>!<br></div><div class="battle-history"><small>The opposing Prinplup fell asleep!</small><br></div><div class="battle-history"><small>The opposing Prinplup slept and became healthy!</small><br></div><div class="spacer battle-history"><br></div><h2 class="battle-history">Turn 52</h2><div class="spacer battle-history"><br></div><div class="battle-history">275p withdrew Prinplup!<br></div><div class="battle-history">275p sent out <strong>Spinda</strong>!<br></div><div class="battle-history"><small>Pointed stones dug into the opposing Spinda!</small><br></div><div class="spacer battle-history"><br></div><div class="battle-history">Lumineon used <strong>Scald</strong>!<br></div><div class="battle-history"><small>A critical hit!</small><br></div><div class="battle-history"><small>(The opposing Spinda lost <abbr title="−112/324">34.6%</abbr> of its health!)</small><br></div><div class="spacer battle-history"><br></div><div class="battle-history"><small>The opposing Spinda restored a little HP using its Leftovers!</small><br></div><div class="battle-history"><small>The opposing Spinda was hurt by its burn!</small><br></div><div class="spacer battle-history"><br></div><h2 class="battle-history">Turn 53</h2><div class="spacer battle-history"><br></div><div class="battle-history">The opposing Spinda used <strong>Fake Out</strong>!<br></div><div class="battle-history"><small>(Lumineon lost <abbr title="−14/341">4.1%</abbr> of its health!)</small><br></div><div class="spacer battle-history"><br></div><div class="battle-history">Lumineon flinched and couldn't move!<br></div><div class="spacer battle-history"><br></div><div class="battle-history"><small>The opposing Spinda restored a little HP using its Leftovers!</small><br></div><div class="battle-history"><small>The opposing Spinda was hurt by its burn!</small><br></div><div class="spacer battle-history"><br></div><h2 class="battle-history">Turn 54</h2><div class="spacer battle-history"><br></div><div class="battle-history">Lumineon used <strong>Scald</strong>!<br></div><div class="battle-history"><small>(The opposing Spinda lost <abbr title="−72/324">22.2%</abbr> of its health!)</small><br></div><div class="spacer battle-history"><br></div><div class="battle-history">The opposing Spinda used <strong>Wish</strong>!<br></div><div class="spacer battle-history"><br></div><div class="battle-history"><small>The opposing Spinda restored a little HP using its Leftovers!</small><br></div><div class="battle-history"><small>The opposing Spinda was hurt by its burn!</small><br></div><div class="spacer battle-history"><br></div><div class="battle-history">The opposing Spinda fainted!<br></div><div class="spacer battle-history"><br></div><div class="battle-history">275p sent out <strong>Prinplup</strong>!<br></div><div class="battle-history"><small>Pointed stones dug into the opposing Prinplup!</small><br></div><div class="spacer battle-history"><br></div><h2 class="battle-history">Turn 55</h2><div class="spacer battle-history"><br></div><div class="battle-history">Lumineon, come back!<br></div><div class="battle-history">Go! Gourgeist (<strong>Gourgeist-Super</strong>)!<br></div><div class="spacer battle-history"><br></div><div class="battle-history">The opposing Prinplup is fast asleep.<br></div><div class="spacer battle-history"><br></div><div class="battle-history"><small>Spinda's wish came true!</small><br></div><div class="spacer battle-history"><br></div><h2 class="battle-history">Turn 56</h2><div class="chat chatmessage-275p"><strong style="color:hsl(274,54%,55.25357618933063%)"><small>☆</small><span class="username" data-name="275p">275p</span>:</strong> <em>gg</em></div><div class="spacer battle-history"><br></div><div class="battle-history"><small>275p forfeited.</small><br></div><div class="spacer battle-history"><br></div><div class="battle-history"><strong>2xTheTap</strong> won the battle!<br></div><div class="chat"><small>TIBot left.</small></div><div class="chat chatmessage-2xthetap"><strong style="color:hsl(356,51%,50.948703188140954%)"><small>☆</small><span class="username" data-name="2xTheTap">2xTheTap</span>:</strong> <em>gg</em></div><div class="chat"><small>275p left.</small></div></div><div class="inner-preempt"></div></div></div>
</div>
<script>
let daily = Math.floor(Date.now()/1000/60/60/24);document.write('<script src="https://play.pokemonshowdown.com/js/replay-embed.js?version'+daily+'"></'+'script>');
</script>
