<!DOCTYPE html>
<meta charset="utf-8" />
<!-- version 1 -->
<title>PU replay: jyte-HD vs. lcezasfuck</title>
<style>
html,body {font-family:Verdana, sans-serif;font-size:10pt;margin:0;padding:0;}body{padding:12px 0;} .battle-log {font-family:Verdana, sans-serif;font-size:10pt;} .battle-log-inline {border:1px solid #AAAAAA;background:#EEF2F5;color:black;max-width:640px;margin:0 auto 80px;padding-bottom:5px;} .battle-log .inner {padding:4px 8px 0px 8px;} .battle-log .inner-preempt {padding:0 8px 4px 8px;} .battle-log .inner-after {margin-top:0.5em;} .battle-log h2 {margin:0.5em -8px;padding:4px 8px;border:1px solid #AAAAAA;background:#E0E7EA;border-left:0;border-right:0;font-family:Verdana, sans-serif;font-size:13pt;} .battle-log .chat {vertical-align:middle;padding:3px 0 3px 0;font-size:8pt;} .battle-log .chat strong {color:#40576A;} .battle-log .chat em {padding:1px 4px 1px 3px;color:#000000;font-style:normal;} .chat.mine {background:rgba(0,0,0,0.05);margin-left:-8px;margin-right:-8px;padding-left:8px;padding-right:8px;} .spoiler {color:#BBBBBB;background:#BBBBBB;padding:0px 3px;} .spoiler:hover, .spoiler:active, .spoiler-shown {color:#000000;background:#E2E2E2;padding:0px 3px;} .spoiler a {color:#BBBBBB;} .spoiler:hover a, .spoiler:active a, .spoiler-shown a {color:#2288CC;} .chat code, .chat .spoiler:hover code, .chat .spoiler:active code, .chat .spoiler-shown code {border:1px solid #C0C0C0;background:#EEEEEE;color:black;padding:0 2px;} .chat .spoiler code {border:1px solid #CCCCCC;background:#CCCCCC;color:#CCCCCC;} .battle-log .rated {padding:3px 4px;} .battle-log .rated strong {color:white;background:#89A;padding:1px 4px;border-radius:4px;} .spacer {margin-top:0.5em;} .message-announce {background:#6688AA;color:white;padding:1px 4px 2px;} .message-announce a, .broadcast-green a, .broadcast-blue a, .broadcast-red a {color:#DDEEFF;} .broadcast-green {background-color:#559955;color:white;padding:2px 4px;} .broadcast-blue {background-color:#6688AA;color:white;padding:2px 4px;} .infobox {border:1px solid #6688AA;padding:2px 4px;} .infobox-limited {max-height:200px;overflow:auto;overflow-x:hidden;} .broadcast-red {background-color:#AA5544;color:white;padding:2px 4px;} .message-learn-canlearn {font-weight:bold;color:#228822;text-decoration:underline;} .message-learn-cannotlearn {font-weight:bold;color:#CC2222;text-decoration:underline;} .message-effect-weak {font-weight:bold;color:#CC2222;} .message-effect-resist {font-weight:bold;color:#6688AA;} .message-effect-immune {font-weight:bold;color:#666666;} .message-learn-list {margin-top:0;margin-bottom:0;} .message-throttle-notice, .message-error {color:#992222;} .message-overflow, .chat small.message-overflow {font-size:0pt;} .message-overflow::before {font-size:9pt;content:'...';} .subtle {color:#3A4A66;}
</style>
<div class="wrapper replay-wrapper" style="max-width:1180px;margin:0 auto">
<input type="hidden" name="replayid" value="pu-576640479" />
<div class="battle"></div><div class="battle-log"></div><div class="replay-controls"></div><div class="replay-controls-2"></div>
<h1 style="font-weight:normal;text-align:center"><strong>PU</strong><br /><a href="http://pokemonshowdown.com/users/jytehd" class="subtle" target="_blank">jyte-HD</a> vs. <a href="http://pokemonshowdown.com/users/lcezasfuck" class="subtle" target="_blank">lcezasfuck</a></h1>
<script type="text/plain" class="battle-log-data">|j|jyte-HD
|j|lcezasfuck
|player|p1|jyte-HD|101
|player|p2|lcezasfuck|#teamrocket
|gametype|singles
|gen|6
|tier|PU
|seed|65276,1283,9048,40594
|rule|Sleep Clause Mod: Limit one foe put to sleep
|rule|Species Clause: Limit one of each Pokémon
|rule|OHKO Clause: OHKO moves are banned
|rule|Moody Clause: Moody is banned
|rule|Evasion Moves Clause: Evasion moves are banned
|rule|Endless Battle Clause: Forcing endless battles is banned
|rule|HP Percentage Mod: HP is shown in percentages
|clearpoke
|poke|p1|Rotom-Frost|item
|poke|p1|Avalugg, F|item
|poke|p1|Dodrio, F|item
|poke|p1|Dusknoir, M|item
|poke|p1|Ampharos, F|item
|poke|p1|Lickilicky, M|item
|poke|p2|Carbink|item
|poke|p2|Gourgeist-*, F|item
|poke|p2|Rampardos, M|item
|poke|p2|Audino, F|item
|poke|p2|Marowak, F|item
|poke|p2|Beheeyem, M|item
|rule|Swagger Clause: Swagger is banned
|rule|Baton Pass Clause: Limit one Baton Passer, can't pass Spe and other stats simultaneously
|teampreview
|c|☆jyte-HD|Glhf
|j|CrAzYsTeVy
|c|☆lcezasfuck|u2
|choice|team 4, team 2, team 3, team 1, team 5, team 6|team 1, team 2, team 3, team 4, team 5, team 6
|
|start
|switch|p1a: Dusknoir|Dusknoir, M|241\/241
|switch|p2a: Carbink|Carbink|304\/304
|-ability|p1a: Dusknoir|Pressure
|turn|1
|choice|move shadowsneak|move magiccoat
|
|move|p2a: Carbink|Magic Coat|p2a: Carbink
|-singleturn|p2a: Carbink|move: Magic Coat
|move|p1a: Dusknoir|Shadow Sneak|p2a: Carbink
|-damage|p2a: Carbink|258\/304
|
|upkeep
|turn|2
|choice|move earthquake|move stealthrock
|
|move|p1a: Dusknoir|Earthquake|p2a: Carbink
|-supereffective|p2a: Carbink
|-damage|p2a: Carbink|116\/304
|move|p2a: Carbink|Stealth Rock|p1a: Dusknoir
|-sidestart|p1: jyte-HD|move: Stealth Rock
|
|upkeep
|turn|3
|choice|move earthquake|switch 2
|
|switch|p2a: Gourgeist|Gourgeist-Super, F|374\/374
|-item|p1a: Dusknoir|Sitrus Berry|[from] ability: Frisk|[of] p2a: Gourgeist|[identify]
|move|p1a: Dusknoir|Earthquake|p2a: Gourgeist
|-resisted|p2a: Gourgeist
|-damage|p2a: Gourgeist|345\/374
|
|upkeep
|turn|4
|choice|switch 2|move trickroom
|
|switch|p1a: Avalugg|Avalugg, F|341\/341
|-damage|p1a: Avalugg|256\/341|[from] stealthrock
|move|p2a: Gourgeist|Trick Room|p2a: Gourgeist
|-fieldstart|move: Trick Room|[of] p2a: Gourgeist
|
|upkeep
|turn|5
|choice|move avalanche|move willowisp
|
|move|p2a: Gourgeist|Will-O-Wisp|p1a: Avalugg
|-status|p1a: Avalugg|brn
|move|p1a: Avalugg|Avalanche|p2a: Gourgeist
|-supereffective|p2a: Gourgeist
|-enditem|p2a: Gourgeist|Yache Berry|[eat]
|-enditem|p2a: Gourgeist|Yache Berry|[weaken]
|-damage|p2a: Gourgeist|305\/374
|-damage|p1a: Avalugg|222\/341 brn|[from] item: Life Orb
|
|-damage|p1a: Avalugg|180\/341 brn|[from] brn
|upkeep
|turn|6
|choice|move rapidspin|switch 4
|
|switch|p2a: Audino|Audino, F|410\/410
|move|p1a: Avalugg|Rapid Spin|p2a: Audino
|-damage|p2a: Audino|393\/410
|-sideend|p1: jyte-HD|stealthrock|[from] move: Rapid Spin|[of] p1a: Avalugg
|-damage|p1a: Avalugg|146\/341 brn|[from] item: Life Orb
|
|-damage|p1a: Avalugg|104\/341 brn|[from] brn
|upkeep
|turn|7
|choice|move superpower|switch 2
|
|switch|p2a: Carbink|Carbink|116\/304
|move|p1a: Avalugg|Superpower|p2a: Carbink
|-damage|p2a: Carbink|63\/304
|-unboost|p1a: Avalugg|atk|1
|-unboost|p1a: Avalugg|def|1
|-damage|p1a: Avalugg|70\/341 brn|[from] item: Life Orb
|
|-damage|p1a: Avalugg|28\/341 brn|[from] brn
|upkeep
|turn|8
|choice|switch 6|move stealthrock
|
|switch|p1a: Lickilicky|Lickilicky, M|371\/371
|move|p2a: Carbink|Stealth Rock|p1a: Lickilicky
|-sidestart|p1: jyte-HD|move: Stealth Rock
|
|-fieldend|move: Trick Room
|upkeep
|turn|9
|choice|move hammerarm|move trickroom
|
|move|p1a: Lickilicky|Hammer Arm|p2a: Carbink
|-damage|p2a: Carbink|0 fnt
|-unboost|p1a: Lickilicky|spe|1
|faint|p2a: Carbink
|
|upkeep
|c|☆lcezasfuck|weird -.-
|choice||switch 4
|
|switch|p2a: Gourgeist|Gourgeist-Super, F|305\/374
|-item|p1a: Lickilicky|Lum Berry|[from] ability: Frisk|[of] p2a: Gourgeist|[identify]
|turn|10
|choice|move toxic|move trickroom
|
|move|p1a: Lickilicky|Toxic|p2a: Gourgeist
|-status|p2a: Gourgeist|tox
|move|p2a: Gourgeist|Trick Room|p2a: Gourgeist
|-fieldstart|move: Trick Room|[of] p2a: Gourgeist
|
|-damage|p2a: Gourgeist|282\/374 tox|[from] psn
|upkeep
|turn|11
|choice|move protect|move willowisp
|
|move|p1a: Lickilicky|Protect|p1a: Lickilicky
|-singleturn|p1a: Lickilicky|Protect
|move|p2a: Gourgeist|Will-O-Wisp|p1a: Lickilicky
|-activate|p1a: Lickilicky|move: Protect
|
|-damage|p2a: Gourgeist|236\/374 tox|[from] psn
|upkeep
|turn|12
|choice|move dragontail|move explosion
|
|move|p2a: Gourgeist|Explosion|p1a: Lickilicky
|-damage|p1a: Lickilicky|190\/371
|faint|p2a: Gourgeist
|move|p1a: Lickilicky|Dragon Tail|p2: Gourgeist|[notarget]
|-notarget
|
|upkeep
|choice||switch 3
|
|switch|p2a: Rampardos|Rampardos, M|398\/398
|turn|13
|choice|move hammerarm|move swordsdance
|
|move|p1a: Lickilicky|Hammer Arm|p2a: Rampardos
|-supereffective|p2a: Rampardos
|-damage|p2a: Rampardos|124\/398
|-unboost|p1a: Lickilicky|spe|1
|move|p2a: Rampardos|Swords Dance|p2a: Rampardos
|-boost|p2a: Rampardos|atk|2
|
|upkeep
|turn|14
|choice|move hammerarm|switch 6
|
|switch|p2a: Beheeyem|Beheeyem, M|354\/354
|move|p1a: Lickilicky|Hammer Arm|p2a: Beheeyem
|-resisted|p2a: Beheeyem
|-damage|p2a: Beheeyem|294\/354
|-unboost|p1a: Lickilicky|spe|1
|
|-fieldend|move: Trick Room
|upkeep
|turn|15
|choice|move toxic|move psychic
|
|move|p2a: Beheeyem|Psychic|p1a: Lickilicky
|-damage|p1a: Lickilicky|0 fnt
|-damage|p2a: Beheeyem|259\/354|[from] item: Life Orb
|faint|p1a: Lickilicky
|
|upkeep
|choice|switch 2|
|
|switch|p1a: Dusknoir|Dusknoir, M|241\/241
|-damage|p1a: Dusknoir|211\/241|[from] stealthrock
|-ability|p1a: Dusknoir|Pressure
|turn|16
|choice|move shadowsneak|switch 2
|
|switch|p2a: Audino|Audino, F|410\/410
|move|p1a: Dusknoir|Shadow Sneak|p2a: Audino
|-immune|p2a: Audino|[msg]
|
|upkeep
|turn|17
|choice|switch 3|move trickroom
|
|switch|p1a: Dodrio|Dodrio, F|261\/261
|-damage|p1a: Dodrio|196\/261|[from] stealthrock
|move|p2a: Audino|Trick Room|p2a: Audino
|-fieldstart|move: Trick Room|[of] p2a: Audino
|
|upkeep
|turn|18
|choice|move bravebird|switch 5
|
|switch|p2a: Marowak|Marowak, F|324\/324
|move|p1a: Dodrio|Brave Bird|p2a: Marowak
|-damage|p2a: Marowak|63\/324
|-damage|p1a: Dodrio|110\/261|[from] Recoil|[of] p2a: Marowak
|
|upkeep
|turn|19
|choice|switch 4|move knockoff
|
|switch|p1a: Rotom|Rotom-Frost|251\/251
|-damage|p1a: Rotom|189\/251|[from] stealthrock
|move|p2a: Marowak|Knock Off|p1a: Rotom
|-damage|p1a: Rotom|31\/251
|-enditem|p1a: Rotom|Choice Specs|[from] move: Knock Off|[of] p2a: Marowak
|
|upkeep
|turn|20
|choice|move voltswitch|move knockoff
|
|move|p2a: Marowak|Knock Off|p1a: Rotom
|-damage|p1a: Rotom|0 fnt
|faint|p1a: Rotom
|
|upkeep
|choice|switch 3|
|
|switch|p1a: Dusknoir|Dusknoir, M|211\/241
|-damage|p1a: Dusknoir|181\/241|[from] stealthrock
|-ability|p1a: Dusknoir|Pressure
|turn|21
|choice|move earthquake|switch 5
|
|switch|p2a: Audino|Audino, F|410\/410
|move|p1a: Dusknoir|Earthquake|p2a: Audino
|-damage|p2a: Audino|302\/410
|
|-fieldend|move: Trick Room
|upkeep
|turn|22
|choice|switch 5|move trickroom
|
|switch|p1a: Ampharos|Ampharos, F|321\/321
|-damage|p1a: Ampharos|281\/321|[from] stealthrock
|move|p2a: Audino|Trick Room|p2a: Audino
|-fieldstart|move: Trick Room|[of] p2a: Audino
|
|upkeep
|turn|23
|choice|move thunderbolt|move healingwish
|
|move|p2a: Audino|Healing Wish|p2a: Audino
|faint|p2a: Audino
|move|p1a: Ampharos|Thunderbolt|p2: Audino|[notarget]
|-notarget
|
|upkeep
|choice||switch 5
|
|switch|p2a: Marowak|Marowak, F|63\/324
|-heal|p2a: Marowak|324\/324|[from] move: Healing Wish
|turn|24
|choice|switch 5|move swordsdance
|
|switch|p1a: Dusknoir|Dusknoir, M|181\/241
|-damage|p1a: Dusknoir|151\/241|[from] stealthrock
|-ability|p1a: Dusknoir|Pressure
|move|p2a: Marowak|Swords Dance|p2a: Marowak
|-boost|p2a: Marowak|atk|2
|
|upkeep
|turn|25
|choice|move haze|move knockoff
|
|move|p2a: Marowak|Knock Off|p1a: Dusknoir
|-supereffective|p1a: Dusknoir
|-damage|p1a: Dusknoir|0 fnt
|-enditem|p1a: Dusknoir|Sitrus Berry|[from] move: Knock Off|[of] p2a: Marowak
|faint|p1a: Dusknoir
|
|upkeep
|choice|switch 4|
|
|switch|p1a: Dodrio|Dodrio, F|110\/261
|-damage|p1a: Dodrio|45\/261|[from] stealthrock
|turn|26
|choice|move bravebird|move knockoff
|
|move|p2a: Marowak|Knock Off|p1a: Dodrio
|-damage|p1a: Dodrio|0 fnt
|-enditem|p1a: Dodrio|Choice Band|[from] move: Knock Off|[of] p2a: Marowak
|faint|p1a: Dodrio
|
|-fieldend|move: Trick Room
|upkeep
|choice|switch 6|
|
|switch|p1a: Avalugg|Avalugg, F|28\/341 brn
|-damage|p1a: Avalugg|0 fnt|[from] stealthrock
|faint|p1a: Avalugg
|choice|switch 5|
|
|switch|p1a: Ampharos|Ampharos, F|281\/321
|-damage|p1a: Ampharos|241\/321|[from] stealthrock
|turn|27
|c|☆lcezasfuck|gg
|choice|move focusblast|move knockoff
|
|move|p1a: Ampharos|Focus Blast|p2a: Marowak
|-damage|p2a: Marowak|186\/324
|move|p2a: Marowak|Knock Off|p1a: Ampharos
|-damage|p1a: Ampharos|0 fnt
|-enditem|p1a: Ampharos|Choice Scarf|[from] move: Knock Off|[of] p2a: Marowak
|faint|p1a: Ampharos
|
|win|lcezasfuck
|l|jyte-HD</script>
</div>
<div class="battle-log battle-log-inline"><div class="inner"><div class="battle-options"></div><div class="inner"><div class="chat"><small>jyte-HD joined.</small></div><div class="chat"><small>lcezasfuck joined.</small></div><div class=""><small>Format:</small> <br><strong>PU</strong></div><div class=""><small><em>Sleep Clause Mod:</em> Limit one foe put to sleep</small></div><div class=""><small><em>Species Clause:</em> Limit one of each Pokémon</small></div><div class=""><small><em>OHKO Clause:</em> OHKO moves are banned</small></div><div class=""><small><em>Moody Clause:</em> Moody is banned</small></div><div class=""><small><em>Evasion Moves Clause:</em> Evasion moves are banned</small></div><div class=""><small><em>Endless Battle Clause:</em> Forcing endless battles is banned</small></div><div class=""><small><em>HP Percentage Mod:</em> HP is shown in percentages</small></div><div class=""><small><em>Swagger Clause:</em> Swagger is banned</small></div><div class=""><small><em>Baton Pass Clause:</em> Limit one Baton Passer, can't pass Spe and other stats simultaneously</small></div><div class="chat battle-history"><strong>jyte-HD's team:</strong> <em style="color:#445566;display:block;">Rotom-Frost / Avalugg / Dodrio / Dusknoir / Ampharos / Lickilicky</em></div><div class="chat battle-history"><strong>lcezasfuck's team:</strong> <em style="color:#445566;display:block;">Carbink / Gourgeist-* / Rampardos / Audino / Marowak / Beheeyem</em></div><div class="chat chatmessage-jytehd"><strong style="color:hsl(169,70%,39.148017051405866%)"><small>☆</small><span class="username" data-name="jyte-HD">jyte-HD</span>:</strong> <em>Glhf</em></div><div class="chat"><small>CrAzYsTeVy joined.</small></div><div class="chat chatmessage-lcezasfuck"><strong style="color:hsl(63,60%,38.09380051909%)"><small>☆</small><span class="username" data-name="lcezasfuck">lcezasfuck</span>:</strong> <em>u2</em></div><div class="spacer battle-history"><br></div><div class="battle-history">Battle started between jyte-HD and lcezasfuck!<br></div><div class="spacer battle-history"><br></div><div class="battle-history">Go! <strong>Dusknoir</strong>!<br></div><div class="spacer battle-history"><br></div><div class="battle-history">lcezasfuck sent out <strong>Carbink</strong>!<br></div><div class="battle-history"><small>[Dusknoir's Pressure]</small><br><small>Dusknoir is exerting its pressure!</small><br></div><div class="spacer battle-history"><br></div><h2 class="battle-history">Turn 1</h2><div class="spacer battle-history"><br></div><div class="battle-history">The opposing Carbink used <strong>Magic Coat</strong>!<br></div><div class="battle-history"><small>The opposing Carbink shrouded itself with Magic Coat!</small><br></div><div class="spacer battle-history"><br></div><div class="battle-history">Dusknoir used <strong>Shadow Sneak</strong>!<br></div><div class="battle-history"><small>(The opposing Carbink lost <abbr title="−46/304">15.1%</abbr> of its health!)</small><br></div><div class="spacer battle-history"><br></div><h2 class="battle-history">Turn 2</h2><div class="spacer battle-history"><br></div><div class="battle-history">Dusknoir used <strong>Earthquake</strong>!<br></div><div class="battle-history"><small>It's super effective!</small><br></div><div class="battle-history"><small>(The opposing Carbink lost <abbr title="−142/304">46.7%</abbr> of its health!)</small><br></div><div class="spacer battle-history"><br></div><div class="battle-history">The opposing Carbink used <strong>Stealth Rock</strong>!<br></div><div class="battle-history"><small>Pointed stones float in the air around your team!</small><br></div><div class="spacer battle-history"><br></div><h2 class="battle-history">Turn 3</h2><div class="spacer battle-history"><br></div><div class="battle-history">lcezasfuck withdrew Carbink!<br></div><div class="battle-history">lcezasfuck sent out Gourgeist (<strong>Gourgeist-Super</strong>)!<br></div><div class="battle-history"><small>[The opposing Gourgeist's Frisk]</small><br><small>The opposing Gourgeist frisked Dusknoir and found its Sitrus Berry!</small><br></div><div class="spacer battle-history"><br></div><div class="battle-history">Dusknoir used <strong>Earthquake</strong>!<br></div><div class="battle-history"><small>It's not very effective...</small><br></div><div class="battle-history"><small>(The opposing Gourgeist lost <abbr title="−29/374">7.8%</abbr> of its health!)</small><br></div><div class="spacer battle-history"><br></div><h2 class="battle-history">Turn 4</h2><div class="spacer battle-history"><br></div><div class="battle-history">Dusknoir, come back!<br></div><div class="battle-history">Go! <strong>Avalugg</strong>!<br></div><div class="battle-history"><small>Pointed stones dug into Avalugg!</small><br></div><div class="spacer battle-history"><br></div><div class="battle-history">The opposing Gourgeist used <strong>Trick Room</strong>!<br></div><div class="battle-history"><small>The opposing Gourgeist twisted the dimensions!</small><br></div><div class="spacer battle-history"><br></div><h2 class="battle-history">Turn 5</h2><div class="spacer battle-history"><br></div><div class="battle-history">The opposing Gourgeist used <strong>Will-O-Wisp</strong>!<br></div><div class="battle-history"><small>Avalugg was burned!</small><br></div><div class="spacer battle-history"><br></div><div class="battle-history">Avalugg used <strong>Avalanche</strong>!<br></div><div class="battle-history"><small>It's super effective!</small><br></div><div class="battle-history"><small>The opposing Gourgeist ate its Yache Berry!</small><br></div><div class="battle-history"><small>The Yache Berry weakened the damage to the opposing Gourgeist!</small><br></div><div class="battle-history"><small>(The opposing Gourgeist lost <abbr title="−40/374">10.7%</abbr> of its health!)</small><br></div><div class="battle-history"><small>Avalugg lost some of its HP!</small><br></div><div class="spacer battle-history"><br></div><div class="battle-history"><small>Avalugg was hurt by its burn!</small><br></div><div class="spacer battle-history"><br></div><h2 class="battle-history">Turn 6</h2><div class="spacer battle-history"><br></div><div class="battle-history">lcezasfuck withdrew Gourgeist!<br></div><div class="battle-history">lcezasfuck sent out <strong>Audino</strong>!<br></div><div class="spacer battle-history"><br></div><div class="battle-history">Avalugg used <strong>Rapid Spin</strong>!<br></div><div class="battle-history"><small>(The opposing Audino lost <abbr title="−17/410">4.1%</abbr> of its health!)</small><br></div><div class="battle-history"><small>The pointed stones disappeared from around your team!</small><br></div><div class="battle-history"><small>Avalugg lost some of its HP!</small><br></div><div class="spacer battle-history"><br></div><div class="battle-history"><small>Avalugg was hurt by its burn!</small><br></div><div class="spacer battle-history"><br></div><h2 class="battle-history">Turn 7</h2><div class="spacer battle-history"><br></div><div class="battle-history">lcezasfuck withdrew Audino!<br></div><div class="battle-history">lcezasfuck sent out <strong>Carbink</strong>!<br></div><div class="spacer battle-history"><br></div><div class="battle-history">Avalugg used <strong>Superpower</strong>!<br></div><div class="battle-history"><small>(The opposing Carbink lost <abbr title="−53/304">17.4%</abbr> of its health!)</small><br></div><div class="battle-history"><small>Avalugg's Attack fell!</small><br></div><div class="battle-history"><small>Avalugg's Defense fell!</small><br></div><div class="battle-history"><small>Avalugg lost some of its HP!</small><br></div><div class="spacer battle-history"><br></div><div class="battle-history"><small>Avalugg was hurt by its burn!</small><br></div><div class="spacer battle-history"><br></div><h2 class="battle-history">Turn 8</h2><div class="spacer battle-history"><br></div><div class="battle-history">Avalugg, come back!<br></div><div class="battle-history">Go! <strong>Lickilicky</strong>!<br></div><div class="spacer battle-history"><br></div><div class="battle-history">The opposing Carbink used <strong>Stealth Rock</strong>!<br></div><div class="battle-history"><small>Pointed stones float in the air around your team!</small><br></div><div class="spacer battle-history"><br></div><div class="battle-history"><small>The twisted dimensions returned to normal!</small><br></div><div class="spacer battle-history"><br></div><h2 class="battle-history">Turn 9</h2><div class="spacer battle-history"><br></div><div class="battle-history">Lickilicky used <strong>Hammer Arm</strong>!<br></div><div class="battle-history"><small>(The opposing Carbink lost <abbr title="−63/304">20.7%</abbr> of its health!)</small><br></div><div class="battle-history"><small>Lickilicky's Speed fell!</small><br></div><div class="spacer battle-history"><br></div><div class="battle-history">The opposing Carbink fainted!<br></div><div class="chat chatmessage-lcezasfuck"><strong style="color:hsl(63,60%,38.09380051909%)"><small>☆</small><span class="username" data-name="lcezasfuck">lcezasfuck</span>:</strong> <em>weird -.-</em></div><div class="spacer battle-history"><br></div><div class="battle-history">lcezasfuck sent out Gourgeist (<strong>Gourgeist-Super</strong>)!<br></div><div class="battle-history"><small>[The opposing Gourgeist's Frisk]</small><br><small>The opposing Gourgeist frisked Lickilicky and found its Lum Berry!</small><br></div><div class="spacer battle-history"><br></div><h2 class="battle-history">Turn 10</h2><div class="spacer battle-history"><br></div><div class="battle-history">Lickilicky used <strong>Toxic</strong>!<br></div><div class="battle-history"><small>The opposing Gourgeist was badly poisoned!</small><br></div><div class="spacer battle-history"><br></div><div class="battle-history">The opposing Gourgeist used <strong>Trick Room</strong>!<br></div><div class="battle-history"><small>The opposing Gourgeist twisted the dimensions!</small><br></div><div class="spacer battle-history"><br></div><div class="battle-history"><small>The opposing Gourgeist was hurt by poison!</small><br></div><div class="spacer battle-history"><br></div><h2 class="battle-history">Turn 11</h2><div class="spacer battle-history"><br></div><div class="battle-history">Lickilicky used <strong>Protect</strong>!<br></div><div class="battle-history"><small>Lickilicky protected itself!</small><br></div><div class="spacer battle-history"><br></div><div class="battle-history">The opposing Gourgeist used <strong>Will-O-Wisp</strong>!<br></div><div class="battle-history"><small>Lickilicky protected itself!</small><br></div><div class="spacer battle-history"><br></div><div class="battle-history"><small>The opposing Gourgeist was hurt by poison!</small><br></div><div class="spacer battle-history"><br></div><h2 class="battle-history">Turn 12</h2><div class="spacer battle-history"><br></div><div class="battle-history">The opposing Gourgeist used <strong>Explosion</strong>!<br></div><div class="battle-history"><small>(Lickilicky lost <abbr title="−181/371">48.8%</abbr> of its health!)</small><br></div><div class="spacer battle-history"><br></div><div class="battle-history">The opposing Gourgeist fainted!<br></div><div class="battle-history">Lickilicky used <strong>Dragon Tail</strong>!<br></div><div class="battle-history"><small>But there was no target...</small><br></div><div class="spacer battle-history"><br></div><div class="battle-history">lcezasfuck sent out <strong>Rampardos</strong>!<br></div><div class="spacer battle-history"><br></div><h2 class="battle-history">Turn 13</h2><div class="spacer battle-history"><br></div><div class="battle-history">Lickilicky used <strong>Hammer Arm</strong>!<br></div><div class="battle-history"><small>It's super effective!</small><br></div><div class="battle-history"><small>(The opposing Rampardos lost <abbr title="−274/398">68.8%</abbr> of its health!)</small><br></div><div class="battle-history"><small>Lickilicky's Speed fell!</small><br></div><div class="spacer battle-history"><br></div><div class="battle-history">The opposing Rampardos used <strong>Swords Dance</strong>!<br></div><div class="battle-history"><small>The opposing Rampardos's Attack rose sharply!</small><br></div><div class="spacer battle-history"><br></div><h2 class="battle-history">Turn 14</h2><div class="spacer battle-history"><br></div><div class="battle-history">lcezasfuck withdrew Rampardos!<br></div><div class="battle-history">lcezasfuck sent out <strong>Beheeyem</strong>!<br></div><div class="spacer battle-history"><br></div><div class="battle-history">Lickilicky used <strong>Hammer Arm</strong>!<br></div><div class="battle-history"><small>It's not very effective...</small><br></div><div class="battle-history"><small>(The opposing Beheeyem lost <abbr title="−60/354">16.9%</abbr> of its health!)</small><br></div><div class="battle-history"><small>Lickilicky's Speed fell!</small><br></div><div class="spacer battle-history"><br></div><div class="battle-history"><small>The twisted dimensions returned to normal!</small><br></div><div class="spacer battle-history"><br></div><h2 class="battle-history">Turn 15</h2><div class="spacer battle-history"><br></div><div class="battle-history">The opposing Beheeyem used <strong>Psychic</strong>!<br></div><div class="battle-history"><small>(Lickilicky lost <abbr title="−190/371">51.2%</abbr> of its health!)</small><br></div><div class="battle-history"><small>The opposing Beheeyem lost some of its HP!</small><br></div><div class="spacer battle-history"><br></div><div class="battle-history">Lickilicky fainted!<br></div><div class="spacer battle-history"><br></div><div class="battle-history">Go! <strong>Dusknoir</strong>!<br></div><div class="battle-history"><small>Pointed stones dug into Dusknoir!</small><br></div><div class="battle-history"><small>[Dusknoir's Pressure]</small><br><small>Dusknoir is exerting its pressure!</small><br></div><div class="spacer battle-history"><br></div><h2 class="battle-history">Turn 16</h2><div class="spacer battle-history"><br></div><div class="battle-history">lcezasfuck withdrew Beheeyem!<br></div><div class="battle-history">lcezasfuck sent out <strong>Audino</strong>!<br></div><div class="spacer battle-history"><br></div><div class="battle-history">Dusknoir used <strong>Shadow Sneak</strong>!<br></div><div class="battle-history"><small>It doesn't affect the opposing Audino...</small><br></div><div class="spacer battle-history"><br></div><h2 class="battle-history">Turn 17</h2><div class="spacer battle-history"><br></div><div class="battle-history">Dusknoir, come back!<br></div><div class="battle-history">Go! <strong>Dodrio</strong>!<br></div><div class="battle-history"><small>Pointed stones dug into Dodrio!</small><br></div><div class="spacer battle-history"><br></div><div class="battle-history">The opposing Audino used <strong>Trick Room</strong>!<br></div><div class="battle-history"><small>The opposing Audino twisted the dimensions!</small><br></div><div class="spacer battle-history"><br></div><h2 class="battle-history">Turn 18</h2><div class="spacer battle-history"><br></div><div class="battle-history">lcezasfuck withdrew Audino!<br></div><div class="battle-history">lcezasfuck sent out <strong>Marowak</strong>!<br></div><div class="spacer battle-history"><br></div><div class="battle-history">Dodrio used <strong>Brave Bird</strong>!<br></div><div class="battle-history"><small>(The opposing Marowak lost <abbr title="−261/324">80.6%</abbr> of its health!)</small><br></div><div class="battle-history"><small>Dodrio is damaged by the recoil!</small><br></div><div class="spacer battle-history"><br></div><h2 class="battle-history">Turn 19</h2><div class="spacer battle-history"><br></div><div class="battle-history">Dodrio, come back!<br></div><div class="battle-history">Go! Rotom (<strong>Rotom-Frost</strong>)!<br></div><div class="battle-history"><small>Pointed stones dug into Rotom!</small><br></div><div class="spacer battle-history"><br></div><div class="battle-history">The opposing Marowak used <strong>Knock Off</strong>!<br></div><div class="battle-history"><small>(Rotom lost <abbr title="−158/251">62.9%</abbr> of its health!)</small><br></div><div class="battle-history"><small>The opposing Marowak knocked off Rotom's Choice Specs!</small><br></div><div class="spacer battle-history"><br></div><h2 class="battle-history">Turn 20</h2><div class="spacer battle-history"><br></div><div class="battle-history">The opposing Marowak used <strong>Knock Off</strong>!<br></div><div class="battle-history"><small>(Rotom lost <abbr title="−31/251">12.4%</abbr> of its health!)</small><br></div><div class="spacer battle-history"><br></div><div class="battle-history">Rotom fainted!<br></div><div class="spacer battle-history"><br></div><div class="battle-history">Go! <strong>Dusknoir</strong>!<br></div><div class="battle-history"><small>Pointed stones dug into Dusknoir!</small><br></div><div class="battle-history"><small>[Dusknoir's Pressure]</small><br><small>Dusknoir is exerting its pressure!</small><br></div><div class="spacer battle-history"><br></div><h2 class="battle-history">Turn 21</h2><div class="spacer battle-history"><br></div><div class="battle-history">lcezasfuck withdrew Marowak!<br></div><div class="battle-history">lcezasfuck sent out <strong>Audino</strong>!<br></div><div class="spacer battle-history"><br></div><div class="battle-history">Dusknoir used <strong>Earthquake</strong>!<br></div><div class="battle-history"><small>(The opposing Audino lost <abbr title="−108/410">26.3%</abbr> of its health!)</small><br></div><div class="spacer battle-history"><br></div><div class="battle-history"><small>The twisted dimensions returned to normal!</small><br></div><div class="spacer battle-history"><br></div><h2 class="battle-history">Turn 22</h2><div class="spacer battle-history"><br></div><div class="battle-history">Dusknoir, come back!<br></div><div class="battle-history">Go! <strong>Ampharos</strong>!<br></div><div class="battle-history"><small>Pointed stones dug into Ampharos!</small><br></div><div class="spacer battle-history"><br></div><div class="battle-history">The opposing Audino used <strong>Trick Room</strong>!<br></div><div class="battle-history"><small>The opposing Audino twisted the dimensions!</small><br></div><div class="spacer battle-history"><br></div><h2 class="battle-history">Turn 23</h2><div class="spacer battle-history"><br></div><div class="battle-history">The opposing Audino used <strong>Healing Wish</strong>!<br></div><div class="spacer battle-history"><br></div><div class="battle-history">The opposing Audino fainted!<br></div><div class="battle-history">Ampharos used <strong>Thunderbolt</strong>!<br></div><div class="battle-history"><small>But there was no target...</small><br></div><div class="spacer battle-history"><br></div><div class="battle-history">lcezasfuck sent out <strong>Marowak</strong>!<br></div><div class="battle-history"><small>The healing wish came true for the opposing Marowak!</small><br></div><div class="spacer battle-history"><br></div><h2 class="battle-history">Turn 24</h2><div class="spacer battle-history"><br></div><div class="battle-history">Ampharos, come back!<br></div><div class="battle-history">Go! <strong>Dusknoir</strong>!<br></div><div class="battle-history"><small>Pointed stones dug into Dusknoir!</small><br></div><div class="battle-history"><small>[Dusknoir's Pressure]</small><br><small>Dusknoir is exerting its pressure!</small><br></div><div class="spacer battle-history"><br></div><div class="battle-history">The opposing Marowak used <strong>Swords Dance</strong>!<br></div><div class="battle-history"><small>The opposing Marowak's Attack rose sharply!</small><br></div><div class="spacer battle-history"><br></div><h2 class="battle-history">Turn 25</h2><div class="spacer battle-history"><br></div><div class="battle-history">The opposing Marowak used <strong>Knock Off</strong>!<br></div><div class="battle-history"><small>It's super effective!</small><br></div><div class="battle-history"><small>(Dusknoir lost <abbr title="−151/241">62.7%</abbr> of its health!)</small><br></div><div class="battle-history"><small>The opposing Marowak knocked off Dusknoir's Sitrus Berry!</small><br></div><div class="spacer battle-history"><br></div><div class="battle-history">Dusknoir fainted!<br></div><div class="spacer battle-history"><br></div><div class="battle-history">Go! <strong>Dodrio</strong>!<br></div><div class="battle-history"><small>Pointed stones dug into Dodrio!</small><br></div><div class="spacer battle-history"><br></div><h2 class="battle-history">Turn 26</h2><div class="spacer battle-history"><br></div><div class="battle-history">The opposing Marowak used <strong>Knock Off</strong>!<br></div><div class="battle-history"><small>(Dodrio lost <abbr title="−45/261">17.2%</abbr> of its health!)</small><br></div><div class="battle-history"><small>The opposing Marowak knocked off Dodrio's Choice Band!</small><br></div><div class="spacer battle-history"><br></div><div class="battle-history">Dodrio fainted!<br></div><div class="spacer battle-history"><br></div><div class="battle-history"><small>The twisted dimensions returned to normal!</small><br></div><div class="spacer battle-history"><br></div><div class="battle-history">Go! <strong>Avalugg</strong>!<br></div><div class="battle-history"><small>Pointed stones dug into Avalugg!</small><br></div><div class="spacer battle-history"><br></div><div class="battle-history">Avalugg fainted!<br></div><div class="spacer battle-history"><br></div><div class="battle-history">Go! <strong>Ampharos</strong>!<br></div><div class="battle-history"><small>Pointed stones dug into Ampharos!</small><br></div><div class="spacer battle-history"><br></div><h2 class="battle-history">Turn 27</h2><div class="chat chatmessage-lcezasfuck"><strong style="color:hsl(63,60%,38.09380051909%)"><small>☆</small><span class="username" data-name="lcezasfuck">lcezasfuck</span>:</strong> <em>gg</em></div><div class="spacer battle-history"><br></div><div class="battle-history">Ampharos used <strong>Focus Blast</strong>!<br></div><div class="battle-history"><small>(The opposing Marowak lost <abbr title="−138/324">42.6%</abbr> of its health!)</small><br></div><div class="spacer battle-history"><br></div><div class="battle-history">The opposing Marowak used <strong>Knock Off</strong>!<br></div><div class="battle-history"><small>(Ampharos lost <abbr title="−241/321">75.1%</abbr> of its health!)</small><br></div><div class="battle-history"><small>The opposing Marowak knocked off Ampharos's Choice Scarf!</small><br></div><div class="spacer battle-history"><br></div><div class="battle-history">Ampharos fainted!<br></div><div class="spacer battle-history"><br></div><div class="battle-history"><strong>lcezasfuck</strong> won the battle!<br></div><div class="chat"><small>jyte-HD left.</small></div></div><div class="inner-preempt"></div></div></div>
</div>
<script>
let daily = Math.floor(Date.now()/1000/60/60/24);document.write('<script src="https://play.pokemonshowdown.com/js/replay-embed.js?version'+daily+'"></'+'script>');
</script>
