<!DOCTYPE html>
<meta charset="utf-8" />
<!-- version 1 -->
<title>PU replay: 2xTheTap vs. therealslap</title>
<style>
html,body {font-family:Verdana, sans-serif;font-size:10pt;margin:0;padding:0;}body{padding:12px 0;} .battle-log {font-family:Verdana, sans-serif;font-size:10pt;} .battle-log-inline {border:1px solid #AAAAAA;background:#EEF2F5;color:black;max-width:640px;margin:0 auto 80px;padding-bottom:5px;} .battle-log .inner {padding:4px 8px 0px 8px;} .battle-log .inner-preempt {padding:0 8px 4px 8px;} .battle-log .inner-after {margin-top:0.5em;} .battle-log h2 {margin:0.5em -8px;padding:4px 8px;border:1px solid #AAAAAA;background:#E0E7EA;border-left:0;border-right:0;font-family:Verdana, sans-serif;font-size:13pt;} .battle-log .chat {vertical-align:middle;padding:3px 0 3px 0;font-size:8pt;} .battle-log .chat strong {color:#40576A;} .battle-log .chat em {padding:1px 4px 1px 3px;color:#000000;font-style:normal;} .chat.mine {background:rgba(0,0,0,0.05);margin-left:-8px;margin-right:-8px;padding-left:8px;padding-right:8px;} .spoiler {color:#BBBBBB;background:#BBBBBB;padding:0px 3px;} .spoiler:hover, .spoiler:active, .spoiler-shown {color:#000000;background:#E2E2E2;padding:0px 3px;} .spoiler a {color:#BBBBBB;} .spoiler:hover a, .spoiler:active a, .spoiler-shown a {color:#2288CC;} .chat code, .chat .spoiler:hover code, .chat .spoiler:active code, .chat .spoiler-shown code {border:1px solid #C0C0C0;background:#EEEEEE;color:black;padding:0 2px;} .chat .spoiler code {border:1px solid #CCCCCC;background:#CCCCCC;color:#CCCCCC;} .battle-log .rated {padding:3px 4px;} .battle-log .rated strong {color:white;background:#89A;padding:1px 4px;border-radius:4px;} .spacer {margin-top:0.5em;} .message-announce {background:#6688AA;color:white;padding:1px 4px 2px;} .message-announce a, .broadcast-green a, .broadcast-blue a, .broadcast-red a {color:#DDEEFF;} .broadcast-green {background-color:#559955;color:white;padding:2px 4px;} .broadcast-blue {background-color:#6688AA;color:white;padding:2px 4px;} .infobox {border:1px solid #6688AA;padding:2px 4px;} .infobox-limited {max-height:200px;overflow:auto;overflow-x:hidden;} .broadcast-red {background-color:#AA5544;color:white;padding:2px 4px;} .message-learn-canlearn {font-weight:bold;color:#228822;text-decoration:underline;} .message-learn-cannotlearn {font-weight:bold;color:#CC2222;text-decoration:underline;} .message-effect-weak {font-weight:bold;color:#CC2222;} .message-effect-resist {font-weight:bold;color:#6688AA;} .message-effect-immune {font-weight:bold;color:#666666;} .message-learn-list {margin-top:0;margin-bottom:0;} .message-throttle-notice, .message-error {color:#992222;} .message-overflow, .chat small.message-overflow {font-size:0pt;} .message-overflow::before {font-size:9pt;content:'...';} .subtle {color:#3A4A66;}
</style>
<div class="wrapper replay-wrapper" style="max-width:1180px;margin:0 auto">
<input type="hidden" name="replayid" value="pu-588308074" />
<div class="battle"></div><div class="battle-log"></div><div class="replay-controls"></div><div class="replay-controls-2"></div>
<h1 style="font-weight:normal;text-align:center"><strong>PU</strong><br /><a href="http://pokemonshowdown.com/users/2xthetap" class="subtle" target="_blank">2xTheTap</a> vs. <a href="http://pokemonshowdown.com/users/therealslap" class="subtle" target="_blank">therealslap</a></h1>
<script type="text/plain" class="battle-log-data">|j|2xTheTap
|j|therealslap
|player|p1|2xTheTap|#2xthetap
|teamsize|p1|6
|player|p2|therealslap|162
|teamsize|p2|6
|gametype|singles
|gen|6
|tier|PU
|seed|1172,10307,29595,5554
|rule|Sleep Clause Mod: Limit one foe put to sleep
|rule|Species Clause: Limit one of each Pokémon
|rule|OHKO Clause: OHKO moves are banned
|rule|Moody Clause: Moody is banned
|rule|Evasion Moves Clause: Evasion moves are banned
|rule|Endless Battle Clause: Forcing endless battles is banned
|rule|HP Percentage Mod: HP is shown in percentages
|clearpoke
|poke|p1|Electrode|item
|poke|p1|Trapinch, F|item
|poke|p1|Pelipper, F|item
|poke|p1|Quilladin, F|item
|poke|p1|Mawile, F|item
|poke|p1|Ninjask, F|item
|poke|p2|Leafeon, F|item
|poke|p2|Clefairy, M|item
|poke|p2|Vibrava, F|item
|poke|p2|Mawile, M|item
|poke|p2|Beheeyem, M|item
|poke|p2|Politoed, M|item
|rule|Swagger Clause: Swagger is banned
|rule|Baton Pass Clause: Limit one Baton Passer, can't pass Spe and other stats simultaneously
|teampreview
|j|TIBot
|c|☆therealslap|hf
|c|☆2xTheTap|u2
|choice|team 1, team 2, team 3, team 4, team 5, team 6|team 2, team 1, team 3, team 4, team 5, team 6
|
|start
|switch|p1a: Electrode|Electrode|259\/259
|switch|p2a: Clefairy|Clefairy, M|344\/344
|turn|1
|choice|move voltswitch|move moonblast
|
|move|p1a: Electrode|Volt Switch|p2a: Clefairy
|-crit|p2a: Clefairy
|-damage|p2a: Clefairy|231\/344
|-damage|p1a: Electrode|234\/259|[from] item: Life Orb
|choice|switch 2|
|
|switch|p1a: Trapinch|Trapinch, F|293\/293
|move|p2a: Clefairy|Moonblast|p1a: Trapinch
|-damage|p1a: Trapinch|236\/293
|
|upkeep
|turn|2
|j|spaceworm
|choice|move earthquake|move moonblast
|
|move|p2a: Clefairy|Moonblast|p1a: Trapinch
|-damage|p1a: Trapinch|181\/293
|move|p1a: Trapinch|Earthquake|p2a: Clefairy
|-damage|p2a: Clefairy|98\/344
|
|upkeep
|turn|3
|choice|move earthquake|move softboiled
|
|move|p2a: Clefairy|Soft-Boiled|p2a: Clefairy
|-heal|p2a: Clefairy|270\/344
|move|p1a: Trapinch|Earthquake|p2a: Clefairy
|-damage|p2a: Clefairy|140\/344
|
|upkeep
|turn|4
|choice|move earthquake|move softboiled
|
|move|p2a: Clefairy|Soft-Boiled|p2a: Clefairy
|-heal|p2a: Clefairy|312\/344
|move|p1a: Trapinch|Earthquake|p2a: Clefairy
|-damage|p2a: Clefairy|167\/344
|
|upkeep
|turn|5
|choice|move rest|move softboiled
|
|move|p2a: Clefairy|Soft-Boiled|p2a: Clefairy
|-heal|p2a: Clefairy|339\/344
|move|p1a: Trapinch|Rest|p1a: Trapinch
|-status|p1a: Trapinch|slp
|-heal|p1a: Trapinch|293\/293 slp|[silent]
|-status|p1a: Trapinch|slp|[from] move: Rest
|
|upkeep
|turn|6
|choice|move sleeptalk|move moonblast
|
|move|p2a: Clefairy|Moonblast|p1a: Trapinch
|-crit|p1a: Trapinch
|-damage|p1a: Trapinch|209\/293 slp
|cant|p1a: Trapinch|slp
|move|p1a: Trapinch|Sleep Talk|p1a: Trapinch
|move|p1a: Trapinch|Toxic|p2a: Clefairy|[from]Sleep Talk
|-status|p2a: Clefairy|tox
|
|upkeep
|turn|7
|choice|move sleeptalk|move moonblast
|
|move|p2a: Clefairy|Moonblast|p1a: Trapinch
|-damage|p1a: Trapinch|154\/293 slp
|-unboost|p1a: Trapinch|spa|1
|cant|p1a: Trapinch|slp
|move|p1a: Trapinch|Sleep Talk|p1a: Trapinch
|move|p1a: Trapinch|Toxic|p2a: Clefairy|[from]Sleep Talk
|-fail|p2a: Clefairy|tox
|
|upkeep
|turn|8
|j|Mind & Night
|choice|move earthquake|move moonblast
|
|move|p2a: Clefairy|Moonblast|p1a: Trapinch
|-damage|p1a: Trapinch|100\/293 slp
|-unboost|p1a: Trapinch|spa|1
|-curestatus|p1a: Trapinch|slp|[msg]
|move|p1a: Trapinch|Earthquake|p2a: Clefairy
|-damage|p2a: Clefairy|204\/344 tox
|
|upkeep
|turn|9
|choice|move rest|move moonblast
|
|move|p2a: Clefairy|Moonblast|p1a: Trapinch
|-damage|p1a: Trapinch|42\/293
|move|p1a: Trapinch|Rest|p1a: Trapinch
|-status|p1a: Trapinch|slp
|-heal|p1a: Trapinch|293\/293 slp|[silent]
|-status|p1a: Trapinch|slp|[from] move: Rest
|
|upkeep
|turn|10
|choice|move sleeptalk|move moonblast
|
|move|p2a: Clefairy|Moonblast|p1a: Trapinch
|-crit|p1a: Trapinch
|-damage|p1a: Trapinch|211\/293 slp
|-unboost|p1a: Trapinch|spa|1
|cant|p1a: Trapinch|slp
|move|p1a: Trapinch|Sleep Talk|p1a: Trapinch
|move|p1a: Trapinch|Toxic|p2a: Clefairy|[from]Sleep Talk
|-fail|p2a: Clefairy|tox
|
|upkeep
|turn|11
|choice|move sleeptalk|move moonblast
|
|move|p2a: Clefairy|Moonblast|p1a: Trapinch
|-damage|p1a: Trapinch|151\/293 slp
|-unboost|p1a: Trapinch|spa|1
|cant|p1a: Trapinch|slp
|move|p1a: Trapinch|Sleep Talk|p1a: Trapinch
|move|p1a: Trapinch|Rest|p1a: Trapinch|[from]Sleep Talk
|-fail|p1a: Trapinch
|
|upkeep
|turn|12
|choice|move earthquake|move moonblast
|
|move|p2a: Clefairy|Moonblast|p1a: Trapinch
|-damage|p1a: Trapinch|91\/293 slp
|-curestatus|p1a: Trapinch|slp|[msg]
|move|p1a: Trapinch|Earthquake|p2a: Clefairy
|-damage|p2a: Clefairy|60\/344 tox
|
|upkeep
|turn|13
|choice|move rest|move softboiled
|
|move|p2a: Clefairy|Soft-Boiled|p2a: Clefairy
|-heal|p2a: Clefairy|232\/344 tox
|move|p1a: Trapinch|Rest|p1a: Trapinch
|-status|p1a: Trapinch|slp
|-heal|p1a: Trapinch|293\/293 slp|[silent]
|-status|p1a: Trapinch|slp|[from] move: Rest
|
|upkeep
|turn|14
|c|☆therealslap|nice to know
|c|☆therealslap|that trap traps this
|choice|move sleeptalk|move moonblast
|
|move|p2a: Clefairy|Moonblast|p1a: Trapinch
|-damage|p1a: Trapinch|238\/293 slp
|cant|p1a: Trapinch|slp
|move|p1a: Trapinch|Sleep Talk|p1a: Trapinch
|move|p1a: Trapinch|Toxic|p2a: Clefairy|[from]Sleep Talk
|-fail|p2a: Clefairy|tox
|
|upkeep
|turn|15
|c|☆2xTheTap|certain variants, yes
|c|☆2xTheTap|knock \/ seismic toss maybe not
|choice|move sleeptalk|move moonblast
|
|move|p2a: Clefairy|Moonblast|p1a: Trapinch
|-damage|p1a: Trapinch|181\/293 slp
|-unboost|p1a: Trapinch|spa|1
|cant|p1a: Trapinch|slp
|move|p1a: Trapinch|Sleep Talk|p1a: Trapinch
|move|p1a: Trapinch|Earthquake|p2a: Clefairy|[from]Sleep Talk
|-damage|p2a: Clefairy|102\/344 tox
|
|upkeep
|turn|16
|choice|move earthquake|move softboiled
|
|move|p2a: Clefairy|Soft-Boiled|p2a: Clefairy
|-heal|p2a: Clefairy|274\/344 tox
|-curestatus|p1a: Trapinch|slp|[msg]
|move|p1a: Trapinch|Earthquake|p2a: Clefairy
|-damage|p2a: Clefairy|132\/344 tox
|
|upkeep
|turn|17
|choice|move earthquake|move softboiled
|
|move|p2a: Clefairy|Soft-Boiled|p2a: Clefairy
|-heal|p2a: Clefairy|304\/344 tox
|move|p1a: Trapinch|Earthquake|p2a: Clefairy
|-damage|p2a: Clefairy|168\/344 tox
|
|upkeep
|turn|18
|choice|move rest|move softboiled
|
|move|p2a: Clefairy|Soft-Boiled|p2a: Clefairy
|-heal|p2a: Clefairy|340\/344 tox
|move|p1a: Trapinch|Rest|p1a: Trapinch
|-status|p1a: Trapinch|slp
|-heal|p1a: Trapinch|293\/293 slp|[silent]
|-status|p1a: Trapinch|slp|[from] move: Rest
|
|upkeep
|turn|19
|choice|move sleeptalk|move thunderwave
|
|move|p2a: Clefairy|Thunder Wave|p1a: Trapinch
|-immune|p1a: Trapinch|[msg]
|cant|p1a: Trapinch|slp
|move|p1a: Trapinch|Sleep Talk|p1a: Trapinch
|move|p1a: Trapinch|Toxic|p2a: Clefairy|[from]Sleep Talk|[miss]
|-miss|p1a: Trapinch|p2a: Clefairy
|
|upkeep
|turn|20
|j|275p
|j|god is on my side
|choice|move sleeptalk|move thunderwave
|
|move|p2a: Clefairy|Thunder Wave|p1a: Trapinch
|-immune|p1a: Trapinch|[msg]
|cant|p1a: Trapinch|slp
|move|p1a: Trapinch|Sleep Talk|p1a: Trapinch
|move|p1a: Trapinch|Toxic|p2a: Clefairy|[from]Sleep Talk
|-fail|p2a: Clefairy|tox
|
|upkeep
|turn|21
|choice|move earthquake|move moonblast
|
|move|p2a: Clefairy|Moonblast|p1a: Trapinch
|-damage|p1a: Trapinch|238\/293 slp
|-curestatus|p1a: Trapinch|slp|[msg]
|move|p1a: Trapinch|Earthquake|p2a: Clefairy
|-damage|p2a: Clefairy|210\/344 tox
|
|upkeep
|turn|22
|choice|move earthquake|move moonblast
|
|move|p2a: Clefairy|Moonblast|p1a: Trapinch
|-damage|p1a: Trapinch|177\/293
|move|p1a: Trapinch|Earthquake|p2a: Clefairy
|-damage|p2a: Clefairy|69\/344 tox
|
|upkeep
|turn|23
|c|☆therealslap|so hows ur day
|choice|switch 5|move softboiled
|
|switch|p1a: Mawile|Mawile, F|303\/303
|-ability|p1a: Mawile|Intimidate|boost
|-unboost|p2a: Clefairy|atk|1
|move|p2a: Clefairy|Soft-Boiled|p2a: Clefairy
|-heal|p2a: Clefairy|241\/344 tox
|
|upkeep
|turn|24
|choice|move knockoff|switch 3
|
|switch|p2a: Vibrava|Vibrava, F|303\/303
|move|p1a: Mawile|Knock Off|p2a: Vibrava
|-damage|p2a: Vibrava|255\/303
|-enditem|p2a: Vibrava|Eviolite|[from] move: Knock Off|[of] p1a: Mawile
|
|upkeep
|turn|25
|c|☆2xTheTap|gud
|choice|switch 3|move uturn
|
|switch|p1a: Pelipper|Pelipper, F|323\/323
|move|p2a: Vibrava|U-turn|p1a: Pelipper
|-resisted|p1a: Pelipper
|-damage|p1a: Pelipper|303\/323
|choice||switch 6
|
|switch|p2a: Politoed|Politoed, M|382\/382
|
|upkeep
|turn|26
|j|The Hero 0f Rhyme
|choice|move uturn|move hiddenpower
|
|move|p2a: Politoed|Hidden Power|p1a: Pelipper
|-supereffective|p1a: Pelipper
|-enditem|p1a: Pelipper|Wacan Berry|[eat]
|-enditem|p1a: Pelipper|Wacan Berry|[weaken]
|-damage|p1a: Pelipper|179\/323
|move|p1a: Pelipper|U-turn|p2a: Politoed
|-damage|p2a: Politoed|347\/382
|c|☆therealslap|o
|choice|switch 2|
|
|switch|p1a: Electrode|Electrode|234\/259
|
|-heal|p2a: Politoed|370\/382|[from] item: Leftovers
|upkeep
|turn|27
|c| 275p|hi there
|c| The Hero 0f Rhyme|sup
|c| 275p|sorry I had wifi problem
|c| The Hero 0f Rhyme|shit i gotta go
|c| The Hero 0f Rhyme|lol
|l|The Hero 0f Rhyme
|choice|move voltswitch|switch 3
|
|switch|p2a: Clefairy|Clefairy, M|241\/344 tox
|move|p1a: Electrode|Volt Switch|p2a: Clefairy
|-damage|p2a: Clefairy|171\/344 tox
|-damage|p1a: Electrode|209\/259|[from] item: Life Orb
|choice|switch 3|
|
|switch|p1a: Mawile|Mawile, F|303\/303
|-ability|p1a: Mawile|Intimidate|boost
|-unboost|p2a: Clefairy|atk|1
|
|upkeep
|turn|28
|choice|move ironhead|move softboiled
|
|move|p1a: Mawile|Iron Head|p2a: Clefairy
|-supereffective|p2a: Clefairy
|-damage|p2a: Clefairy|0 fnt
|faint|p2a: Clefairy
|
|upkeep
|choice||switch 3
|
|switch|p2a: Politoed|Politoed, M|370\/382
|turn|29
|choice|switch 4|move scald
|
|switch|p1a: Quilladin|Quilladin, F|325\/325
|move|p2a: Politoed|Scald|p1a: Quilladin
|-resisted|p1a: Quilladin
|-damage|p1a: Quilladin|257\/325
|
|-heal|p2a: Politoed|382\/382|[from] item: Leftovers
|upkeep
|turn|30
|choice|move spikes|switch 4
|
|switch|p2a: Mawile|Mawile, M|304\/304
|-ability|p2a: Mawile|Intimidate|boost
|-unboost|p1a: Quilladin|atk|1
|move|p1a: Quilladin|Spikes|p2a: Mawile
|-sidestart|p2: therealslap|Spikes
|
|upkeep
|turn|31
|choice|move spikes|move knockoff
|
|move|p1a: Quilladin|Spikes|p2a: Mawile
|-sidestart|p2: therealslap|Spikes
|move|p2a: Mawile|Knock Off|p1a: Quilladin
|-damage|p1a: Quilladin|221\/325
|-enditem|p1a: Quilladin|Eviolite|[from] move: Knock Off|[of] p2a: Mawile
|
|upkeep
|turn|32
|c|☆therealslap|cool team
|choice|switch 4|move toxic
|
|switch|p1a: Mawile|Mawile, F|303\/303
|-ability|p1a: Mawile|Intimidate|boost
|-unboost|p2a: Mawile|atk|1
|move|p2a: Mawile|Toxic|p1a: Mawile|[miss]
|-miss|p2a: Mawile|p1a: Mawile
|
|upkeep
|turn|33
|c|☆therealslap|btw
|c|☆2xTheTap|ty
|choice|switch 3|move knockoff
|
|switch|p1a: Electrode|Electrode|209\/259
|move|p2a: Mawile|Knock Off|p1a: Electrode
|-damage|p1a: Electrode|145\/259
|-enditem|p1a: Electrode|Life Orb|[from] move: Knock Off|[of] p2a: Mawile
|
|upkeep
|turn|34
|choice|move thunderbolt|move playrough
|
|move|p1a: Electrode|Thunderbolt|p2a: Mawile
|-damage|p2a: Mawile|123\/304
|move|p2a: Mawile|Play Rough|p1a: Electrode
|-damage|p1a: Electrode|66\/259
|
|-heal|p2a: Mawile|142\/304|[from] item: Leftovers
|upkeep
|turn|35
|c|☆therealslap|oh
|choice|move thunderbolt|switch 6
|
|switch|p2a: Vibrava|Vibrava, F|255\/303
|move|p1a: Electrode|Thunderbolt|p2a: Vibrava
|-immune|p2a: Vibrava|[msg]
|
|upkeep
|turn|36
|choice|move hiddenpower|switch 5
|
|switch|p2a: Beheeyem|Beheeyem, M|353\/353
|-damage|p2a: Beheeyem|295\/353|[from] Spikes
|move|p1a: Electrode|Hidden Power|p2a: Beheeyem
|-damage|p2a: Beheeyem|252\/353
|
|upkeep
|turn|37
|choice|move taunt|move recover
|
|move|p1a: Electrode|Taunt|p2a: Beheeyem
|-start|p2a: Beheeyem|move: Taunt
|cant|p2a: Beheeyem|move: Taunt|Recover
|
|upkeep
|turn|38
|choice|move voltswitch|move psyshock
|
|move|p1a: Electrode|Volt Switch|p2a: Beheeyem
|-damage|p2a: Beheeyem|173\/353
|choice|switch 2|
|
|switch|p1a: Pelipper|Pelipper, F|179\/323
|move|p2a: Beheeyem|Psyshock|p1a: Pelipper
|-damage|p1a: Pelipper|16\/323
|
|upkeep
|turn|39
|choice|move uturn|move psyshock
|
|move|p1a: Pelipper|U-turn|p2a: Beheeyem
|-supereffective|p2a: Beheeyem
|-crit|p2a: Beheeyem
|-damage|p2a: Beheeyem|69\/353
|choice|switch 3|
|
|switch|p1a: Mawile|Mawile, F|303\/303
|-ability|p1a: Mawile|Intimidate|boost
|-unboost|p2a: Beheeyem|atk|1
|move|p2a: Beheeyem|Psyshock|p1a: Mawile
|-resisted|p1a: Mawile
|-damage|p1a: Mawile|234\/303
|
|-heal|p1a: Mawile|252\/303|[from] item: Leftovers
|-end|p2a: Beheeyem|move: Taunt
|upkeep
|turn|40
|choice|move ironhead|switch 5
|
|switch|p2a: Vibrava|Vibrava, F|255\/303
|move|p1a: Mawile|Iron Head|p2a: Vibrava
|-damage|p2a: Vibrava|165\/303
|
|-heal|p1a: Mawile|270\/303|[from] item: Leftovers
|upkeep
|turn|41
|choice|switch 6|move defog
|
|switch|p1a: Ninjask|Ninjask, F|297\/297
|move|p2a: Vibrava|Defog|p1a: Ninjask
|-unboost|p1a: Ninjask|evasion|1
|-sideend|p2: therealslap|Spikes|[from] move: Defog|[of] p2a: Vibrava
|
|upkeep
|turn|42
|choice|move swordsdance|move roost
|
|move|p1a: Ninjask|Swords Dance|p1a: Ninjask
|-boost|p1a: Ninjask|atk|2
|move|p2a: Vibrava|Roost|p2a: Vibrava
|-heal|p2a: Vibrava|303\/303
|
|-ability|p1a: Ninjask|Speed Boost|boost
|-boost|p1a: Ninjask|spe|1
|upkeep
|turn|43
|c|☆therealslap|o
|choice|move swordsdance|move uturn
|
|move|p1a: Ninjask|Swords Dance|p1a: Ninjask
|-boost|p1a: Ninjask|atk|2
|move|p2a: Vibrava|U-turn|p1a: Ninjask
|-resisted|p1a: Ninjask
|-crit|p1a: Ninjask
|-damage|p1a: Ninjask|235\/297
|choice||switch 6
|
|switch|p2a: Mawile|Mawile, M|142\/304
|-ability|p2a: Mawile|Intimidate|boost
|-unboost|p1a: Ninjask|atk|1
|
|-heal|p2a: Mawile|161\/304|[from] item: Leftovers
|-ability|p1a: Ninjask|Speed Boost|boost
|-boost|p1a: Ninjask|spe|1
|upkeep
|turn|44
|choice|move uturn|move knockoff
|
|move|p1a: Ninjask|U-turn|p2a: Mawile
|-resisted|p2a: Mawile
|-damage|p2a: Mawile|97\/304
|choice|switch 4|
|
|switch|p1a: Quilladin|Quilladin, F|221\/325
|move|p2a: Mawile|Knock Off|p1a: Quilladin
|-damage|p1a: Quilladin|185\/325
|
|-heal|p2a: Mawile|116\/304|[from] item: Leftovers
|upkeep
|turn|45
|choice|move drainpunch|move toxic
|
|move|p1a: Quilladin|Drain Punch|p2a: Mawile
|-damage|p2a: Mawile|75\/304
|-heal|p1a: Quilladin|206\/325|[from] drain|[of] p2a: Mawile
|move|p2a: Mawile|Toxic|p1a: Quilladin
|-status|p1a: Quilladin|tox
|
|-heal|p2a: Mawile|94\/304|[from] item: Leftovers
|-damage|p1a: Quilladin|186\/325 tox|[from] psn
|upkeep
|turn|46
|choice|move spikes|switch 2
|
|switch|p2a: Leafeon|Leafeon, F|271\/271
|move|p1a: Quilladin|Spikes|p2a: Leafeon
|-sidestart|p2: therealslap|Spikes
|
|-damage|p1a: Quilladin|146\/325 tox|[from] psn
|upkeep
|turn|47
|choice|switch 6|move doubleedge
|
|switch|p1a: Mawile|Mawile, F|270\/303
|-ability|p1a: Mawile|Intimidate|boost
|-unboost|p2a: Leafeon|atk|1
|move|p2a: Leafeon|Double-Edge|p1a: Mawile
|-resisted|p1a: Mawile
|-damage|p1a: Mawile|222\/303
|-damage|p2a: Leafeon|255\/271|[from] Recoil|[of] p1a: Mawile
|-damage|p2a: Leafeon|228\/271|[from] item: Life Orb
|
|-heal|p1a: Mawile|240\/303|[from] item: Leftovers
|upkeep
|turn|48
|choice|switch 2|switch 6
|
|switch|p2a: Vibrava|Vibrava, F|303\/303
|switch|p1a: Electrode|Electrode|66\/259
|
|upkeep
|turn|49
|choice|move hiddenpower|switch 5
|
|switch|p2a: Beheeyem|Beheeyem, M|69\/353
|-damage|p2a: Beheeyem|25\/353|[from] Spikes
|move|p1a: Electrode|Hidden Power|p2a: Beheeyem
|-damage|p2a: Beheeyem|0 fnt
|faint|p2a: Beheeyem
|
|upkeep
|choice||switch 6
|
|switch|p2a: Leafeon|Leafeon, F|228\/271
|-damage|p2a: Leafeon|195\/271|[from] Spikes
|turn|50
|choice|switch 2|move leafblade
|
|switch|p1a: Mawile|Mawile, F|240\/303
|-ability|p1a: Mawile|Intimidate|boost
|-unboost|p2a: Leafeon|atk|1
|move|p2a: Leafeon|Leaf Blade|p1a: Mawile
|-resisted|p1a: Mawile
|-damage|p1a: Mawile|193\/303
|-damage|p2a: Leafeon|168\/271|[from] item: Life Orb
|
|-heal|p1a: Mawile|211\/303|[from] item: Leftovers
|upkeep
|turn|51
|choice|move batonpass|switch 4
|
|switch|p2a: Politoed|Politoed, M|382\/382
|-damage|p2a: Politoed|335\/382|[from] Spikes
|move|p1a: Mawile|Baton Pass|p1a: Mawile
|choice|switch 4|
|
|switch|p1a: Ninjask|Ninjask, F|235\/297
|
|-heal|p2a: Politoed|358\/382|[from] item: Leftovers
|upkeep
|turn|52
|choice|move uturn|move icebeam
|
|move|p1a: Ninjask|U-turn|p2a: Politoed
|-damage|p2a: Politoed|207\/382
|choice|switch 3|
|
|switch|p1a: Pelipper|Pelipper, F|16\/323
|move|p2a: Politoed|Ice Beam|p1a: Pelipper
|-damage|p1a: Pelipper|0 fnt
|faint|p1a: Pelipper
|
|-heal|p2a: Politoed|230\/382|[from] item: Leftovers
|upkeep
|choice|switch 2|
|
|switch|p1a: Electrode|Electrode|66\/259
|turn|53
|choice|move thunderbolt|switch 2
|
|switch|p2a: Mawile|Mawile, M|94\/304
|-damage|p2a: Mawile|56\/304|[from] Spikes
|-ability|p2a: Mawile|Intimidate|boost
|-unboost|p1a: Electrode|atk|1
|move|p1a: Electrode|Thunderbolt|p2a: Mawile
|-damage|p2a: Mawile|0 fnt
|faint|p2a: Mawile
|
|upkeep
|choice||switch 4
|
|switch|p2a: Leafeon|Leafeon, F|168\/271
|-damage|p2a: Leafeon|135\/271|[from] Spikes
|turn|54
|choice|switch 4|move knockoff
|
|switch|p1a: Mawile|Mawile, F|211\/303
|-ability|p1a: Mawile|Intimidate|boost
|-unboost|p2a: Leafeon|atk|1
|move|p2a: Leafeon|Knock Off|p1a: Mawile
|-resisted|p1a: Mawile
|-damage|p1a: Mawile|176\/303
|-enditem|p1a: Mawile|Leftovers|[from] move: Knock Off|[of] p2a: Leafeon
|-damage|p2a: Leafeon|108\/271|[from] item: Life Orb
|
|upkeep
|turn|55
|choice|move stealthrock|move swordsdance
|
|move|p2a: Leafeon|Swords Dance|p2a: Leafeon
|-boost|p2a: Leafeon|atk|2
|move|p1a: Mawile|Stealth Rock|p2a: Leafeon
|-sidestart|p2: therealslap|move: Stealth Rock
|
|upkeep
|turn|56
|choice|move ironhead|move leafblade
|
|move|p2a: Leafeon|Leaf Blade|p1a: Mawile
|-resisted|p1a: Mawile
|-damage|p1a: Mawile|50\/303
|-damage|p2a: Leafeon|81\/271|[from] item: Life Orb
|move|p1a: Mawile|Iron Head|p2a: Leafeon
|-damage|p2a: Leafeon|14\/271
|
|upkeep
|turn|57
|choice|move ironhead|move leafblade
|
|move|p2a: Leafeon|Leaf Blade|p1a: Mawile
|-resisted|p1a: Mawile
|-damage|p1a: Mawile|0 fnt
|-damage|p2a: Leafeon|0 fnt|[from] item: Life Orb
|faint|p1a: Mawile
|faint|p2a: Leafeon
|
|upkeep
|choice|switch 4|switch 5
|
|switch|p1a: Electrode|Electrode|66\/259
|switch|p2a: Vibrava|Vibrava, F|303\/303
|-damage|p2a: Vibrava|285\/303|[from] Stealth Rock
|turn|58
|c|☆therealslap|gg
|choice|move hiddenpower|move earthquake
|
|move|p1a: Electrode|Hidden Power|p2a: Vibrava
|-supereffective|p2a: Vibrava
|-damage|p2a: Vibrava|0 fnt
|faint|p2a: Vibrava
|
|upkeep
|choice||switch 2
|
|switch|p2a: Politoed|Politoed, M|230\/382
|-damage|p2a: Politoed|183\/382|[from] Stealth Rock
|-damage|p2a: Politoed|136\/382|[from] Spikes
|turn|59
|c|☆2xTheTap|gg
|choice|move thunderbolt|move scald
|
|move|p1a: Electrode|Thunderbolt|p2a: Politoed
|-supereffective|p2a: Politoed
|-damage|p2a: Politoed|0 fnt
|faint|p2a: Politoed
|
|win|2xTheTap
|l|TIBot
|l|therealslap
|l|Mind & Night
|l|god is on my side</script>
</div>
<div class="battle-log battle-log-inline"><div class="inner"><div class="battle-options"></div><div class="inner"><div class="chat"><small>2xTheTap joined.</small></div><div class="chat"><small>therealslap joined.</small></div><div class=""><small>Format:</small> <br><strong>PU</strong></div><div class=""><small><em>Sleep Clause Mod:</em> Limit one foe put to sleep</small></div><div class=""><small><em>Species Clause:</em> Limit one of each Pokémon</small></div><div class=""><small><em>OHKO Clause:</em> OHKO moves are banned</small></div><div class=""><small><em>Moody Clause:</em> Moody is banned</small></div><div class=""><small><em>Evasion Moves Clause:</em> Evasion moves are banned</small></div><div class=""><small><em>Endless Battle Clause:</em> Forcing endless battles is banned</small></div><div class=""><small><em>HP Percentage Mod:</em> HP is shown in percentages</small></div><div class=""><small><em>Swagger Clause:</em> Swagger is banned</small></div><div class=""><small><em>Baton Pass Clause:</em> Limit one Baton Passer, can't pass Spe and other stats simultaneously</small></div><div class="chat battle-history"><strong>2xTheTap's team:</strong> <em style="color:#445566;display:block;">Electrode / Trapinch / Pelipper / Quilladin / Mawile / Ninjask</em></div><div class="chat battle-history"><strong>therealslap's team:</strong> <em style="color:#445566;display:block;">Leafeon / Clefairy / Vibrava / Mawile / Beheeyem / Politoed</em></div><div class="chat"><small>TIBot joined.</small></div><div class="chat chatmessage-therealslap"><strong style="color:hsl(314,74%,43%)"><small>☆</small><span class="username" data-name="therealslap">therealslap</span>:</strong> <em>hf</em></div><div class="chat chatmessage-2xthetap"><strong style="color:hsl(356,51%,50.948703188140954%)"><small>☆</small><span class="username" data-name="2xTheTap">2xTheTap</span>:</strong> <em>u2</em></div><div class="spacer battle-history"><br></div><div class="battle-history">Battle started between 2xTheTap and therealslap!<br></div><div class="spacer battle-history"><br></div><div class="battle-history">Go! <strong>Electrode</strong>!<br></div><div class="spacer battle-history"><br></div><div class="battle-history">therealslap sent out <strong>Clefairy</strong>!<br></div><div class="spacer battle-history"><br></div><h2 class="battle-history">Turn 1</h2><div class="spacer battle-history"><br></div><div class="battle-history">Electrode used <strong>Volt Switch</strong>!<br></div><div class="battle-history"><small>A critical hit!</small><br></div><div class="battle-history"><small>(The opposing Clefairy lost <abbr title="−113/344">32.8%</abbr> of its health!)</small><br></div><div class="battle-history"><small>Electrode lost some of its HP!</small><br></div><div class="spacer battle-history"><br></div><div class="battle-history">Electrode went back to 2xTheTap!<br></div><div class="battle-history">Go! <strong>Trapinch</strong>!<br></div><div class="spacer battle-history"><br></div><div class="battle-history">The opposing Clefairy used <strong>Moonblast</strong>!<br></div><div class="battle-history"><small>(Trapinch lost <abbr title="−57/293">19.5%</abbr> of its health!)</small><br></div><div class="spacer battle-history"><br></div><h2 class="battle-history">Turn 2</h2><div class="chat"><small>spaceworm joined.</small></div><div class="spacer battle-history"><br></div><div class="battle-history">The opposing Clefairy used <strong>Moonblast</strong>!<br></div><div class="battle-history"><small>(Trapinch lost <abbr title="−55/293">18.8%</abbr> of its health!)</small><br></div><div class="spacer battle-history"><br></div><div class="battle-history">Trapinch used <strong>Earthquake</strong>!<br></div><div class="battle-history"><small>(The opposing Clefairy lost <abbr title="−133/344">38.7%</abbr> of its health!)</small><br></div><div class="spacer battle-history"><br></div><h2 class="battle-history">Turn 3</h2><div class="spacer battle-history"><br></div><div class="battle-history">The opposing Clefairy used <strong>Soft-Boiled</strong>!<br></div><div class="battle-history"><small>The opposing Clefairy restored its HP.</small><br></div><div class="spacer battle-history"><br></div><div class="battle-history">Trapinch used <strong>Earthquake</strong>!<br></div><div class="battle-history"><small>(The opposing Clefairy lost <abbr title="−130/344">37.8%</abbr> of its health!)</small><br></div><div class="spacer battle-history"><br></div><h2 class="battle-history">Turn 4</h2><div class="spacer battle-history"><br></div><div class="battle-history">The opposing Clefairy used <strong>Soft-Boiled</strong>!<br></div><div class="battle-history"><small>The opposing Clefairy restored its HP.</small><br></div><div class="spacer battle-history"><br></div><div class="battle-history">Trapinch used <strong>Earthquake</strong>!<br></div><div class="battle-history"><small>(The opposing Clefairy lost <abbr title="−145/344">42.2%</abbr> of its health!)</small><br></div><div class="spacer battle-history"><br></div><h2 class="battle-history">Turn 5</h2><div class="spacer battle-history"><br></div><div class="battle-history">The opposing Clefairy used <strong>Soft-Boiled</strong>!<br></div><div class="battle-history"><small>The opposing Clefairy restored its HP.</small><br></div><div class="spacer battle-history"><br></div><div class="battle-history">Trapinch used <strong>Rest</strong>!<br></div><div class="battle-history"><small>Trapinch fell asleep!</small><br></div><div class="battle-history"><small>Trapinch slept and became healthy!</small><br></div><div class="spacer battle-history"><br></div><h2 class="battle-history">Turn 6</h2><div class="spacer battle-history"><br></div><div class="battle-history">The opposing Clefairy used <strong>Moonblast</strong>!<br></div><div class="battle-history"><small>A critical hit!</small><br></div><div class="battle-history"><small>(Trapinch lost <abbr title="−84/293">28.7%</abbr> of its health!)</small><br></div><div class="spacer battle-history"><br></div><div class="battle-history">Trapinch is fast asleep.<br></div><div class="spacer battle-history"><br></div><div class="battle-history">Trapinch used <strong>Sleep Talk</strong>!<br></div><div class="spacer battle-history"><br></div><div class="battle-history">Trapinch used <strong>Toxic</strong>!<br></div><div class="battle-history"><small>The opposing Clefairy was badly poisoned!</small><br></div><div class="spacer battle-history"><br></div><h2 class="battle-history">Turn 7</h2><div class="spacer battle-history"><br></div><div class="battle-history">The opposing Clefairy used <strong>Moonblast</strong>!<br></div><div class="battle-history"><small>(Trapinch lost <abbr title="−55/293">18.8%</abbr> of its health!)</small><br></div><div class="battle-history"><small>Trapinch's Special Attack fell!</small><br></div><div class="spacer battle-history"><br></div><div class="battle-history">Trapinch is fast asleep.<br></div><div class="spacer battle-history"><br></div><div class="battle-history">Trapinch used <strong>Sleep Talk</strong>!<br></div><div class="spacer battle-history"><br></div><div class="battle-history">Trapinch used <strong>Toxic</strong>!<br></div><div class="battle-history"><small>But it failed!</small><br></div><div class="spacer battle-history"><br></div><h2 class="battle-history">Turn 8</h2><div class="chat"><small>Mind &amp; Night joined.</small></div><div class="spacer battle-history"><br></div><div class="battle-history">The opposing Clefairy used <strong>Moonblast</strong>!<br></div><div class="battle-history"><small>(Trapinch lost <abbr title="−54/293">18.4%</abbr> of its health!)</small><br></div><div class="battle-history"><small>Trapinch's Special Attack fell!</small><br></div><div class="battle-history"><small>Trapinch woke up!</small><br></div><div class="spacer battle-history"><br></div><div class="battle-history">Trapinch used <strong>Earthquake</strong>!<br></div><div class="battle-history"><small>(The opposing Clefairy lost <abbr title="−135/344">39.2%</abbr> of its health!)</small><br></div><div class="spacer battle-history"><br></div><h2 class="battle-history">Turn 9</h2><div class="spacer battle-history"><br></div><div class="battle-history">The opposing Clefairy used <strong>Moonblast</strong>!<br></div><div class="battle-history"><small>(Trapinch lost <abbr title="−58/293">19.8%</abbr> of its health!)</small><br></div><div class="spacer battle-history"><br></div><div class="battle-history">Trapinch used <strong>Rest</strong>!<br></div><div class="battle-history"><small>Trapinch fell asleep!</small><br></div><div class="battle-history"><small>Trapinch slept and became healthy!</small><br></div><div class="spacer battle-history"><br></div><h2 class="battle-history">Turn 10</h2><div class="spacer battle-history"><br></div><div class="battle-history">The opposing Clefairy used <strong>Moonblast</strong>!<br></div><div class="battle-history"><small>A critical hit!</small><br></div><div class="battle-history"><small>(Trapinch lost <abbr title="−82/293">28.0%</abbr> of its health!)</small><br></div><div class="battle-history"><small>Trapinch's Special Attack fell!</small><br></div><div class="spacer battle-history"><br></div><div class="battle-history">Trapinch is fast asleep.<br></div><div class="spacer battle-history"><br></div><div class="battle-history">Trapinch used <strong>Sleep Talk</strong>!<br></div><div class="spacer battle-history"><br></div><div class="battle-history">Trapinch used <strong>Toxic</strong>!<br></div><div class="battle-history"><small>But it failed!</small><br></div><div class="spacer battle-history"><br></div><h2 class="battle-history">Turn 11</h2><div class="spacer battle-history"><br></div><div class="battle-history">The opposing Clefairy used <strong>Moonblast</strong>!<br></div><div class="battle-history"><small>(Trapinch lost <abbr title="−60/293">20.5%</abbr> of its health!)</small><br></div><div class="battle-history"><small>Trapinch's Special Attack fell!</small><br></div><div class="spacer battle-history"><br></div><div class="battle-history">Trapinch is fast asleep.<br></div><div class="spacer battle-history"><br></div><div class="battle-history">Trapinch used <strong>Sleep Talk</strong>!<br></div><div class="spacer battle-history"><br></div><div class="battle-history">Trapinch used <strong>Rest</strong>!<br></div><div class="battle-history"><small>But it failed!</small><br></div><div class="spacer battle-history"><br></div><h2 class="battle-history">Turn 12</h2><div class="spacer battle-history"><br></div><div class="battle-history">The opposing Clefairy used <strong>Moonblast</strong>!<br></div><div class="battle-history"><small>(Trapinch lost <abbr title="−60/293">20.5%</abbr> of its health!)</small><br></div><div class="battle-history"><small>Trapinch woke up!</small><br></div><div class="spacer battle-history"><br></div><div class="battle-history">Trapinch used <strong>Earthquake</strong>!<br></div><div class="battle-history"><small>(The opposing Clefairy lost <abbr title="−144/344">41.9%</abbr> of its health!)</small><br></div><div class="spacer battle-history"><br></div><h2 class="battle-history">Turn 13</h2><div class="spacer battle-history"><br></div><div class="battle-history">The opposing Clefairy used <strong>Soft-Boiled</strong>!<br></div><div class="battle-history"><small>The opposing Clefairy restored its HP.</small><br></div><div class="spacer battle-history"><br></div><div class="battle-history">Trapinch used <strong>Rest</strong>!<br></div><div class="battle-history"><small>Trapinch fell asleep!</small><br></div><div class="battle-history"><small>Trapinch slept and became healthy!</small><br></div><div class="spacer battle-history"><br></div><h2 class="battle-history">Turn 14</h2><div class="chat chatmessage-therealslap"><strong style="color:hsl(314,74%,43%)"><small>☆</small><span class="username" data-name="therealslap">therealslap</span>:</strong> <em>nice to know</em></div><div class="chat chatmessage-therealslap"><strong style="color:hsl(314,74%,43%)"><small>☆</small><span class="username" data-name="therealslap">therealslap</span>:</strong> <em>that trap traps this</em></div><div class="spacer battle-history"><br></div><div class="battle-history">The opposing Clefairy used <strong>Moonblast</strong>!<br></div><div class="battle-history"><small>(Trapinch lost <abbr title="−55/293">18.8%</abbr> of its health!)</small><br></div><div class="spacer battle-history"><br></div><div class="battle-history">Trapinch is fast asleep.<br></div><div class="spacer battle-history"><br></div><div class="battle-history">Trapinch used <strong>Sleep Talk</strong>!<br></div><div class="spacer battle-history"><br></div><div class="battle-history">Trapinch used <strong>Toxic</strong>!<br></div><div class="battle-history"><small>But it failed!</small><br></div><div class="spacer battle-history"><br></div><h2 class="battle-history">Turn 15</h2><div class="chat chatmessage-2xthetap"><strong style="color:hsl(356,51%,50.948703188140954%)"><small>☆</small><span class="username" data-name="2xTheTap">2xTheTap</span>:</strong> <em>certain variants, yes</em></div><div class="chat chatmessage-2xthetap"><strong style="color:hsl(356,51%,50.948703188140954%)"><small>☆</small><span class="username" data-name="2xTheTap">2xTheTap</span>:</strong> <em>knock / seismic toss maybe not</em></div><div class="spacer battle-history"><br></div><div class="battle-history">The opposing Clefairy used <strong>Moonblast</strong>!<br></div><div class="battle-history"><small>(Trapinch lost <abbr title="−57/293">19.5%</abbr> of its health!)</small><br></div><div class="battle-history"><small>Trapinch's Special Attack fell!</small><br></div><div class="spacer battle-history"><br></div><div class="battle-history">Trapinch is fast asleep.<br></div><div class="spacer battle-history"><br></div><div class="battle-history">Trapinch used <strong>Sleep Talk</strong>!<br></div><div class="spacer battle-history"><br></div><div class="battle-history">Trapinch used <strong>Earthquake</strong>!<br></div><div class="battle-history"><small>(The opposing Clefairy lost <abbr title="−130/344">37.8%</abbr> of its health!)</small><br></div><div class="spacer battle-history"><br></div><h2 class="battle-history">Turn 16</h2><div class="spacer battle-history"><br></div><div class="battle-history">The opposing Clefairy used <strong>Soft-Boiled</strong>!<br></div><div class="battle-history"><small>The opposing Clefairy restored its HP.</small><br></div><div class="battle-history"><small>Trapinch woke up!</small><br></div><div class="spacer battle-history"><br></div><div class="battle-history">Trapinch used <strong>Earthquake</strong>!<br></div><div class="battle-history"><small>(The opposing Clefairy lost <abbr title="−142/344">41.3%</abbr> of its health!)</small><br></div><div class="spacer battle-history"><br></div><h2 class="battle-history">Turn 17</h2><div class="spacer battle-history"><br></div><div class="battle-history">The opposing Clefairy used <strong>Soft-Boiled</strong>!<br></div><div class="battle-history"><small>The opposing Clefairy restored its HP.</small><br></div><div class="spacer battle-history"><br></div><div class="battle-history">Trapinch used <strong>Earthquake</strong>!<br></div><div class="battle-history"><small>(The opposing Clefairy lost <abbr title="−136/344">39.5%</abbr> of its health!)</small><br></div><div class="spacer battle-history"><br></div><h2 class="battle-history">Turn 18</h2><div class="spacer battle-history"><br></div><div class="battle-history">The opposing Clefairy used <strong>Soft-Boiled</strong>!<br></div><div class="battle-history"><small>The opposing Clefairy restored its HP.</small><br></div><div class="spacer battle-history"><br></div><div class="battle-history">Trapinch used <strong>Rest</strong>!<br></div><div class="battle-history"><small>Trapinch fell asleep!</small><br></div><div class="battle-history"><small>Trapinch slept and became healthy!</small><br></div><div class="spacer battle-history"><br></div><h2 class="battle-history">Turn 19</h2><div class="spacer battle-history"><br></div><div class="battle-history">The opposing Clefairy used <strong>Thunder Wave</strong>!<br></div><div class="battle-history"><small>It doesn't affect Trapinch...</small><br></div><div class="spacer battle-history"><br></div><div class="battle-history">Trapinch is fast asleep.<br></div><div class="spacer battle-history"><br></div><div class="battle-history">Trapinch used <strong>Sleep Talk</strong>!<br></div><div class="spacer battle-history"><br></div><div class="battle-history">Trapinch used <strong>Toxic</strong>!<br></div><div class="battle-history"><small>The opposing Clefairy avoided the attack!</small><br></div><div class="spacer battle-history"><br></div><h2 class="battle-history">Turn 20</h2><div class="chat"><small>275p joined.</small></div><div class="chat"><small>god is on my side joined.</small></div><div class="spacer battle-history"><br></div><div class="battle-history">The opposing Clefairy used <strong>Thunder Wave</strong>!<br></div><div class="battle-history"><small>It doesn't affect Trapinch...</small><br></div><div class="spacer battle-history"><br></div><div class="battle-history">Trapinch is fast asleep.<br></div><div class="spacer battle-history"><br></div><div class="battle-history">Trapinch used <strong>Sleep Talk</strong>!<br></div><div class="spacer battle-history"><br></div><div class="battle-history">Trapinch used <strong>Toxic</strong>!<br></div><div class="battle-history"><small>But it failed!</small><br></div><div class="spacer battle-history"><br></div><h2 class="battle-history">Turn 21</h2><div class="spacer battle-history"><br></div><div class="battle-history">The opposing Clefairy used <strong>Moonblast</strong>!<br></div><div class="battle-history"><small>(Trapinch lost <abbr title="−55/293">18.8%</abbr> of its health!)</small><br></div><div class="battle-history"><small>Trapinch woke up!</small><br></div><div class="spacer battle-history"><br></div><div class="battle-history">Trapinch used <strong>Earthquake</strong>!<br></div><div class="battle-history"><small>(The opposing Clefairy lost <abbr title="−130/344">37.8%</abbr> of its health!)</small><br></div><div class="spacer battle-history"><br></div><h2 class="battle-history">Turn 22</h2><div class="spacer battle-history"><br></div><div class="battle-history">The opposing Clefairy used <strong>Moonblast</strong>!<br></div><div class="battle-history"><small>(Trapinch lost <abbr title="−61/293">20.8%</abbr> of its health!)</small><br></div><div class="spacer battle-history"><br></div><div class="battle-history">Trapinch used <strong>Earthquake</strong>!<br></div><div class="battle-history"><small>(The opposing Clefairy lost <abbr title="−141/344">41.0%</abbr> of its health!)</small><br></div><div class="spacer battle-history"><br></div><h2 class="battle-history">Turn 23</h2><div class="chat chatmessage-therealslap"><strong style="color:hsl(314,74%,43%)"><small>☆</small><span class="username" data-name="therealslap">therealslap</span>:</strong> <em>so hows ur day</em></div><div class="spacer battle-history"><br></div><div class="battle-history">Trapinch, come back!<br></div><div class="battle-history">Go! <strong>Mawile</strong>!<br></div><div class="battle-history"><small>[Mawile's Intimidate]</small><br></div><div class="battle-history"><small>The opposing Clefairy's Attack fell!</small><br></div><div class="spacer battle-history"><br></div><div class="battle-history">The opposing Clefairy used <strong>Soft-Boiled</strong>!<br></div><div class="battle-history"><small>The opposing Clefairy restored its HP.</small><br></div><div class="spacer battle-history"><br></div><h2 class="battle-history">Turn 24</h2><div class="spacer battle-history"><br></div><div class="battle-history">therealslap withdrew Clefairy!<br></div><div class="battle-history">therealslap sent out <strong>Vibrava</strong>!<br></div><div class="spacer battle-history"><br></div><div class="battle-history">Mawile used <strong>Knock Off</strong>!<br></div><div class="battle-history"><small>(The opposing Vibrava lost <abbr title="−48/303">15.8%</abbr> of its health!)</small><br></div><div class="battle-history"><small>Mawile knocked off the opposing Vibrava's Eviolite!</small><br></div><div class="spacer battle-history"><br></div><h2 class="battle-history">Turn 25</h2><div class="chat chatmessage-2xthetap"><strong style="color:hsl(356,51%,50.948703188140954%)"><small>☆</small><span class="username" data-name="2xTheTap">2xTheTap</span>:</strong> <em>gud</em></div><div class="spacer battle-history"><br></div><div class="battle-history">Mawile, come back!<br></div><div class="battle-history">Go! <strong>Pelipper</strong>!<br></div><div class="spacer battle-history"><br></div><div class="battle-history">The opposing Vibrava used <strong>U-turn</strong>!<br></div><div class="battle-history"><small>It's not very effective...</small><br></div><div class="battle-history"><small>(Pelipper lost <abbr title="−20/323">6.2%</abbr> of its health!)</small><br></div><div class="spacer battle-history"><br></div><div class="battle-history">The opposing Vibrava went back to therealslap!<br></div><div class="battle-history">therealslap sent out <strong>Politoed</strong>!<br></div><div class="spacer battle-history"><br></div><h2 class="battle-history">Turn 26</h2><div class="chat"><small>The Hero 0f Rhyme joined.</small></div><div class="spacer battle-history"><br></div><div class="battle-history">The opposing Politoed used <strong>Hidden Power</strong>!<br></div><div class="battle-history"><small>It's super effective!</small><br></div><div class="battle-history"><small>Pelipper ate its Wacan Berry!</small><br></div><div class="battle-history"><small>The Wacan Berry weakened the damage to Pelipper!</small><br></div><div class="battle-history"><small>(Pelipper lost <abbr title="−124/323">38.4%</abbr> of its health!)</small><br></div><div class="spacer battle-history"><br></div><div class="battle-history">Pelipper used <strong>U-turn</strong>!<br></div><div class="battle-history"><small>(The opposing Politoed lost <abbr title="−35/382">9.2%</abbr> of its health!)</small><br></div><div class="chat chatmessage-therealslap"><strong style="color:hsl(314,74%,43%)"><small>☆</small><span class="username" data-name="therealslap">therealslap</span>:</strong> <em>o</em></div><div class="spacer battle-history"><br></div><div class="battle-history">Pelipper went back to 2xTheTap!<br></div><div class="battle-history">Go! <strong>Electrode</strong>!<br></div><div class="spacer battle-history"><br></div><div class="battle-history"><small>The opposing Politoed restored a little HP using its Leftovers!</small><br></div><div class="spacer battle-history"><br></div><h2 class="battle-history">Turn 27</h2><div class="chat chatmessage-275p"><strong style="color:hsl(274,54%,55.25357618933063%)"><small> </small><span class="username" data-name="275p">275p</span>:</strong> <em>hi there</em></div><div class="chat chatmessage-thehero0frhyme"><strong style="color:hsl(159,70%,37.54420772526872%)"><small> </small><span class="username" data-name="The Hero 0f Rhyme">The Hero 0f Rhyme</span>:</strong> <em>sup</em></div><div class="chat chatmessage-275p"><strong style="color:hsl(274,54%,55.25357618933063%)"><small> </small><span class="username" data-name="275p">275p</span>:</strong> <em>sorry I had wifi problem</em></div><div class="chat chatmessage-thehero0frhyme"><strong style="color:hsl(159,70%,37.54420772526872%)"><small> </small><span class="username" data-name="The Hero 0f Rhyme">The Hero 0f Rhyme</span>:</strong> <em>shit i gotta go</em></div><div class="chat chatmessage-thehero0frhyme"><strong style="color:hsl(159,70%,37.54420772526872%)"><small> </small><span class="username" data-name="The Hero 0f Rhyme">The Hero 0f Rhyme</span>:</strong> <em>lol</em></div><div class="chat"><small>The Hero 0f Rhyme left.</small></div><div class="spacer battle-history"><br></div><div class="battle-history">therealslap withdrew Politoed!<br></div><div class="battle-history">therealslap sent out <strong>Clefairy</strong>!<br></div><div class="spacer battle-history"><br></div><div class="battle-history">Electrode used <strong>Volt Switch</strong>!<br></div><div class="battle-history"><small>(The opposing Clefairy lost <abbr title="−70/344">20.3%</abbr> of its health!)</small><br></div><div class="battle-history"><small>Electrode lost some of its HP!</small><br></div><div class="spacer battle-history"><br></div><div class="battle-history">Electrode went back to 2xTheTap!<br></div><div class="battle-history">Go! <strong>Mawile</strong>!<br></div><div class="battle-history"><small>[Mawile's Intimidate]</small><br></div><div class="battle-history"><small>The opposing Clefairy's Attack fell!</small><br></div><div class="spacer battle-history"><br></div><h2 class="battle-history">Turn 28</h2><div class="spacer battle-history"><br></div><div class="battle-history">Mawile used <strong>Iron Head</strong>!<br></div><div class="battle-history"><small>It's super effective!</small><br></div><div class="battle-history"><small>(The opposing Clefairy lost <abbr title="−171/344">49.7%</abbr> of its health!)</small><br></div><div class="spacer battle-history"><br></div><div class="battle-history">The opposing Clefairy fainted!<br></div><div class="spacer battle-history"><br></div><div class="battle-history">therealslap sent out <strong>Politoed</strong>!<br></div><div class="spacer battle-history"><br></div><h2 class="battle-history">Turn 29</h2><div class="spacer battle-history"><br></div><div class="battle-history">Mawile, come back!<br></div><div class="battle-history">Go! <strong>Quilladin</strong>!<br></div><div class="spacer battle-history"><br></div><div class="battle-history">The opposing Politoed used <strong>Scald</strong>!<br></div><div class="battle-history"><small>It's not very effective...</small><br></div><div class="battle-history"><small>(Quilladin lost <abbr title="−68/325">20.9%</abbr> of its health!)</small><br></div><div class="spacer battle-history"><br></div><div class="battle-history"><small>The opposing Politoed restored a little HP using its Leftovers!</small><br></div><div class="spacer battle-history"><br></div><h2 class="battle-history">Turn 30</h2><div class="spacer battle-history"><br></div><div class="battle-history">therealslap withdrew Politoed!<br></div><div class="battle-history">therealslap sent out <strong>Mawile</strong>!<br></div><div class="battle-history"><small>[The opposing Mawile's Intimidate]</small><br></div><div class="battle-history"><small>Quilladin's Attack fell!</small><br></div><div class="spacer battle-history"><br></div><div class="battle-history">Quilladin used <strong>Spikes</strong>!<br></div><div class="battle-history"><small>Spikes were scattered on the ground all around the opposing team!</small><br></div><div class="spacer battle-history"><br></div><h2 class="battle-history">Turn 31</h2><div class="spacer battle-history"><br></div><div class="battle-history">Quilladin used <strong>Spikes</strong>!<br></div><div class="battle-history"><small>Spikes were scattered on the ground all around the opposing team!</small><br></div><div class="spacer battle-history"><br></div><div class="battle-history">The opposing Mawile used <strong>Knock Off</strong>!<br></div><div class="battle-history"><small>(Quilladin lost <abbr title="−36/325">11.1%</abbr> of its health!)</small><br></div><div class="battle-history"><small>The opposing Mawile knocked off Quilladin's Eviolite!</small><br></div><div class="spacer battle-history"><br></div><h2 class="battle-history">Turn 32</h2><div class="chat chatmessage-therealslap"><strong style="color:hsl(314,74%,43%)"><small>☆</small><span class="username" data-name="therealslap">therealslap</span>:</strong> <em>cool team</em></div><div class="spacer battle-history"><br></div><div class="battle-history">Quilladin, come back!<br></div><div class="battle-history">Go! <strong>Mawile</strong>!<br></div><div class="battle-history"><small>[Mawile's Intimidate]</small><br></div><div class="battle-history"><small>The opposing Mawile's Attack fell!</small><br></div><div class="spacer battle-history"><br></div><div class="battle-history">The opposing Mawile used <strong>Toxic</strong>!<br></div><div class="battle-history"><small>Mawile avoided the attack!</small><br></div><div class="spacer battle-history"><br></div><h2 class="battle-history">Turn 33</h2><div class="chat chatmessage-therealslap"><strong style="color:hsl(314,74%,43%)"><small>☆</small><span class="username" data-name="therealslap">therealslap</span>:</strong> <em>btw</em></div><div class="chat chatmessage-2xthetap"><strong style="color:hsl(356,51%,50.948703188140954%)"><small>☆</small><span class="username" data-name="2xTheTap">2xTheTap</span>:</strong> <em>ty</em></div><div class="spacer battle-history"><br></div><div class="battle-history">Mawile, come back!<br></div><div class="battle-history">Go! <strong>Electrode</strong>!<br></div><div class="spacer battle-history"><br></div><div class="battle-history">The opposing Mawile used <strong>Knock Off</strong>!<br></div><div class="battle-history"><small>(Electrode lost <abbr title="−64/259">24.7%</abbr> of its health!)</small><br></div><div class="battle-history"><small>The opposing Mawile knocked off Electrode's Life Orb!</small><br></div><div class="spacer battle-history"><br></div><h2 class="battle-history">Turn 34</h2><div class="spacer battle-history"><br></div><div class="battle-history">Electrode used <strong>Thunderbolt</strong>!<br></div><div class="battle-history"><small>(The opposing Mawile lost <abbr title="−181/304">59.5%</abbr> of its health!)</small><br></div><div class="spacer battle-history"><br></div><div class="battle-history">The opposing Mawile used <strong>Play Rough</strong>!<br></div><div class="battle-history"><small>(Electrode lost <abbr title="−79/259">30.5%</abbr> of its health!)</small><br></div><div class="spacer battle-history"><br></div><div class="battle-history"><small>The opposing Mawile restored a little HP using its Leftovers!</small><br></div><div class="spacer battle-history"><br></div><h2 class="battle-history">Turn 35</h2><div class="chat chatmessage-therealslap"><strong style="color:hsl(314,74%,43%)"><small>☆</small><span class="username" data-name="therealslap">therealslap</span>:</strong> <em>oh</em></div><div class="spacer battle-history"><br></div><div class="battle-history">therealslap withdrew Mawile!<br></div><div class="battle-history">therealslap sent out <strong>Vibrava</strong>!<br></div><div class="spacer battle-history"><br></div><div class="battle-history">Electrode used <strong>Thunderbolt</strong>!<br></div><div class="battle-history"><small>It doesn't affect the opposing Vibrava...</small><br></div><div class="spacer battle-history"><br></div><h2 class="battle-history">Turn 36</h2><div class="spacer battle-history"><br></div><div class="battle-history">therealslap withdrew Vibrava!<br></div><div class="battle-history">therealslap sent out <strong>Beheeyem</strong>!<br></div><div class="battle-history"><small>The opposing Beheeyem is hurt by the spikes!</small><br></div><div class="spacer battle-history"><br></div><div class="battle-history">Electrode used <strong>Hidden Power</strong>!<br></div><div class="battle-history"><small>(The opposing Beheeyem lost <abbr title="−43/353">12.2%</abbr> of its health!)</small><br></div><div class="spacer battle-history"><br></div><h2 class="battle-history">Turn 37</h2><div class="spacer battle-history"><br></div><div class="battle-history">Electrode used <strong>Taunt</strong>!<br></div><div class="battle-history"><small>The opposing Beheeyem fell for the taunt!</small><br></div><div class="spacer battle-history"><br></div><div class="battle-history">The opposing Beheeyem can't use Recover after the taunt!<br></div><div class="spacer battle-history"><br></div><h2 class="battle-history">Turn 38</h2><div class="spacer battle-history"><br></div><div class="battle-history">Electrode used <strong>Volt Switch</strong>!<br></div><div class="battle-history"><small>(The opposing Beheeyem lost <abbr title="−79/353">22.4%</abbr> of its health!)</small><br></div><div class="spacer battle-history"><br></div><div class="battle-history">Electrode went back to 2xTheTap!<br></div><div class="battle-history">Go! <strong>Pelipper</strong>!<br></div><div class="spacer battle-history"><br></div><div class="battle-history">The opposing Beheeyem used <strong>Psyshock</strong>!<br></div><div class="battle-history"><small>(Pelipper lost <abbr title="−163/323">50.5%</abbr> of its health!)</small><br></div><div class="spacer battle-history"><br></div><h2 class="battle-history">Turn 39</h2><div class="spacer battle-history"><br></div><div class="battle-history">Pelipper used <strong>U-turn</strong>!<br></div><div class="battle-history"><small>It's super effective!</small><br></div><div class="battle-history"><small>A critical hit!</small><br></div><div class="battle-history"><small>(The opposing Beheeyem lost <abbr title="−104/353">29.5%</abbr> of its health!)</small><br></div><div class="spacer battle-history"><br></div><div class="battle-history">Pelipper went back to 2xTheTap!<br></div><div class="battle-history">Go! <strong>Mawile</strong>!<br></div><div class="battle-history"><small>[Mawile's Intimidate]</small><br></div><div class="battle-history"><small>The opposing Beheeyem's Attack fell!</small><br></div><div class="spacer battle-history"><br></div><div class="battle-history">The opposing Beheeyem used <strong>Psyshock</strong>!<br></div><div class="battle-history"><small>It's not very effective...</small><br></div><div class="battle-history"><small>(Mawile lost <abbr title="−69/303">22.8%</abbr> of its health!)</small><br></div><div class="spacer battle-history"><br></div><div class="battle-history"><small>Mawile restored a little HP using its Leftovers!</small><br></div><div class="battle-history"><small>The opposing Beheeyem's taunt wore off!</small><br></div><div class="spacer battle-history"><br></div><h2 class="battle-history">Turn 40</h2><div class="spacer battle-history"><br></div><div class="battle-history">therealslap withdrew Beheeyem!<br></div><div class="battle-history">therealslap sent out <strong>Vibrava</strong>!<br></div><div class="spacer battle-history"><br></div><div class="battle-history">Mawile used <strong>Iron Head</strong>!<br></div><div class="battle-history"><small>(The opposing Vibrava lost <abbr title="−90/303">29.7%</abbr> of its health!)</small><br></div><div class="spacer battle-history"><br></div><div class="battle-history"><small>Mawile restored a little HP using its Leftovers!</small><br></div><div class="spacer battle-history"><br></div><h2 class="battle-history">Turn 41</h2><div class="spacer battle-history"><br></div><div class="battle-history">Mawile, come back!<br></div><div class="battle-history">Go! <strong>Ninjask</strong>!<br></div><div class="spacer battle-history"><br></div><div class="battle-history">The opposing Vibrava used <strong>Defog</strong>!<br></div><div class="battle-history"><small>Ninjask's evasiveness fell!</small><br></div><div class="battle-history"><small>The spikes disappeared from the ground around the opposing team!</small><br></div><div class="spacer battle-history"><br></div><h2 class="battle-history">Turn 42</h2><div class="spacer battle-history"><br></div><div class="battle-history">Ninjask used <strong>Swords Dance</strong>!<br></div><div class="battle-history"><small>Ninjask's Attack rose sharply!</small><br></div><div class="spacer battle-history"><br></div><div class="battle-history">The opposing Vibrava used <strong>Roost</strong>!<br></div><div class="battle-history"><small>The opposing Vibrava restored its HP.</small><br></div><div class="spacer battle-history"><br></div><div class="battle-history"><small>[Ninjask's Speed Boost]</small><br></div><div class="battle-history"><small>Ninjask's Speed rose!</small><br></div><div class="spacer battle-history"><br></div><h2 class="battle-history">Turn 43</h2><div class="chat chatmessage-therealslap"><strong style="color:hsl(314,74%,43%)"><small>☆</small><span class="username" data-name="therealslap">therealslap</span>:</strong> <em>o</em></div><div class="spacer battle-history"><br></div><div class="battle-history">Ninjask used <strong>Swords Dance</strong>!<br></div><div class="battle-history"><small>Ninjask's Attack rose sharply!</small><br></div><div class="spacer battle-history"><br></div><div class="battle-history">The opposing Vibrava used <strong>U-turn</strong>!<br></div><div class="battle-history"><small>It's not very effective...</small><br></div><div class="battle-history"><small>A critical hit!</small><br></div><div class="battle-history"><small>(Ninjask lost <abbr title="−62/297">20.9%</abbr> of its health!)</small><br></div><div class="spacer battle-history"><br></div><div class="battle-history">The opposing Vibrava went back to therealslap!<br></div><div class="battle-history">therealslap sent out <strong>Mawile</strong>!<br></div><div class="battle-history"><small>[The opposing Mawile's Intimidate]</small><br></div><div class="battle-history"><small>Ninjask's Attack fell!</small><br></div><div class="spacer battle-history"><br></div><div class="battle-history"><small>The opposing Mawile restored a little HP using its Leftovers!</small><br></div><div class="battle-history"><small>[Ninjask's Speed Boost]</small><br></div><div class="battle-history"><small>Ninjask's Speed rose!</small><br></div><div class="spacer battle-history"><br></div><h2 class="battle-history">Turn 44</h2><div class="spacer battle-history"><br></div><div class="battle-history">Ninjask used <strong>U-turn</strong>!<br></div><div class="battle-history"><small>It's not very effective...</small><br></div><div class="battle-history"><small>(The opposing Mawile lost <abbr title="−64/304">21.1%</abbr> of its health!)</small><br></div><div class="spacer battle-history"><br></div><div class="battle-history">Ninjask went back to 2xTheTap!<br></div><div class="battle-history">Go! <strong>Quilladin</strong>!<br></div><div class="spacer battle-history"><br></div><div class="battle-history">The opposing Mawile used <strong>Knock Off</strong>!<br></div><div class="battle-history"><small>(Quilladin lost <abbr title="−36/325">11.1%</abbr> of its health!)</small><br></div><div class="spacer battle-history"><br></div><div class="battle-history"><small>The opposing Mawile restored a little HP using its Leftovers!</small><br></div><div class="spacer battle-history"><br></div><h2 class="battle-history">Turn 45</h2><div class="spacer battle-history"><br></div><div class="battle-history">Quilladin used <strong>Drain Punch</strong>!<br></div><div class="battle-history"><small>(The opposing Mawile lost <abbr title="−41/304">13.5%</abbr> of its health!)</small><br></div><div class="battle-history"><small>The opposing Mawile had its energy drained!</small><br></div><div class="spacer battle-history"><br></div><div class="battle-history">The opposing Mawile used <strong>Toxic</strong>!<br></div><div class="battle-history"><small>Quilladin was badly poisoned!</small><br></div><div class="spacer battle-history"><br></div><div class="battle-history"><small>The opposing Mawile restored a little HP using its Leftovers!</small><br></div><div class="battle-history"><small>Quilladin was hurt by poison!</small><br></div><div class="spacer battle-history"><br></div><h2 class="battle-history">Turn 46</h2><div class="spacer battle-history"><br></div><div class="battle-history">therealslap withdrew Mawile!<br></div><div class="battle-history">therealslap sent out <strong>Leafeon</strong>!<br></div><div class="spacer battle-history"><br></div><div class="battle-history">Quilladin used <strong>Spikes</strong>!<br></div><div class="battle-history"><small>Spikes were scattered on the ground all around the opposing team!</small><br></div><div class="spacer battle-history"><br></div><div class="battle-history"><small>Quilladin was hurt by poison!</small><br></div><div class="spacer battle-history"><br></div><h2 class="battle-history">Turn 47</h2><div class="spacer battle-history"><br></div><div class="battle-history">Quilladin, come back!<br></div><div class="battle-history">Go! <strong>Mawile</strong>!<br></div><div class="battle-history"><small>[Mawile's Intimidate]</small><br></div><div class="battle-history"><small>The opposing Leafeon's Attack fell!</small><br></div><div class="spacer battle-history"><br></div><div class="battle-history">The opposing Leafeon used <strong>Double-Edge</strong>!<br></div><div class="battle-history"><small>It's not very effective...</small><br></div><div class="battle-history"><small>(Mawile lost <abbr title="−48/303">15.8%</abbr> of its health!)</small><br></div><div class="battle-history"><small>The opposing Leafeon is damaged by the recoil!</small><br></div><div class="battle-history"><small>The opposing Leafeon lost some of its HP!</small><br></div><div class="spacer battle-history"><br></div><div class="battle-history"><small>Mawile restored a little HP using its Leftovers!</small><br></div><div class="spacer battle-history"><br></div><h2 class="battle-history">Turn 48</h2><div class="spacer battle-history"><br></div><div class="battle-history">therealslap withdrew Leafeon!<br></div><div class="battle-history">therealslap sent out <strong>Vibrava</strong>!<br></div><div class="spacer battle-history"><br></div><div class="battle-history">Mawile, come back!<br></div><div class="battle-history">Go! <strong>Electrode</strong>!<br></div><div class="spacer battle-history"><br></div><h2 class="battle-history">Turn 49</h2><div class="spacer battle-history"><br></div><div class="battle-history">therealslap withdrew Vibrava!<br></div><div class="battle-history">therealslap sent out <strong>Beheeyem</strong>!<br></div><div class="battle-history"><small>The opposing Beheeyem is hurt by the spikes!</small><br></div><div class="spacer battle-history"><br></div><div class="battle-history">Electrode used <strong>Hidden Power</strong>!<br></div><div class="battle-history"><small>(The opposing Beheeyem lost <abbr title="−25/353">7.1%</abbr> of its health!)</small><br></div><div class="spacer battle-history"><br></div><div class="battle-history">The opposing Beheeyem fainted!<br></div><div class="spacer battle-history"><br></div><div class="battle-history">therealslap sent out <strong>Leafeon</strong>!<br></div><div class="battle-history"><small>The opposing Leafeon is hurt by the spikes!</small><br></div><div class="spacer battle-history"><br></div><h2 class="battle-history">Turn 50</h2><div class="spacer battle-history"><br></div><div class="battle-history">Electrode, come back!<br></div><div class="battle-history">Go! <strong>Mawile</strong>!<br></div><div class="battle-history"><small>[Mawile's Intimidate]</small><br></div><div class="battle-history"><small>The opposing Leafeon's Attack fell!</small><br></div><div class="spacer battle-history"><br></div><div class="battle-history">The opposing Leafeon used <strong>Leaf Blade</strong>!<br></div><div class="battle-history"><small>It's not very effective...</small><br></div><div class="battle-history"><small>(Mawile lost <abbr title="−47/303">15.5%</abbr> of its health!)</small><br></div><div class="battle-history"><small>The opposing Leafeon lost some of its HP!</small><br></div><div class="spacer battle-history"><br></div><div class="battle-history"><small>Mawile restored a little HP using its Leftovers!</small><br></div><div class="spacer battle-history"><br></div><h2 class="battle-history">Turn 51</h2><div class="spacer battle-history"><br></div><div class="battle-history">therealslap withdrew Leafeon!<br></div><div class="battle-history">therealslap sent out <strong>Politoed</strong>!<br></div><div class="battle-history"><small>The opposing Politoed is hurt by the spikes!</small><br></div><div class="spacer battle-history"><br></div><div class="battle-history">Mawile used <strong>Baton Pass</strong>!<br></div><div class="spacer battle-history"><br></div><div class="battle-history">Go! <strong>Ninjask</strong>!<br></div><div class="spacer battle-history"><br></div><div class="battle-history"><small>The opposing Politoed restored a little HP using its Leftovers!</small><br></div><div class="spacer battle-history"><br></div><h2 class="battle-history">Turn 52</h2><div class="spacer battle-history"><br></div><div class="battle-history">Ninjask used <strong>U-turn</strong>!<br></div><div class="battle-history"><small>(The opposing Politoed lost <abbr title="−151/382">39.5%</abbr> of its health!)</small><br></div><div class="spacer battle-history"><br></div><div class="battle-history">Ninjask went back to 2xTheTap!<br></div><div class="battle-history">Go! <strong>Pelipper</strong>!<br></div><div class="spacer battle-history"><br></div><div class="battle-history">The opposing Politoed used <strong>Ice Beam</strong>!<br></div><div class="battle-history"><small>(Pelipper lost <abbr title="−16/323">5.0%</abbr> of its health!)</small><br></div><div class="spacer battle-history"><br></div><div class="battle-history">Pelipper fainted!<br></div><div class="spacer battle-history"><br></div><div class="battle-history"><small>The opposing Politoed restored a little HP using its Leftovers!</small><br></div><div class="spacer battle-history"><br></div><div class="battle-history">Go! <strong>Electrode</strong>!<br></div><div class="spacer battle-history"><br></div><h2 class="battle-history">Turn 53</h2><div class="spacer battle-history"><br></div><div class="battle-history">therealslap withdrew Politoed!<br></div><div class="battle-history">therealslap sent out <strong>Mawile</strong>!<br></div><div class="battle-history"><small>The opposing Mawile is hurt by the spikes!</small><br></div><div class="battle-history"><small>[The opposing Mawile's Intimidate]</small><br></div><div class="battle-history"><small>Electrode's Attack fell!</small><br></div><div class="spacer battle-history"><br></div><div class="battle-history">Electrode used <strong>Thunderbolt</strong>!<br></div><div class="battle-history"><small>(The opposing Mawile lost <abbr title="−56/304">18.4%</abbr> of its health!)</small><br></div><div class="spacer battle-history"><br></div><div class="battle-history">The opposing Mawile fainted!<br></div><div class="spacer battle-history"><br></div><div class="battle-history">therealslap sent out <strong>Leafeon</strong>!<br></div><div class="battle-history"><small>The opposing Leafeon is hurt by the spikes!</small><br></div><div class="spacer battle-history"><br></div><h2 class="battle-history">Turn 54</h2><div class="spacer battle-history"><br></div><div class="battle-history">Electrode, come back!<br></div><div class="battle-history">Go! <strong>Mawile</strong>!<br></div><div class="battle-history"><small>[Mawile's Intimidate]</small><br></div><div class="battle-history"><small>The opposing Leafeon's Attack fell!</small><br></div><div class="spacer battle-history"><br></div><div class="battle-history">The opposing Leafeon used <strong>Knock Off</strong>!<br></div><div class="battle-history"><small>It's not very effective...</small><br></div><div class="battle-history"><small>(Mawile lost <abbr title="−35/303">11.6%</abbr> of its health!)</small><br></div><div class="battle-history"><small>The opposing Leafeon knocked off Mawile's Leftovers!</small><br></div><div class="battle-history"><small>The opposing Leafeon lost some of its HP!</small><br></div><div class="spacer battle-history"><br></div><h2 class="battle-history">Turn 55</h2><div class="spacer battle-history"><br></div><div class="battle-history">The opposing Leafeon used <strong>Swords Dance</strong>!<br></div><div class="battle-history"><small>The opposing Leafeon's Attack rose sharply!</small><br></div><div class="spacer battle-history"><br></div><div class="battle-history">Mawile used <strong>Stealth Rock</strong>!<br></div><div class="battle-history"><small>Pointed stones float in the air around the opposing team!</small><br></div><div class="spacer battle-history"><br></div><h2 class="battle-history">Turn 56</h2><div class="spacer battle-history"><br></div><div class="battle-history">The opposing Leafeon used <strong>Leaf Blade</strong>!<br></div><div class="battle-history"><small>It's not very effective...</small><br></div><div class="battle-history"><small>(Mawile lost <abbr title="−126/303">41.6%</abbr> of its health!)</small><br></div><div class="battle-history"><small>The opposing Leafeon lost some of its HP!</small><br></div><div class="spacer battle-history"><br></div><div class="battle-history">Mawile used <strong>Iron Head</strong>!<br></div><div class="battle-history"><small>(The opposing Leafeon lost <abbr title="−67/271">24.7%</abbr> of its health!)</small><br></div><div class="spacer battle-history"><br></div><h2 class="battle-history">Turn 57</h2><div class="spacer battle-history"><br></div><div class="battle-history">The opposing Leafeon used <strong>Leaf Blade</strong>!<br></div><div class="battle-history"><small>It's not very effective...</small><br></div><div class="battle-history"><small>(Mawile lost <abbr title="−50/303">16.5%</abbr> of its health!)</small><br></div><div class="battle-history"><small>The opposing Leafeon lost some of its HP!</small><br></div><div class="spacer battle-history"><br></div><div class="battle-history">Mawile fainted!<br></div><div class="battle-history">The opposing Leafeon fainted!<br></div><div class="spacer battle-history"><br></div><div class="battle-history">Go! <strong>Electrode</strong>!<br></div><div class="spacer battle-history"><br></div><div class="battle-history">therealslap sent out <strong>Vibrava</strong>!<br></div><div class="battle-history"><small>Pointed stones dug into the opposing Vibrava!</small><br></div><div class="spacer battle-history"><br></div><h2 class="battle-history">Turn 58</h2><div class="chat chatmessage-therealslap"><strong style="color:hsl(314,74%,43%)"><small>☆</small><span class="username" data-name="therealslap">therealslap</span>:</strong> <em>gg</em></div><div class="spacer battle-history"><br></div><div class="battle-history">Electrode used <strong>Hidden Power</strong>!<br></div><div class="battle-history"><small>It's super effective!</small><br></div><div class="battle-history"><small>(The opposing Vibrava lost <abbr title="−285/303">94.1%</abbr> of its health!)</small><br></div><div class="spacer battle-history"><br></div><div class="battle-history">The opposing Vibrava fainted!<br></div><div class="spacer battle-history"><br></div><div class="battle-history">therealslap sent out <strong>Politoed</strong>!<br></div><div class="battle-history"><small>Pointed stones dug into the opposing Politoed!</small><br></div><div class="battle-history"><small>The opposing Politoed is hurt by the spikes!</small><br></div><div class="spacer battle-history"><br></div><h2 class="battle-history">Turn 59</h2><div class="chat chatmessage-2xthetap"><strong style="color:hsl(356,51%,50.948703188140954%)"><small>☆</small><span class="username" data-name="2xTheTap">2xTheTap</span>:</strong> <em>gg</em></div><div class="spacer battle-history"><br></div><div class="battle-history">Electrode used <strong>Thunderbolt</strong>!<br></div><div class="battle-history"><small>It's super effective!</small><br></div><div class="battle-history"><small>(The opposing Politoed lost <abbr title="−136/382">35.6%</abbr> of its health!)</small><br></div><div class="spacer battle-history"><br></div><div class="battle-history">The opposing Politoed fainted!<br></div><div class="spacer battle-history"><br></div><div class="battle-history"><strong>2xTheTap</strong> won the battle!<br></div><div class="chat"><small>TIBot left.</small></div><div class="chat"><small>therealslap left.</small></div><div class="chat"><small>Mind &amp; Night left.</small></div><div class="chat"><small>god is on my side left.</small></div></div><div class="inner-preempt"></div></div></div>
</div>
<script>
let daily = Math.floor(Date.now()/1000/60/60/24);document.write('<script src="https://play.pokemonshowdown.com/js/replay-embed.js?version'+daily+'"></'+'script>');
</script>
