<!DOCTYPE html>
<meta charset="utf-8" />
<!-- version 1 -->
<title>PU replay: UberSkitty ♥ vs. FumaFan</title>
<style>
html,body {font-family:Verdana, sans-serif;font-size:10pt;margin:0;padding:0;}body{padding:12px 0;} .battle-log {font-family:Verdana, sans-serif;font-size:10pt;} .battle-log-inline {border:1px solid #AAAAAA;background:#EEF2F5;color:black;max-width:640px;margin:0 auto 80px;padding-bottom:5px;} .battle-log .inner {padding:4px 8px 0px 8px;} .battle-log .inner-preempt {padding:0 8px 4px 8px;} .battle-log .inner-after {margin-top:0.5em;} .battle-log h2 {margin:0.5em -8px;padding:4px 8px;border:1px solid #AAAAAA;background:#E0E7EA;border-left:0;border-right:0;font-family:Verdana, sans-serif;font-size:13pt;} .battle-log .chat {vertical-align:middle;padding:3px 0 3px 0;font-size:8pt;} .battle-log .chat strong {color:#40576A;} .battle-log .chat em {padding:1px 4px 1px 3px;color:#000000;font-style:normal;} .chat.mine {background:rgba(0,0,0,0.05);margin-left:-8px;margin-right:-8px;padding-left:8px;padding-right:8px;} .spoiler {color:#BBBBBB;background:#BBBBBB;padding:0px 3px;} .spoiler:hover, .spoiler:active, .spoiler-shown {color:#000000;background:#E2E2E2;padding:0px 3px;} .spoiler a {color:#BBBBBB;} .spoiler:hover a, .spoiler:active a, .spoiler-shown a {color:#2288CC;} .chat code, .chat .spoiler:hover code, .chat .spoiler:active code, .chat .spoiler-shown code {border:1px solid #C0C0C0;background:#EEEEEE;color:black;padding:0 2px;} .chat .spoiler code {border:1px solid #CCCCCC;background:#CCCCCC;color:#CCCCCC;} .battle-log .rated {padding:3px 4px;} .battle-log .rated strong {color:white;background:#89A;padding:1px 4px;border-radius:4px;} .spacer {margin-top:0.5em;} .message-announce {background:#6688AA;color:white;padding:1px 4px 2px;} .message-announce a, .broadcast-green a, .broadcast-blue a, .broadcast-red a {color:#DDEEFF;} .broadcast-green {background-color:#559955;color:white;padding:2px 4px;} .broadcast-blue {background-color:#6688AA;color:white;padding:2px 4px;} .infobox {border:1px solid #6688AA;padding:2px 4px;} .infobox-limited {max-height:200px;overflow:auto;overflow-x:hidden;} .broadcast-red {background-color:#AA5544;color:white;padding:2px 4px;} .message-learn-canlearn {font-weight:bold;color:#228822;text-decoration:underline;} .message-learn-cannotlearn {font-weight:bold;color:#CC2222;text-decoration:underline;} .message-effect-weak {font-weight:bold;color:#CC2222;} .message-effect-resist {font-weight:bold;color:#6688AA;} .message-effect-immune {font-weight:bold;color:#666666;} .message-learn-list {margin-top:0;margin-bottom:0;} .message-throttle-notice, .message-error {color:#992222;} .message-overflow, .chat small.message-overflow {font-size:0pt;} .message-overflow::before {font-size:9pt;content:'...';} .subtle {color:#3A4A66;}
</style>
<div class="wrapper replay-wrapper" style="max-width:1180px;margin:0 auto">
<input type="hidden" name="replayid" value="pu-558929656" />
<div class="battle"></div><div class="battle-log"></div><div class="replay-controls"></div><div class="replay-controls-2"></div>
<h1 style="font-weight:normal;text-align:center"><strong>PU</strong><br /><a href="http://pokemonshowdown.com/users/uberskitty" class="subtle" target="_blank">UberSkitty ♥</a> vs. <a href="http://pokemonshowdown.com/users/fumafan" class="subtle" target="_blank">FumaFan</a></h1>
<script type="text/plain" class="battle-log-data">|j|UberSkitty ♥
|j|FumaFan
|player|p1|UberSkitty ♥|23
|player|p2|FumaFan|266
|gametype|singles
|gen|6
|tier|PU
|seed|63111,41106,25857,3181
|rule|Sleep Clause Mod: Limit one foe put to sleep
|rule|Species Clause: Limit one of each Pokémon
|rule|OHKO Clause: OHKO moves are banned
|rule|Moody Clause: Moody is banned
|rule|Evasion Moves Clause: Evasion moves are banned
|rule|Endless Battle Clause: Forcing endless battles is banned
|rule|HP Percentage Mod: HP is shown in percentages
|clearpoke
|poke|p1|Bouffalant, M|item
|poke|p1|Altaria, M|item
|poke|p1|Monferno, M|item
|poke|p1|Bronzor|item
|poke|p1|Vullaby, F|item
|poke|p1|Rotom-Frost|item
|poke|p2|Crustle, F|item
|poke|p2|Beautifly, F|item
|poke|p2|Bouffalant, M|item
|poke|p2|Gogoat, M|item
|poke|p2|Articuno|item
|poke|p2|Altaria, F, shiny|item
|rule|Swagger Clause: Swagger is banned
|rule|Baton Pass Clause: Limit one Baton Passer, can't pass Spe and other stats simultaneously
|teampreview
|c|☆UberSkitty ♥|glhf
|choice|team 6, team 2, team 3, team 4, team 5, team 1|team 4, team 2, team 3, team 1, team 5, team 6
|
|start
|switch|p1a: Terminator|Rotom-Frost|241\/241
|switch|p2a: Grass Goat|Gogoat, M|414\/414
|turn|1
|choice|move voltswitch|move brickbreak
|
|move|p1a: Terminator|Volt Switch|p2a: Grass Goat
|-resisted|p2a: Grass Goat
|-damage|p2a: Grass Goat|360\/414
|choice|switch 6|
|
|switch|p1a: 'Merica!!|Bouffalant, M|394\/394
|move|p2a: Grass Goat|Brick Break|p1a: 'Merica!!
|-supereffective|p1a: 'Merica!!
|-damage|p1a: 'Merica!!|256\/394
|
|-heal|p1a: 'Merica!!|280\/394|[from] item: Leftovers
|upkeep
|turn|2
|choice|move swordsdance|move earthquake
|
|move|p2a: Grass Goat|Earthquake|p1a: 'Merica!!
|-damage|p1a: 'Merica!!|197\/394
|move|p1a: 'Merica!!|Swords Dance|p1a: 'Merica!!
|-boost|p1a: 'Merica!!|atk|2
|
|-heal|p1a: 'Merica!!|221\/394|[from] item: Leftovers
|upkeep
|turn|3
|choice|move rest|move brickbreak
|
|move|p2a: Grass Goat|Brick Break|p1a: 'Merica!!
|-supereffective|p1a: 'Merica!!
|-crit|p1a: 'Merica!!
|-damage|p1a: 'Merica!!|29\/394
|move|p1a: 'Merica!!|Rest|p1a: 'Merica!!
|-status|p1a: 'Merica!!|slp
|-heal|p1a: 'Merica!!|394\/394 slp|[silent]
|-status|p1a: 'Merica!!|slp|[from] move: Rest
|
|upkeep
|turn|4
|choice|move sleeptalk|move brickbreak
|
|move|p2a: Grass Goat|Brick Break|p1a: 'Merica!!
|-supereffective|p1a: 'Merica!!
|-damage|p1a: 'Merica!!|248\/394 slp
|cant|p1a: 'Merica!!|slp
|move|p1a: 'Merica!!|Sleep Talk|p1a: 'Merica!!
|move|p1a: 'Merica!!|Rest|p1a: 'Merica!!|[from]Sleep Talk
|-fail|p1a: 'Merica!!
|
|-heal|p1a: 'Merica!!|272\/394 slp|[from] item: Leftovers
|upkeep
|turn|5
|choice|move sleeptalk|move brickbreak
|
|move|p2a: Grass Goat|Brick Break|p1a: 'Merica!!
|-supereffective|p1a: 'Merica!!
|-damage|p1a: 'Merica!!|130\/394 slp
|cant|p1a: 'Merica!!|slp
|move|p1a: 'Merica!!|Sleep Talk|p1a: 'Merica!!
|move|p1a: 'Merica!!|Frustration|p2a: Grass Goat|[from]Sleep Talk
|-damage|p2a: Grass Goat|56\/414
|
|-heal|p1a: 'Merica!!|154\/394 slp|[from] item: Leftovers
|upkeep
|turn|6
|choice|move rest|move milkdrink
|
|move|p2a: Grass Goat|Milk Drink|p2a: Grass Goat
|-heal|p2a: Grass Goat|263\/414
|-curestatus|p1a: 'Merica!!|slp|[msg]
|move|p1a: 'Merica!!|Rest|p1a: 'Merica!!
|-status|p1a: 'Merica!!|slp
|-heal|p1a: 'Merica!!|394\/394 slp|[silent]
|-status|p1a: 'Merica!!|slp|[from] move: Rest
|
|upkeep
|turn|7
|j|Akir
|choice|move sleeptalk|move brickbreak
|
|move|p2a: Grass Goat|Brick Break|p1a: 'Merica!!
|-supereffective|p1a: 'Merica!!
|-damage|p1a: 'Merica!!|250\/394 slp
|cant|p1a: 'Merica!!|slp
|move|p1a: 'Merica!!|Sleep Talk|p1a: 'Merica!!
|move|p1a: 'Merica!!|Rest|p1a: 'Merica!!|[from]Sleep Talk
|-fail|p1a: 'Merica!!
|
|-heal|p1a: 'Merica!!|274\/394 slp|[from] item: Leftovers
|upkeep
|turn|8
|choice|move sleeptalk|move brickbreak
|
|move|p2a: Grass Goat|Brick Break|p1a: 'Merica!!
|-supereffective|p1a: 'Merica!!
|-damage|p1a: 'Merica!!|138\/394 slp
|cant|p1a: 'Merica!!|slp
|move|p1a: 'Merica!!|Sleep Talk|p1a: 'Merica!!
|move|p1a: 'Merica!!|Swords Dance|p1a: 'Merica!!|[from]Sleep Talk
|-boost|p1a: 'Merica!!|atk|2
|
|-heal|p1a: 'Merica!!|162\/394 slp|[from] item: Leftovers
|upkeep
|turn|9
|choice|move rest|move brickbreak
|
|move|p2a: Grass Goat|Brick Break|p1a: 'Merica!!
|-supereffective|p1a: 'Merica!!
|-damage|p1a: 'Merica!!|32\/394 slp
|-curestatus|p1a: 'Merica!!|slp|[msg]
|move|p1a: 'Merica!!|Rest|p1a: 'Merica!!
|-status|p1a: 'Merica!!|slp
|-heal|p1a: 'Merica!!|394\/394 slp|[silent]
|-status|p1a: 'Merica!!|slp|[from] move: Rest
|
|upkeep
|turn|10
|choice|move sleeptalk|move brickbreak
|
|move|p2a: Grass Goat|Brick Break|p1a: 'Merica!!
|-supereffective|p1a: 'Merica!!
|-damage|p1a: 'Merica!!|270\/394 slp
|cant|p1a: 'Merica!!|slp
|move|p1a: 'Merica!!|Sleep Talk|p1a: 'Merica!!
|move|p1a: 'Merica!!|Swords Dance|p1a: 'Merica!!|[from]Sleep Talk
|-boost|p1a: 'Merica!!|atk|2
|
|-heal|p1a: 'Merica!!|294\/394 slp|[from] item: Leftovers
|upkeep
|turn|11
|choice|move sleeptalk|move brickbreak
|
|move|p2a: Grass Goat|Brick Break|p1a: 'Merica!!
|-supereffective|p1a: 'Merica!!
|-damage|p1a: 'Merica!!|166\/394 slp
|cant|p1a: 'Merica!!|slp
|move|p1a: 'Merica!!|Sleep Talk|p1a: 'Merica!!
|move|p1a: 'Merica!!|Swords Dance|p1a: 'Merica!!|[from]Sleep Talk
|-boost|p1a: 'Merica!!|atk|0
|
|-heal|p1a: 'Merica!!|190\/394 slp|[from] item: Leftovers
|upkeep
|turn|12
|j|Chrisloud
|choice|move rest|move brickbreak
|
|move|p2a: Grass Goat|Brick Break|p1a: 'Merica!!
|-supereffective|p1a: 'Merica!!
|-damage|p1a: 'Merica!!|60\/394 slp
|-curestatus|p1a: 'Merica!!|slp|[msg]
|move|p1a: 'Merica!!|Rest|p1a: 'Merica!!
|-status|p1a: 'Merica!!|slp
|-heal|p1a: 'Merica!!|394\/394 slp|[silent]
|-status|p1a: 'Merica!!|slp|[from] move: Rest
|
|upkeep
|turn|13
|choice|move sleeptalk|move brickbreak
|
|move|p2a: Grass Goat|Brick Break|p1a: 'Merica!!
|-supereffective|p1a: 'Merica!!
|-damage|p1a: 'Merica!!|264\/394 slp
|cant|p1a: 'Merica!!|slp
|move|p1a: 'Merica!!|Sleep Talk|p1a: 'Merica!!
|move|p1a: 'Merica!!|Frustration|p2a: Grass Goat|[from]Sleep Talk
|-crit|p2a: Grass Goat
|-damage|p2a: Grass Goat|0 fnt
|faint|p2a: Grass Goat
|
|-heal|p1a: 'Merica!!|288\/394 slp|[from] item: Leftovers
|upkeep
|j|Slowbroth
|choice||switch 3
|
|switch|p2a: Bullio|Bouffalant, M|357\/357
|turn|14
|c|☆UberSkitty ♥|that took way too long
|choice|switch 4|move poisonjab
|
|switch|p1a: Spoon Me|Bronzor|318\/318
|move|p2a: Bullio|Poison Jab|p1a: Spoon Me
|-immune|p1a: Spoon Me|[msg]
|
|upkeep
|turn|15
|c|☆FumaFan|yep
|choice|move toxic|move earthquake
|
|move|p2a: Bullio|Earthquake|p1a: Spoon Me
|-immune|p1a: Spoon Me|[msg]|[from] ability: Levitate
|move|p1a: Spoon Me|Toxic|p2a: Bullio
|-status|p2a: Bullio|tox
|
|-damage|p2a: Bullio|335\/357 tox|[from] psn
|upkeep
|turn|16
|choice|move stealthrock|move headcharge
|
|move|p2a: Bullio|Head Charge|p1a: Spoon Me
|-resisted|p1a: Spoon Me
|-damage|p1a: Spoon Me|256\/318
|-damage|p2a: Bullio|319\/357 tox|[from] recoil|[of] p1a: Spoon Me
|move|p1a: Spoon Me|Stealth Rock|p2a: Bullio
|-sidestart|p2: FumaFan|move: Stealth Rock
|
|-damage|p2a: Bullio|275\/357 tox|[from] psn
|upkeep
|turn|17
|choice|move psywave|move pursuit
|
|move|p2a: Bullio|Pursuit|p1a: Spoon Me
|-supereffective|p1a: Spoon Me
|-damage|p1a: Spoon Me|212\/318
|move|p1a: Spoon Me|Psywave|p2a: Bullio
|-damage|p2a: Bullio|172\/357 tox
|-enditem|p2a: Bullio|Sitrus Berry|[eat]
|-heal|p2a: Bullio|261\/357 tox|[from] item: Sitrus Berry
|
|-damage|p2a: Bullio|195\/357 tox|[from] psn
|upkeep
|turn|18
|choice|move psywave|move pursuit
|
|move|p2a: Bullio|Pursuit|p1a: Spoon Me
|-supereffective|p1a: Spoon Me
|-damage|p1a: Spoon Me|168\/318
|move|p1a: Spoon Me|Psywave|p2a: Bullio
|-damage|p2a: Bullio|97\/357 tox
|
|-damage|p2a: Bullio|9\/357 tox|[from] psn
|upkeep
|turn|19
|choice|move psywave|move pursuit
|
|move|p2a: Bullio|Pursuit|p1a: Spoon Me
|-supereffective|p1a: Spoon Me
|-damage|p1a: Spoon Me|120\/318
|move|p1a: Spoon Me|Psywave|p2a: Bullio
|-damage|p2a: Bullio|0 fnt
|faint|p2a: Bullio
|
|upkeep
|choice||switch 2
|
|switch|p2a: Beautiful|Beautifly, F|282\/282
|-damage|p2a: Beautiful|141\/282|[from] Stealth Rock
|turn|20
|choice|switch 2|move frustration
|
|switch|p1a: I Believe|Altaria, M|353\/353
|move|p2a: Beautiful|Frustration|p1a: I Believe
|-damage|p1a: I Believe|293\/353
|
|-heal|p1a: I Believe|315\/353|[from] item: Leftovers
|upkeep
|turn|21
|choice|move flamethrower|switch 5
|
|switch|p2a: Freeza|Articuno|341\/341
|-damage|p2a: Freeza|171\/341|[from] Stealth Rock
|-ability|p2a: Freeza|Pressure
|move|p1a: I Believe|Flamethrower|p2a: Freeza
|-supereffective|p2a: Freeza
|-damage|p2a: Freeza|111\/341
|
|-heal|p1a: I Believe|337\/353|[from] item: Leftovers
|upkeep
|turn|22
|choice|switch 6|move blizzard
|
|switch|p1a: Terminator|Rotom-Frost|241\/241
|move|p2a: Freeza|Blizzard|p1a: Terminator|[miss]
|-miss|p2a: Freeza|p1a: Terminator
|
|upkeep
|turn|23
|j|5gen
|choice|move voltswitch|move ancientpower
|
|move|p1a: Terminator|Volt Switch|p2a: Freeza
|-supereffective|p2a: Freeza
|-damage|p2a: Freeza|0 fnt
|faint|p2a: Freeza
|l|5gen
|l|Chrisloud
|choice|switch 4|
|
|switch|p1a: 'Merica!!|Bouffalant, M|288\/394 slp
|
|-heal|p1a: 'Merica!!|312\/394 slp|[from] item: Leftovers
|upkeep
|choice||switch 4
|
|switch|p2a: Shelly|Crustle, F|312\/312
|-damage|p2a: Shelly|234\/312|[from] Stealth Rock
|turn|24
|choice|move sleeptalk|move earthquake
|
|cant|p1a: 'Merica!!|slp
|move|p1a: 'Merica!!|Sleep Talk|p1a: 'Merica!!
|move|p1a: 'Merica!!|Swords Dance|p1a: 'Merica!!|[from]Sleep Talk
|-boost|p1a: 'Merica!!|atk|2
|move|p2a: Shelly|Earthquake|p1a: 'Merica!!
|-damage|p1a: 'Merica!!|223\/394 slp
|
|-heal|p1a: 'Merica!!|247\/394 slp|[from] item: Leftovers
|upkeep
|turn|25
|choice|move frustration|move earthquake
|
|-curestatus|p1a: 'Merica!!|slp|[msg]
|move|p1a: 'Merica!!|Frustration|p2a: Shelly
|-resisted|p2a: Shelly
|-damage|p2a: Shelly|140\/312
|-damage|p1a: 'Merica!!|182\/394|[from] item: Rocky Helmet|[of] p2a: Shelly
|move|p2a: Shelly|Earthquake|p1a: 'Merica!!
|-damage|p1a: 'Merica!!|102\/394
|
|-heal|p1a: 'Merica!!|126\/394|[from] item: Leftovers
|upkeep
|turn|26
|j|quagsgone
|choice|move rest|move earthquake
|
|move|p1a: 'Merica!!|Rest|p1a: 'Merica!!
|-status|p1a: 'Merica!!|slp
|-heal|p1a: 'Merica!!|394\/394 slp|[silent]
|-status|p1a: 'Merica!!|slp|[from] move: Rest
|move|p2a: Shelly|Earthquake|p1a: 'Merica!!
|-damage|p1a: 'Merica!!|304\/394 slp
|
|-heal|p1a: 'Merica!!|328\/394 slp|[from] item: Leftovers
|upkeep
|turn|27
|choice|move sleeptalk|move earthquake
|
|cant|p1a: 'Merica!!|slp
|move|p1a: 'Merica!!|Sleep Talk|p1a: 'Merica!!
|move|p1a: 'Merica!!|Frustration|p2a: Shelly|[from]Sleep Talk
|-resisted|p2a: Shelly
|-damage|p2a: Shelly|34\/312
|-damage|p1a: 'Merica!!|263\/394 slp|[from] item: Rocky Helmet|[of] p2a: Shelly
|move|p2a: Shelly|Earthquake|p1a: 'Merica!!
|-damage|p1a: 'Merica!!|183\/394 slp
|
|-heal|p1a: 'Merica!!|207\/394 slp|[from] item: Leftovers
|upkeep
|turn|28
|choice|move sleeptalk|move poisonjab
|
|cant|p1a: 'Merica!!|slp
|move|p1a: 'Merica!!|Sleep Talk|p1a: 'Merica!!
|move|p1a: 'Merica!!|Rest|p1a: 'Merica!!|[from]Sleep Talk
|-fail|p1a: 'Merica!!
|move|p2a: Shelly|Poison Jab|p1a: 'Merica!!
|-damage|p1a: 'Merica!!|141\/394 slp
|
|-heal|p1a: 'Merica!!|165\/394 slp|[from] item: Leftovers
|upkeep
|turn|29
|choice|move swordsdance|move rest
|
|-curestatus|p1a: 'Merica!!|slp|[msg]
|move|p1a: 'Merica!!|Swords Dance|p1a: 'Merica!!
|-boost|p1a: 'Merica!!|atk|2
|move|p2a: Shelly|Rest|p2a: Shelly
|-status|p2a: Shelly|slp
|-heal|p2a: Shelly|312\/312 slp|[silent]
|-status|p2a: Shelly|slp|[from] move: Rest
|
|-heal|p1a: 'Merica!!|189\/394|[from] item: Leftovers
|upkeep
|turn|30
|j|Chrisloud
|choice|move frustration|move earthquake
|
|move|p1a: 'Merica!!|Frustration|p2a: Shelly
|-resisted|p2a: Shelly
|-damage|p2a: Shelly|175\/312 slp
|-damage|p1a: 'Merica!!|124\/394|[from] item: Rocky Helmet|[of] p2a: Shelly
|cant|p2a: Shelly|slp
|
|-heal|p1a: 'Merica!!|148\/394|[from] item: Leftovers
|upkeep
|turn|31
|choice|move swordsdance|move poisonjab
|
|move|p1a: 'Merica!!|Swords Dance|p1a: 'Merica!!
|-boost|p1a: 'Merica!!|atk|2
|cant|p2a: Shelly|slp
|
|-heal|p1a: 'Merica!!|172\/394|[from] item: Leftovers
|upkeep
|turn|32
|choice|move frustration|move poisonjab
|
|move|p1a: 'Merica!!|Frustration|p2a: Shelly
|-resisted|p2a: Shelly
|-damage|p2a: Shelly|0 fnt
|-damage|p1a: 'Merica!!|107\/394|[from] item: Rocky Helmet|[of] p2a: Shelly
|faint|p2a: Shelly
|
|-heal|p1a: 'Merica!!|131\/394|[from] item: Leftovers
|upkeep
|choice||switch 6
|
|switch|p2a: Cloudy Niner|Altaria, F, shiny|291\/291
|-damage|p2a: Cloudy Niner|219\/291|[from] Stealth Rock
|turn|33
|j|burningplain123
|j|Taskr
|choice|switch 2|move dazzlinggleam
|
|switch|p1a: Spoon Me|Bronzor|120\/318
|move|p2a: Cloudy Niner|Dazzling Gleam|p1a: Spoon Me
|-resisted|p1a: Spoon Me
|-damage|p1a: Spoon Me|97\/318
|
|upkeep
|turn|34
|choice|move rest|move dazzlinggleam
|
|move|p2a: Cloudy Niner|Dazzling Gleam|p1a: Spoon Me
|-resisted|p1a: Spoon Me
|-damage|p1a: Spoon Me|73\/318
|move|p1a: Spoon Me|Rest|p1a: Spoon Me
|-status|p1a: Spoon Me|slp
|-heal|p1a: Spoon Me|318\/318 slp|[silent]
|-status|p1a: Spoon Me|slp|[from] move: Rest
|
|upkeep
|turn|35
|c|@Slowbroth|uber whyd u switch
|-message|FumaFan forfeited.
|
|win|UberSkitty ♥
|l|FumaFan
|c| burningplain123|hes mean
|c|@Slowbroth|w\/e
|l|Slowbroth
|c|☆UberSkitty ♥|i was afraid he could draco
|l|UberSkitty ♥
|l|Chrisloud
|l|quagsgone
|l|burningplain123
|l|Akir
|l|Taskr
|j|Taskr</script>
</div>
<div class="battle-log battle-log-inline"><div class="inner"><div class="battle-options"></div><div class="inner"><div class="chat"><small>UberSkitty ♥ joined.</small></div><div class="chat"><small>FumaFan joined.</small></div><div class=""><small>Format:</small> <br><strong>PU</strong></div><div class=""><small><em>Sleep Clause Mod:</em> Limit one foe put to sleep</small></div><div class=""><small><em>Species Clause:</em> Limit one of each Pokémon</small></div><div class=""><small><em>OHKO Clause:</em> OHKO moves are banned</small></div><div class=""><small><em>Moody Clause:</em> Moody is banned</small></div><div class=""><small><em>Evasion Moves Clause:</em> Evasion moves are banned</small></div><div class=""><small><em>Endless Battle Clause:</em> Forcing endless battles is banned</small></div><div class=""><small><em>HP Percentage Mod:</em> HP is shown in percentages</small></div><div class=""><small><em>Swagger Clause:</em> Swagger is banned</small></div><div class=""><small><em>Baton Pass Clause:</em> Limit one Baton Passer, can't pass Spe and other stats simultaneously</small></div><div class="chat battle-history"><strong>UberSkitty ♥'s team:</strong> <em style="color:#445566;display:block;">Bouffalant / Altaria / Monferno / Bronzor / Vullaby / Rotom-Frost</em></div><div class="chat battle-history"><strong>FumaFan's team:</strong> <em style="color:#445566;display:block;">Crustle / Beautifly / Bouffalant / Gogoat / Articuno / Altaria</em></div><div class="chat chatmessage-uberskitty"><strong style="color:hsl(74,64%,33%)"><small>☆</small><span class="username" data-name="UberSkitty ♥">UberSkitty ♥</span>:</strong> <em>glhf</em></div><div class="spacer battle-history"><br></div><div class="battle-history">Battle started between UberSkitty ♥ and FumaFan!<br></div><div class="spacer battle-history"><br></div><div class="battle-history">Go! Terminator (<strong>Rotom-Frost</strong>)!<br></div><div class="spacer battle-history"><br></div><div class="battle-history">FumaFan sent out Grass Goat (<strong>Gogoat</strong>)!<br></div><div class="spacer battle-history"><br></div><h2 class="battle-history">Turn 1</h2><div class="spacer battle-history"><br></div><div class="battle-history">Terminator used <strong>Volt Switch</strong>!<br></div><div class="battle-history"><small>It's not very effective...</small><br></div><div class="battle-history"><small>(The opposing Grass Goat lost <abbr title="−54/414">13.0%</abbr> of its health!)</small><br></div><div class="spacer battle-history"><br></div><div class="battle-history">Terminator went back to UberSkitty ♥!<br></div><div class="battle-history">Go! 'Merica!! (<strong>Bouffalant</strong>)!<br></div><div class="spacer battle-history"><br></div><div class="battle-history">The opposing Grass Goat used <strong>Brick Break</strong>!<br></div><div class="battle-history"><small>It's super effective!</small><br></div><div class="battle-history"><small>('Merica!! lost <abbr title="−138/394">35.0%</abbr> of its health!)</small><br></div><div class="spacer battle-history"><br></div><div class="battle-history"><small>'Merica!! restored a little HP using its Leftovers!</small><br></div><div class="spacer battle-history"><br></div><h2 class="battle-history">Turn 2</h2><div class="spacer battle-history"><br></div><div class="battle-history">The opposing Grass Goat used <strong>Earthquake</strong>!<br></div><div class="battle-history"><small>('Merica!! lost <abbr title="−83/394">21.1%</abbr> of its health!)</small><br></div><div class="spacer battle-history"><br></div><div class="battle-history">'Merica!! used <strong>Swords Dance</strong>!<br></div><div class="battle-history"><small>'Merica!!'s Attack rose sharply!</small><br></div><div class="spacer battle-history"><br></div><div class="battle-history"><small>'Merica!! restored a little HP using its Leftovers!</small><br></div><div class="spacer battle-history"><br></div><h2 class="battle-history">Turn 3</h2><div class="spacer battle-history"><br></div><div class="battle-history">The opposing Grass Goat used <strong>Brick Break</strong>!<br></div><div class="battle-history"><small>It's super effective!</small><br></div><div class="battle-history"><small>A critical hit!</small><br></div><div class="battle-history"><small>('Merica!! lost <abbr title="−192/394">48.7%</abbr> of its health!)</small><br></div><div class="spacer battle-history"><br></div><div class="battle-history">'Merica!! used <strong>Rest</strong>!<br></div><div class="battle-history"><small>'Merica!! fell asleep!</small><br></div><div class="battle-history"><small>'Merica!! slept and became healthy!</small><br></div><div class="spacer battle-history"><br></div><h2 class="battle-history">Turn 4</h2><div class="spacer battle-history"><br></div><div class="battle-history">The opposing Grass Goat used <strong>Brick Break</strong>!<br></div><div class="battle-history"><small>It's super effective!</small><br></div><div class="battle-history"><small>('Merica!! lost <abbr title="−146/394">37.1%</abbr> of its health!)</small><br></div><div class="spacer battle-history"><br></div><div class="battle-history">'Merica!! is fast asleep.<br></div><div class="spacer battle-history"><br></div><div class="battle-history">'Merica!! used <strong>Sleep Talk</strong>!<br></div><div class="spacer battle-history"><br></div><div class="battle-history">'Merica!! used <strong>Rest</strong>!<br></div><div class="battle-history"><small>But it failed!</small><br></div><div class="spacer battle-history"><br></div><div class="battle-history"><small>'Merica!! restored a little HP using its Leftovers!</small><br></div><div class="spacer battle-history"><br></div><h2 class="battle-history">Turn 5</h2><div class="spacer battle-history"><br></div><div class="battle-history">The opposing Grass Goat used <strong>Brick Break</strong>!<br></div><div class="battle-history"><small>It's super effective!</small><br></div><div class="battle-history"><small>('Merica!! lost <abbr title="−142/394">36.0%</abbr> of its health!)</small><br></div><div class="spacer battle-history"><br></div><div class="battle-history">'Merica!! is fast asleep.<br></div><div class="spacer battle-history"><br></div><div class="battle-history">'Merica!! used <strong>Sleep Talk</strong>!<br></div><div class="spacer battle-history"><br></div><div class="battle-history">'Merica!! used <strong>Frustration</strong>!<br></div><div class="battle-history"><small>(The opposing Grass Goat lost <abbr title="−304/414">73.4%</abbr> of its health!)</small><br></div><div class="spacer battle-history"><br></div><div class="battle-history"><small>'Merica!! restored a little HP using its Leftovers!</small><br></div><div class="spacer battle-history"><br></div><h2 class="battle-history">Turn 6</h2><div class="spacer battle-history"><br></div><div class="battle-history">The opposing Grass Goat used <strong>Milk Drink</strong>!<br></div><div class="battle-history"><small>The opposing Grass Goat restored its HP.</small><br></div><div class="battle-history"><small>'Merica!! woke up!</small><br></div><div class="spacer battle-history"><br></div><div class="battle-history">'Merica!! used <strong>Rest</strong>!<br></div><div class="battle-history"><small>'Merica!! fell asleep!</small><br></div><div class="battle-history"><small>'Merica!! slept and became healthy!</small><br></div><div class="spacer battle-history"><br></div><h2 class="battle-history">Turn 7</h2><div class="chat"><small>Akir joined.</small></div><div class="spacer battle-history"><br></div><div class="battle-history">The opposing Grass Goat used <strong>Brick Break</strong>!<br></div><div class="battle-history"><small>It's super effective!</small><br></div><div class="battle-history"><small>('Merica!! lost <abbr title="−144/394">36.5%</abbr> of its health!)</small><br></div><div class="spacer battle-history"><br></div><div class="battle-history">'Merica!! is fast asleep.<br></div><div class="spacer battle-history"><br></div><div class="battle-history">'Merica!! used <strong>Sleep Talk</strong>!<br></div><div class="spacer battle-history"><br></div><div class="battle-history">'Merica!! used <strong>Rest</strong>!<br></div><div class="battle-history"><small>But it failed!</small><br></div><div class="spacer battle-history"><br></div><div class="battle-history"><small>'Merica!! restored a little HP using its Leftovers!</small><br></div><div class="spacer battle-history"><br></div><h2 class="battle-history">Turn 8</h2><div class="spacer battle-history"><br></div><div class="battle-history">The opposing Grass Goat used <strong>Brick Break</strong>!<br></div><div class="battle-history"><small>It's super effective!</small><br></div><div class="battle-history"><small>('Merica!! lost <abbr title="−136/394">34.5%</abbr> of its health!)</small><br></div><div class="spacer battle-history"><br></div><div class="battle-history">'Merica!! is fast asleep.<br></div><div class="spacer battle-history"><br></div><div class="battle-history">'Merica!! used <strong>Sleep Talk</strong>!<br></div><div class="spacer battle-history"><br></div><div class="battle-history">'Merica!! used <strong>Swords Dance</strong>!<br></div><div class="battle-history"><small>'Merica!!'s Attack rose sharply!</small><br></div><div class="spacer battle-history"><br></div><div class="battle-history"><small>'Merica!! restored a little HP using its Leftovers!</small><br></div><div class="spacer battle-history"><br></div><h2 class="battle-history">Turn 9</h2><div class="spacer battle-history"><br></div><div class="battle-history">The opposing Grass Goat used <strong>Brick Break</strong>!<br></div><div class="battle-history"><small>It's super effective!</small><br></div><div class="battle-history"><small>('Merica!! lost <abbr title="−130/394">33.0%</abbr> of its health!)</small><br></div><div class="battle-history"><small>'Merica!! woke up!</small><br></div><div class="spacer battle-history"><br></div><div class="battle-history">'Merica!! used <strong>Rest</strong>!<br></div><div class="battle-history"><small>'Merica!! fell asleep!</small><br></div><div class="battle-history"><small>'Merica!! slept and became healthy!</small><br></div><div class="spacer battle-history"><br></div><h2 class="battle-history">Turn 10</h2><div class="spacer battle-history"><br></div><div class="battle-history">The opposing Grass Goat used <strong>Brick Break</strong>!<br></div><div class="battle-history"><small>It's super effective!</small><br></div><div class="battle-history"><small>('Merica!! lost <abbr title="−124/394">31.5%</abbr> of its health!)</small><br></div><div class="spacer battle-history"><br></div><div class="battle-history">'Merica!! is fast asleep.<br></div><div class="spacer battle-history"><br></div><div class="battle-history">'Merica!! used <strong>Sleep Talk</strong>!<br></div><div class="spacer battle-history"><br></div><div class="battle-history">'Merica!! used <strong>Swords Dance</strong>!<br></div><div class="battle-history"><small>'Merica!!'s Attack rose sharply!</small><br></div><div class="spacer battle-history"><br></div><div class="battle-history"><small>'Merica!! restored a little HP using its Leftovers!</small><br></div><div class="spacer battle-history"><br></div><h2 class="battle-history">Turn 11</h2><div class="spacer battle-history"><br></div><div class="battle-history">The opposing Grass Goat used <strong>Brick Break</strong>!<br></div><div class="battle-history"><small>It's super effective!</small><br></div><div class="battle-history"><small>('Merica!! lost <abbr title="−128/394">32.5%</abbr> of its health!)</small><br></div><div class="spacer battle-history"><br></div><div class="battle-history">'Merica!! is fast asleep.<br></div><div class="spacer battle-history"><br></div><div class="battle-history">'Merica!! used <strong>Sleep Talk</strong>!<br></div><div class="spacer battle-history"><br></div><div class="battle-history">'Merica!! used <strong>Swords Dance</strong>!<br></div><div class="battle-history"><small>'Merica!!'s Attack won't go any higher!</small><br></div><div class="spacer battle-history"><br></div><div class="battle-history"><small>'Merica!! restored a little HP using its Leftovers!</small><br></div><div class="spacer battle-history"><br></div><h2 class="battle-history">Turn 12</h2><div class="chat"><small>Chrisloud joined.</small></div><div class="spacer battle-history"><br></div><div class="battle-history">The opposing Grass Goat used <strong>Brick Break</strong>!<br></div><div class="battle-history"><small>It's super effective!</small><br></div><div class="battle-history"><small>('Merica!! lost <abbr title="−130/394">33.0%</abbr> of its health!)</small><br></div><div class="battle-history"><small>'Merica!! woke up!</small><br></div><div class="spacer battle-history"><br></div><div class="battle-history">'Merica!! used <strong>Rest</strong>!<br></div><div class="battle-history"><small>'Merica!! fell asleep!</small><br></div><div class="battle-history"><small>'Merica!! slept and became healthy!</small><br></div><div class="spacer battle-history"><br></div><h2 class="battle-history">Turn 13</h2><div class="spacer battle-history"><br></div><div class="battle-history">The opposing Grass Goat used <strong>Brick Break</strong>!<br></div><div class="battle-history"><small>It's super effective!</small><br></div><div class="battle-history"><small>('Merica!! lost <abbr title="−130/394">33.0%</abbr> of its health!)</small><br></div><div class="spacer battle-history"><br></div><div class="battle-history">'Merica!! is fast asleep.<br></div><div class="spacer battle-history"><br></div><div class="battle-history">'Merica!! used <strong>Sleep Talk</strong>!<br></div><div class="spacer battle-history"><br></div><div class="battle-history">'Merica!! used <strong>Frustration</strong>!<br></div><div class="battle-history"><small>A critical hit!</small><br></div><div class="battle-history"><small>(The opposing Grass Goat lost <abbr title="−263/414">63.5%</abbr> of its health!)</small><br></div><div class="spacer battle-history"><br></div><div class="battle-history">The opposing Grass Goat fainted!<br></div><div class="spacer battle-history"><br></div><div class="battle-history"><small>'Merica!! restored a little HP using its Leftovers!</small><br></div><div class="chat"><small>Slowbroth joined.</small></div><div class="spacer battle-history"><br></div><div class="battle-history">FumaFan sent out Bullio (<strong>Bouffalant</strong>)!<br></div><div class="spacer battle-history"><br></div><h2 class="battle-history">Turn 14</h2><div class="chat chatmessage-uberskitty"><strong style="color:hsl(74,64%,33%)"><small>☆</small><span class="username" data-name="UberSkitty ♥">UberSkitty ♥</span>:</strong> <em>that took way too long</em></div><div class="spacer battle-history"><br></div><div class="battle-history">'Merica!!, come back!<br></div><div class="battle-history">Go! Spoon Me (<strong>Bronzor</strong>)!<br></div><div class="spacer battle-history"><br></div><div class="battle-history">The opposing Bullio used <strong>Poison Jab</strong>!<br></div><div class="battle-history"><small>It doesn't affect Spoon Me...</small><br></div><div class="spacer battle-history"><br></div><h2 class="battle-history">Turn 15</h2><div class="chat chatmessage-fumafan"><strong style="color:hsl(12,73%,45%)"><small>☆</small><span class="username" data-name="FumaFan">FumaFan</span>:</strong> <em>yep</em></div><div class="spacer battle-history"><br></div><div class="battle-history">The opposing Bullio used <strong>Earthquake</strong>!<br></div><div class="battle-history"><small>[Spoon Me's Levitate]</small><br><small>It doesn't affect Spoon Me...</small><br></div><div class="spacer battle-history"><br></div><div class="battle-history">Spoon Me used <strong>Toxic</strong>!<br></div><div class="battle-history"><small>The opposing Bullio was badly poisoned!</small><br></div><div class="spacer battle-history"><br></div><div class="battle-history"><small>The opposing Bullio was hurt by poison!</small><br></div><div class="spacer battle-history"><br></div><h2 class="battle-history">Turn 16</h2><div class="spacer battle-history"><br></div><div class="battle-history">The opposing Bullio used <strong>Head Charge</strong>!<br></div><div class="battle-history"><small>It's not very effective...</small><br></div><div class="battle-history"><small>(Spoon Me lost <abbr title="−62/318">19.5%</abbr> of its health!)</small><br></div><div class="battle-history"><small>The opposing Bullio is damaged by the recoil!</small><br></div><div class="spacer battle-history"><br></div><div class="battle-history">Spoon Me used <strong>Stealth Rock</strong>!<br></div><div class="battle-history"><small>Pointed stones float in the air around the opposing team!</small><br></div><div class="spacer battle-history"><br></div><div class="battle-history"><small>The opposing Bullio was hurt by poison!</small><br></div><div class="spacer battle-history"><br></div><h2 class="battle-history">Turn 17</h2><div class="spacer battle-history"><br></div><div class="battle-history">The opposing Bullio used <strong>Pursuit</strong>!<br></div><div class="battle-history"><small>It's super effective!</small><br></div><div class="battle-history"><small>(Spoon Me lost <abbr title="−44/318">13.8%</abbr> of its health!)</small><br></div><div class="spacer battle-history"><br></div><div class="battle-history">Spoon Me used <strong>Psywave</strong>!<br></div><div class="battle-history"><small>(The opposing Bullio lost <abbr title="−103/357">28.9%</abbr> of its health!)</small><br></div><div class="battle-history"><small>The opposing Bullio ate its Sitrus Berry!</small><br></div><div class="battle-history"><small>The opposing Bullio restored HP using its Sitrus Berry!</small><br></div><div class="spacer battle-history"><br></div><div class="battle-history"><small>The opposing Bullio was hurt by poison!</small><br></div><div class="spacer battle-history"><br></div><h2 class="battle-history">Turn 18</h2><div class="spacer battle-history"><br></div><div class="battle-history">The opposing Bullio used <strong>Pursuit</strong>!<br></div><div class="battle-history"><small>It's super effective!</small><br></div><div class="battle-history"><small>(Spoon Me lost <abbr title="−44/318">13.8%</abbr> of its health!)</small><br></div><div class="spacer battle-history"><br></div><div class="battle-history">Spoon Me used <strong>Psywave</strong>!<br></div><div class="battle-history"><small>(The opposing Bullio lost <abbr title="−98/357">27.5%</abbr> of its health!)</small><br></div><div class="spacer battle-history"><br></div><div class="battle-history"><small>The opposing Bullio was hurt by poison!</small><br></div><div class="spacer battle-history"><br></div><h2 class="battle-history">Turn 19</h2><div class="spacer battle-history"><br></div><div class="battle-history">The opposing Bullio used <strong>Pursuit</strong>!<br></div><div class="battle-history"><small>It's super effective!</small><br></div><div class="battle-history"><small>(Spoon Me lost <abbr title="−48/318">15.1%</abbr> of its health!)</small><br></div><div class="spacer battle-history"><br></div><div class="battle-history">Spoon Me used <strong>Psywave</strong>!<br></div><div class="battle-history"><small>(The opposing Bullio lost <abbr title="−9/357">2.5%</abbr> of its health!)</small><br></div><div class="spacer battle-history"><br></div><div class="battle-history">The opposing Bullio fainted!<br></div><div class="spacer battle-history"><br></div><div class="battle-history">FumaFan sent out Beautiful (<strong>Beautifly</strong>)!<br></div><div class="battle-history"><small>Pointed stones dug into the opposing Beautiful!</small><br></div><div class="spacer battle-history"><br></div><h2 class="battle-history">Turn 20</h2><div class="spacer battle-history"><br></div><div class="battle-history">Spoon Me, come back!<br></div><div class="battle-history">Go! I Believe (<strong>Altaria</strong>)!<br></div><div class="spacer battle-history"><br></div><div class="battle-history">The opposing Beautiful used <strong>Frustration</strong>!<br></div><div class="battle-history"><small>(I Believe lost <abbr title="−60/353">17.0%</abbr> of its health!)</small><br></div><div class="spacer battle-history"><br></div><div class="battle-history"><small>I Believe restored a little HP using its Leftovers!</small><br></div><div class="spacer battle-history"><br></div><h2 class="battle-history">Turn 21</h2><div class="spacer battle-history"><br></div><div class="battle-history">FumaFan withdrew Beautiful!<br></div><div class="battle-history">FumaFan sent out Freeza (<strong>Articuno</strong>)!<br></div><div class="battle-history"><small>Pointed stones dug into the opposing Freeza!</small><br></div><div class="battle-history"><small>[The opposing Freeza's Pressure]</small><br><small>The opposing Freeza is exerting its pressure!</small><br></div><div class="spacer battle-history"><br></div><div class="battle-history">I Believe used <strong>Flamethrower</strong>!<br></div><div class="battle-history"><small>It's super effective!</small><br></div><div class="battle-history"><small>(The opposing Freeza lost <abbr title="−60/341">17.6%</abbr> of its health!)</small><br></div><div class="spacer battle-history"><br></div><div class="battle-history"><small>I Believe restored a little HP using its Leftovers!</small><br></div><div class="spacer battle-history"><br></div><h2 class="battle-history">Turn 22</h2><div class="spacer battle-history"><br></div><div class="battle-history">I Believe, come back!<br></div><div class="battle-history">Go! Terminator (<strong>Rotom-Frost</strong>)!<br></div><div class="spacer battle-history"><br></div><div class="battle-history">The opposing Freeza used <strong>Blizzard</strong>!<br></div><div class="battle-history"><small>Terminator avoided the attack!</small><br></div><div class="spacer battle-history"><br></div><h2 class="battle-history">Turn 23</h2><div class="chat"><small>5gen joined.</small></div><div class="spacer battle-history"><br></div><div class="battle-history">Terminator used <strong>Volt Switch</strong>!<br></div><div class="battle-history"><small>It's super effective!</small><br></div><div class="battle-history"><small>(The opposing Freeza lost <abbr title="−111/341">32.6%</abbr> of its health!)</small><br></div><div class="spacer battle-history"><br></div><div class="battle-history">The opposing Freeza fainted!<br></div><div class="chat"><small>5gen left.</small></div><div class="chat"><small>Chrisloud left.</small></div><div class="spacer battle-history"><br></div><div class="battle-history">Terminator went back to UberSkitty ♥!<br></div><div class="battle-history">Go! 'Merica!! (<strong>Bouffalant</strong>)!<br></div><div class="spacer battle-history"><br></div><div class="battle-history"><small>'Merica!! restored a little HP using its Leftovers!</small><br></div><div class="spacer battle-history"><br></div><div class="battle-history">FumaFan sent out Shelly (<strong>Crustle</strong>)!<br></div><div class="battle-history"><small>Pointed stones dug into the opposing Shelly!</small><br></div><div class="spacer battle-history"><br></div><h2 class="battle-history">Turn 24</h2><div class="spacer battle-history"><br></div><div class="battle-history">'Merica!! is fast asleep.<br></div><div class="spacer battle-history"><br></div><div class="battle-history">'Merica!! used <strong>Sleep Talk</strong>!<br></div><div class="spacer battle-history"><br></div><div class="battle-history">'Merica!! used <strong>Swords Dance</strong>!<br></div><div class="battle-history"><small>'Merica!!'s Attack rose sharply!</small><br></div><div class="spacer battle-history"><br></div><div class="battle-history">The opposing Shelly used <strong>Earthquake</strong>!<br></div><div class="battle-history"><small>('Merica!! lost <abbr title="−89/394">22.6%</abbr> of its health!)</small><br></div><div class="spacer battle-history"><br></div><div class="battle-history"><small>'Merica!! restored a little HP using its Leftovers!</small><br></div><div class="spacer battle-history"><br></div><h2 class="battle-history">Turn 25</h2><div class="spacer battle-history"><br></div><div class="battle-history"><small>'Merica!! woke up!</small><br></div><div class="spacer battle-history"><br></div><div class="battle-history">'Merica!! used <strong>Frustration</strong>!<br></div><div class="battle-history"><small>It's not very effective...</small><br></div><div class="battle-history"><small>(The opposing Shelly lost <abbr title="−94/312">30.1%</abbr> of its health!)</small><br></div><div class="battle-history"><small>'Merica!! was hurt by the Rocky Helmet!</small><br></div><div class="spacer battle-history"><br></div><div class="battle-history">The opposing Shelly used <strong>Earthquake</strong>!<br></div><div class="battle-history"><small>('Merica!! lost <abbr title="−80/394">20.3%</abbr> of its health!)</small><br></div><div class="spacer battle-history"><br></div><div class="battle-history"><small>'Merica!! restored a little HP using its Leftovers!</small><br></div><div class="spacer battle-history"><br></div><h2 class="battle-history">Turn 26</h2><div class="chat"><small>quagsgone joined.</small></div><div class="spacer battle-history"><br></div><div class="battle-history">'Merica!! used <strong>Rest</strong>!<br></div><div class="battle-history"><small>'Merica!! fell asleep!</small><br></div><div class="battle-history"><small>'Merica!! slept and became healthy!</small><br></div><div class="spacer battle-history"><br></div><div class="battle-history">The opposing Shelly used <strong>Earthquake</strong>!<br></div><div class="battle-history"><small>('Merica!! lost <abbr title="−90/394">22.8%</abbr> of its health!)</small><br></div><div class="spacer battle-history"><br></div><div class="battle-history"><small>'Merica!! restored a little HP using its Leftovers!</small><br></div><div class="spacer battle-history"><br></div><h2 class="battle-history">Turn 27</h2><div class="spacer battle-history"><br></div><div class="battle-history">'Merica!! is fast asleep.<br></div><div class="spacer battle-history"><br></div><div class="battle-history">'Merica!! used <strong>Sleep Talk</strong>!<br></div><div class="spacer battle-history"><br></div><div class="battle-history">'Merica!! used <strong>Frustration</strong>!<br></div><div class="battle-history"><small>It's not very effective...</small><br></div><div class="battle-history"><small>(The opposing Shelly lost <abbr title="−106/312">34.0%</abbr> of its health!)</small><br></div><div class="battle-history"><small>'Merica!! was hurt by the Rocky Helmet!</small><br></div><div class="spacer battle-history"><br></div><div class="battle-history">The opposing Shelly used <strong>Earthquake</strong>!<br></div><div class="battle-history"><small>('Merica!! lost <abbr title="−80/394">20.3%</abbr> of its health!)</small><br></div><div class="spacer battle-history"><br></div><div class="battle-history"><small>'Merica!! restored a little HP using its Leftovers!</small><br></div><div class="spacer battle-history"><br></div><h2 class="battle-history">Turn 28</h2><div class="spacer battle-history"><br></div><div class="battle-history">'Merica!! is fast asleep.<br></div><div class="spacer battle-history"><br></div><div class="battle-history">'Merica!! used <strong>Sleep Talk</strong>!<br></div><div class="spacer battle-history"><br></div><div class="battle-history">'Merica!! used <strong>Rest</strong>!<br></div><div class="battle-history"><small>But it failed!</small><br></div><div class="spacer battle-history"><br></div><div class="battle-history">The opposing Shelly used <strong>Poison Jab</strong>!<br></div><div class="battle-history"><small>('Merica!! lost <abbr title="−66/394">16.8%</abbr> of its health!)</small><br></div><div class="spacer battle-history"><br></div><div class="battle-history"><small>'Merica!! restored a little HP using its Leftovers!</small><br></div><div class="spacer battle-history"><br></div><h2 class="battle-history">Turn 29</h2><div class="spacer battle-history"><br></div><div class="battle-history"><small>'Merica!! woke up!</small><br></div><div class="spacer battle-history"><br></div><div class="battle-history">'Merica!! used <strong>Swords Dance</strong>!<br></div><div class="battle-history"><small>'Merica!!'s Attack rose sharply!</small><br></div><div class="spacer battle-history"><br></div><div class="battle-history">The opposing Shelly used <strong>Rest</strong>!<br></div><div class="battle-history"><small>The opposing Shelly fell asleep!</small><br></div><div class="battle-history"><small>The opposing Shelly slept and became healthy!</small><br></div><div class="spacer battle-history"><br></div><div class="battle-history"><small>'Merica!! restored a little HP using its Leftovers!</small><br></div><div class="spacer battle-history"><br></div><h2 class="battle-history">Turn 30</h2><div class="chat"><small>Chrisloud joined.</small></div><div class="spacer battle-history"><br></div><div class="battle-history">'Merica!! used <strong>Frustration</strong>!<br></div><div class="battle-history"><small>It's not very effective...</small><br></div><div class="battle-history"><small>(The opposing Shelly lost <abbr title="−137/312">43.9%</abbr> of its health!)</small><br></div><div class="battle-history"><small>'Merica!! was hurt by the Rocky Helmet!</small><br></div><div class="spacer battle-history"><br></div><div class="battle-history">The opposing Shelly is fast asleep.<br></div><div class="spacer battle-history"><br></div><div class="battle-history"><small>'Merica!! restored a little HP using its Leftovers!</small><br></div><div class="spacer battle-history"><br></div><h2 class="battle-history">Turn 31</h2><div class="spacer battle-history"><br></div><div class="battle-history">'Merica!! used <strong>Swords Dance</strong>!<br></div><div class="battle-history"><small>'Merica!!'s Attack rose sharply!</small><br></div><div class="spacer battle-history"><br></div><div class="battle-history">The opposing Shelly is fast asleep.<br></div><div class="spacer battle-history"><br></div><div class="battle-history"><small>'Merica!! restored a little HP using its Leftovers!</small><br></div><div class="spacer battle-history"><br></div><h2 class="battle-history">Turn 32</h2><div class="spacer battle-history"><br></div><div class="battle-history">'Merica!! used <strong>Frustration</strong>!<br></div><div class="battle-history"><small>It's not very effective...</small><br></div><div class="battle-history"><small>(The opposing Shelly lost <abbr title="−175/312">56.1%</abbr> of its health!)</small><br></div><div class="battle-history"><small>'Merica!! was hurt by the Rocky Helmet!</small><br></div><div class="spacer battle-history"><br></div><div class="battle-history">The opposing Shelly fainted!<br></div><div class="spacer battle-history"><br></div><div class="battle-history"><small>'Merica!! restored a little HP using its Leftovers!</small><br></div><div class="spacer battle-history"><br></div><div class="battle-history">FumaFan sent out Cloudy Niner (<strong>Altaria</strong>)!<br></div><div class="battle-history"><small>Pointed stones dug into the opposing Cloudy Niner!</small><br></div><div class="spacer battle-history"><br></div><h2 class="battle-history">Turn 33</h2><div class="chat"><small>burningplain123 joined.</small></div><div class="chat"><small>Taskr joined.</small></div><div class="spacer battle-history"><br></div><div class="battle-history">'Merica!!, come back!<br></div><div class="battle-history">Go! Spoon Me (<strong>Bronzor</strong>)!<br></div><div class="spacer battle-history"><br></div><div class="battle-history">The opposing Cloudy Niner used <strong>Dazzling Gleam</strong>!<br></div><div class="battle-history"><small>It's not very effective...</small><br></div><div class="battle-history"><small>(Spoon Me lost <abbr title="−23/318">7.2%</abbr> of its health!)</small><br></div><div class="spacer battle-history"><br></div><h2 class="battle-history">Turn 34</h2><div class="spacer battle-history"><br></div><div class="battle-history">The opposing Cloudy Niner used <strong>Dazzling Gleam</strong>!<br></div><div class="battle-history"><small>It's not very effective...</small><br></div><div class="battle-history"><small>(Spoon Me lost <abbr title="−24/318">7.5%</abbr> of its health!)</small><br></div><div class="spacer battle-history"><br></div><div class="battle-history">Spoon Me used <strong>Rest</strong>!<br></div><div class="battle-history"><small>Spoon Me fell asleep!</small><br></div><div class="battle-history"><small>Spoon Me slept and became healthy!</small><br></div><div class="spacer battle-history"><br></div><h2 class="battle-history">Turn 35</h2><div class="chat chatmessage-slowbroth"><strong style="color:hsl(317,62%,48.816815154816716%)"><small>@</small><span class="username" data-name="Slowbroth">Slowbroth</span>:</strong> <em>uber whyd u switch</em></div><div class="spacer battle-history"><br></div><div class="battle-history"><small>FumaFan forfeited.</small><br></div><div class="spacer battle-history"><br></div><div class="battle-history"><strong>UberSkitty ♥</strong> won the battle!<br></div><div class="chat"><small>FumaFan left.</small></div><div class="chat chatmessage-burningplain123"><strong style="color:hsl(220,41%,50.22030984902466%)"><small> </small><span class="username" data-name="burningplain123">burningplain123</span>:</strong> <em>hes mean</em></div><div class="chat chatmessage-slowbroth"><strong style="color:hsl(317,62%,48.816815154816716%)"><small>@</small><span class="username" data-name="Slowbroth">Slowbroth</span>:</strong> <em>w/e</em></div><div class="chat"><small>Slowbroth left.</small></div><div class="chat chatmessage-uberskitty"><strong style="color:hsl(74,64%,33%)"><small>☆</small><span class="username" data-name="UberSkitty ♥">UberSkitty ♥</span>:</strong> <em>i was afraid he could draco</em></div><div class="chat"><small>UberSkitty ♥ left.</small></div><div class="chat"><small>Chrisloud left.</small></div><div class="chat"><small>quagsgone left.</small></div><div class="chat"><small>burningplain123 left.</small></div><div class="chat"><small>Akir left.</small></div><div class="chat"><small>Taskr left.</small></div><div class="chat"><small>Taskr joined.</small></div></div><div class="inner-preempt"></div></div></div>
</div>
<script>
let daily = Math.floor(Date.now()/1000/60/60/24);document.write('<script src="https://play.pokemonshowdown.com/js/replay-embed.js?version'+daily+'"></'+'script>');
</script>
