<!DOCTYPE html>
<meta charset="utf-8" />
<!-- version 1 -->
<title>PU replay: EternalSnowman vs. Jeran</title>
<style>
html,body {font-family:Verdana, sans-serif;font-size:10pt;margin:0;padding:0;}body{padding:12px 0;} .battle-log {font-family:Verdana, sans-serif;font-size:10pt;} .battle-log-inline {border:1px solid #AAAAAA;background:#EEF2F5;color:black;max-width:640px;margin:0 auto 80px;padding-bottom:5px;} .battle-log .inner {padding:4px 8px 0px 8px;} .battle-log .inner-preempt {padding:0 8px 4px 8px;} .battle-log .inner-after {margin-top:0.5em;} .battle-log h2 {margin:0.5em -8px;padding:4px 8px;border:1px solid #AAAAAA;background:#E0E7EA;border-left:0;border-right:0;font-family:Verdana, sans-serif;font-size:13pt;} .battle-log .chat {vertical-align:middle;padding:3px 0 3px 0;font-size:8pt;} .battle-log .chat strong {color:#40576A;} .battle-log .chat em {padding:1px 4px 1px 3px;color:#000000;font-style:normal;} .chat.mine {background:rgba(0,0,0,0.05);margin-left:-8px;margin-right:-8px;padding-left:8px;padding-right:8px;} .spoiler {color:#BBBBBB;background:#BBBBBB;padding:0px 3px;} .spoiler:hover, .spoiler:active, .spoiler-shown {color:#000000;background:#E2E2E2;padding:0px 3px;} .spoiler a {color:#BBBBBB;} .spoiler:hover a, .spoiler:active a, .spoiler-shown a {color:#2288CC;} .chat code, .chat .spoiler:hover code, .chat .spoiler:active code, .chat .spoiler-shown code {border:1px solid #C0C0C0;background:#EEEEEE;color:black;padding:0 2px;} .chat .spoiler code {border:1px solid #CCCCCC;background:#CCCCCC;color:#CCCCCC;} .battle-log .rated {padding:3px 4px;} .battle-log .rated strong {color:white;background:#89A;padding:1px 4px;border-radius:4px;} .spacer {margin-top:0.5em;} .message-announce {background:#6688AA;color:white;padding:1px 4px 2px;} .message-announce a, .broadcast-green a, .broadcast-blue a, .broadcast-red a {color:#DDEEFF;} .broadcast-green {background-color:#559955;color:white;padding:2px 4px;} .broadcast-blue {background-color:#6688AA;color:white;padding:2px 4px;} .infobox {border:1px solid #6688AA;padding:2px 4px;} .infobox-limited {max-height:200px;overflow:auto;overflow-x:hidden;} .broadcast-red {background-color:#AA5544;color:white;padding:2px 4px;} .message-learn-canlearn {font-weight:bold;color:#228822;text-decoration:underline;} .message-learn-cannotlearn {font-weight:bold;color:#CC2222;text-decoration:underline;} .message-effect-weak {font-weight:bold;color:#CC2222;} .message-effect-resist {font-weight:bold;color:#6688AA;} .message-effect-immune {font-weight:bold;color:#666666;} .message-learn-list {margin-top:0;margin-bottom:0;} .message-throttle-notice, .message-error {color:#992222;} .message-overflow, .chat small.message-overflow {font-size:0pt;} .message-overflow::before {font-size:9pt;content:'...';} .subtle {color:#3A4A66;}
</style>
<div class="wrapper replay-wrapper" style="max-width:1180px;margin:0 auto">
<input type="hidden" name="replayid" value="pu-562900866" />
<div class="battle"></div><div class="battle-log"></div><div class="replay-controls"></div><div class="replay-controls-2"></div>
<h1 style="font-weight:normal;text-align:center"><strong>PU</strong><br /><a href="http://pokemonshowdown.com/users/eternalsnowman" class="subtle" target="_blank">EternalSnowman</a> vs. <a href="http://pokemonshowdown.com/users/jeran" class="subtle" target="_blank">Jeran</a></h1>
<script type="text/plain" class="battle-log-data">|j|EternalSnowman
|j|Jeran
|player|p1|EternalSnowman|250
|player|p2|Jeran|91
|gametype|singles
|gen|6
|tier|PU
|seed|65262,31469,53620,31282
|rule|Sleep Clause Mod: Limit one foe put to sleep
|rule|Species Clause: Limit one of each Pokémon
|rule|OHKO Clause: OHKO moves are banned
|rule|Moody Clause: Moody is banned
|rule|Evasion Moves Clause: Evasion moves are banned
|rule|Endless Battle Clause: Forcing endless battles is banned
|rule|HP Percentage Mod: HP is shown in percentages
|clearpoke
|poke|p1|Girafarig, M|item
|poke|p1|Mawile, F|item
|poke|p1|Lumineon, F|item
|poke|p1|Chinchou, M|item
|poke|p1|Simisage, M|item
|poke|p1|Dodrio, F|item
|poke|p2|Combusken, F|item
|poke|p2|Grumpig, M|item
|poke|p2|Bouffalant, M|item
|poke|p2|Metang|item
|poke|p2|Rotom-Frost|item
|poke|p2|Jumpluff, F|
|rule|Swagger Clause: Swagger is banned
|rule|Baton Pass Clause: Limit one Baton Passer, can't pass Spe and other stats simultaneously
|teampreview
|j|Stats Bot
|l|Stats Bot
|j|Kushal00 ~_^
|c|☆EternalSnowman|ugh
|c|☆EternalSnowman|i just wanted some ez points
|choice|team 5, team 2, team 3, team 4, team 1, team 6|team 2, team 1, team 3, team 4, team 5, team 6
|
|start
|switch|p1a: Simisage|Simisage, M|291\/291
|switch|p2a: Grumpig|Grumpig, M|301\/301
|turn|1
|choice|move knockoff|switch 6
|
|switch|p2a: Jumpluff|Jumpluff, F|291\/291
|move|p1a: Simisage|Knock Off|p2a: Jumpluff
|-damage|p2a: Jumpluff|171\/291
|-damage|p1a: Simisage|262\/291|[from] item: Life Orb
|
|upkeep
|turn|2
|choice|switch 2|switch 4
|
|switch|p2a: Metang|Metang|324\/324
|switch|p1a: Mawile|Mawile, F|304\/304
|-ability|p1a: Mawile|Intimidate|boost
|-fail|p2a: Metang|unboost|[from] ability: Clear Body|[of] p2a: Metang
|
|upkeep
|turn|3
|j|brawlion
|choice|move batonpass|move stealthrock
|
|move|p1a: Mawile|Baton Pass|p1a: Mawile
|choice|switch 3|
|
|switch|p1a: Lumineon|Lumineon, F|341\/341
|move|p2a: Metang|Stealth Rock|p1a: Lumineon
|-sidestart|p1: EternalSnowman|move: Stealth Rock
|
|upkeep
|turn|4
|choice|move defog|switch 6
|
|switch|p2a: Grumpig|Grumpig, M|301\/301
|move|p1a: Lumineon|Defog|p2a: Grumpig
|-unboost|p2a: Grumpig|evasion|1
|-sideend|p1: EternalSnowman|Stealth Rock|[from] move: Defog|[of] p1a: Lumineon
|
|upkeep
|turn|5
|l|brawlion
|choice|move toxic|move psychic
|
|move|p2a: Grumpig|Psychic|p1a: Lumineon
|-damage|p1a: Lumineon|125\/341
|-unboost|p1a: Lumineon|spd|1
|move|p1a: Lumineon|Toxic|p2a: Grumpig
|-status|p2a: Grumpig|tox
|
|-heal|p1a: Lumineon|146\/341|[from] item: Leftovers
|-damage|p2a: Grumpig|283\/301 tox|[from] psn
|upkeep
|turn|6
|choice|switch 5|move psychic
|
|switch|p1a: Girafarig|Girafarig, M|281\/281
|move|p2a: Grumpig|Psychic|p1a: Girafarig
|-resisted|p1a: Girafarig
|-damage|p1a: Girafarig|142\/281
|
|-damage|p2a: Grumpig|247\/301 tox|[from] psn
|upkeep
|turn|7
|choice|move hypervoice|switch 6
|
|switch|p2a: Metang|Metang|324\/324
|move|p1a: Girafarig|Hyper Voice|p2a: Metang
|-resisted|p2a: Metang
|-damage|p2a: Metang|275\/324
|
|upkeep
|turn|8
|choice|switch 5|move stealthrock
|
|switch|p1a: Lumineon|Lumineon, F|146\/341
|move|p2a: Metang|Stealth Rock|p1a: Lumineon
|-sidestart|p1: EternalSnowman|move: Stealth Rock
|
|-heal|p1a: Lumineon|167\/341|[from] item: Leftovers
|upkeep
|turn|9
|choice|move defog|move toxic
|
|move|p1a: Lumineon|Defog|p2a: Metang
|-fail|p2a: Metang|unboost|[from] ability: Clear Body|[of] p2a: Metang
|-sideend|p1: EternalSnowman|Stealth Rock|[from] move: Defog|[of] p1a: Lumineon
|move|p2a: Metang|Toxic|p1a: Lumineon
|-status|p1a: Lumineon|tox
|
|-heal|p1a: Lumineon|188\/341 tox|[from] item: Leftovers
|-damage|p1a: Lumineon|167\/341 tox|[from] psn
|upkeep
|turn|10
|choice|move scald|move stealthrock
|
|move|p1a: Lumineon|Scald|p2a: Metang
|-damage|p2a: Metang|220\/324
|move|p2a: Metang|Stealth Rock|p1a: Lumineon
|-sidestart|p1: EternalSnowman|move: Stealth Rock
|
|-heal|p1a: Lumineon|188\/341 tox|[from] item: Leftovers
|-damage|p1a: Lumineon|146\/341 tox|[from] psn
|upkeep
|turn|11
|choice|move scald|move stealthrock
|
|move|p1a: Lumineon|Scald|p2a: Metang
|-damage|p2a: Metang|163\/324
|move|p2a: Metang|Stealth Rock|p1a: Lumineon
|-fail|p1a: Lumineon
|
|-heal|p1a: Lumineon|167\/341 tox|[from] item: Leftovers
|-damage|p1a: Lumineon|104\/341 tox|[from] psn
|upkeep
|turn|12
|choice|move scald|move stealthrock
|
|move|p1a: Lumineon|Scald|p2a: Metang
|-damage|p2a: Metang|106\/324
|move|p2a: Metang|Stealth Rock|p1a: Lumineon
|-fail|p1a: Lumineon
|
|-heal|p1a: Lumineon|125\/341 tox|[from] item: Leftovers
|-damage|p1a: Lumineon|41\/341 tox|[from] psn
|upkeep
|turn|13
|choice|move scald|move stealthrock
|
|move|p1a: Lumineon|Scald|p2a: Metang
|-damage|p2a: Metang|51\/324
|move|p2a: Metang|Stealth Rock|p1a: Lumineon
|-fail|p1a: Lumineon
|
|-heal|p1a: Lumineon|62\/341 tox|[from] item: Leftovers
|-damage|p1a: Lumineon|0 fnt|[from] psn
|upkeep
|faint|p1a: Lumineon
|choice|switch 3|
|
|switch|p1a: Mawile|Mawile, F|304\/304
|-damage|p1a: Mawile|285\/304|[from] Stealth Rock
|-ability|p1a: Mawile|Intimidate|boost
|-fail|p2a: Metang|unboost|[from] ability: Clear Body|[of] p2a: Metang
|turn|14
|choice|move stealthrock|move earthquake
|
|move|p2a: Metang|Earthquake|p1a: Mawile
|-supereffective|p1a: Mawile
|-damage|p1a: Mawile|171\/304
|move|p1a: Mawile|Stealth Rock|p2a: Metang
|-sidestart|p2: Jeran|move: Stealth Rock
|
|-heal|p1a: Mawile|190\/304|[from] item: Leftovers
|upkeep
|turn|15
|choice|switch 6|move earthquake
|
|switch|p1a: Dodrio|Dodrio, F|261\/261
|-damage|p1a: Dodrio|196\/261|[from] Stealth Rock
|move|p2a: Metang|Earthquake|p1a: Dodrio
|-immune|p1a: Dodrio|[msg]
|
|upkeep
|turn|16
|choice|move knockoff|move meteormash
|
|move|p1a: Dodrio|Knock Off|p2a: Metang
|-supereffective|p2a: Metang
|-damage|p2a: Metang|0 fnt
|-enditem|p2a: Metang|Eviolite|[from] move: Knock Off|[of] p1a: Dodrio
|faint|p2a: Metang
|
|upkeep
|j|Mishiimono)⊙﹏⊙✿(
|choice||switch 5
|
|switch|p2a: Rotom|Rotom-Frost|241\/241
|-damage|p2a: Rotom|181\/241|[from] Stealth Rock
|turn|17
|choice|switch 4|switch 3
|
|switch|p2a: Bouffalant|Bouffalant, M|393\/393
|-damage|p2a: Bouffalant|344\/393|[from] Stealth Rock
|switch|p1a: Chinchou|Chinchou, M|354\/354
|-damage|p1a: Chinchou|310\/354|[from] Stealth Rock
|
|-heal|p2a: Bouffalant|368\/393|[from] item: Leftovers
|upkeep
|turn|18
|choice|switch 4|move earthquake
|
|switch|p1a: Dodrio|Dodrio, F|196\/261
|-damage|p1a: Dodrio|131\/261|[from] Stealth Rock
|move|p2a: Bouffalant|Earthquake|p1a: Dodrio
|-immune|p1a: Dodrio|[msg]
|
|-heal|p2a: Bouffalant|392\/393|[from] item: Leftovers
|upkeep
|turn|19
|choice|move bravebird|move return
|
|move|p1a: Dodrio|Brave Bird|p2a: Bouffalant
|-damage|p2a: Bouffalant|116\/393
|-damage|p1a: Dodrio|40\/261|[from] recoil|[of] p2a: Bouffalant
|move|p2a: Bouffalant|Return|p1a: Dodrio
|-damage|p1a: Dodrio|0 fnt
|faint|p1a: Dodrio
|
|-heal|p2a: Bouffalant|140\/393|[from] item: Leftovers
|upkeep
|c| Mishiimono)⊙﹏⊙✿(|EternalSnowman
|choice|switch 2|
|
|switch|p1a: Simisage|Simisage, M|262\/291
|-damage|p1a: Simisage|226\/291|[from] Stealth Rock
|turn|20
|j|brawlion
|c| Mishiimono)⊙﹏⊙✿(|aren't uin ubers ssnl finals
|c|☆EternalSnowman|ye
|choice|move superpower|move return
|
|move|p1a: Simisage|Superpower|p2a: Bouffalant
|-supereffective|p2a: Bouffalant
|-damage|p2a: Bouffalant|0 fnt
|-unboost|p1a: Simisage|atk|1
|-unboost|p1a: Simisage|def|1
|-damage|p1a: Simisage|197\/291|[from] item: Life Orb
|faint|p2a: Bouffalant
|
|upkeep
|c| Mishiimono)⊙﹏⊙✿(|ah nice
|c|☆EternalSnowman|was in winners losers and grand finals !!!!
|c| Mishiimono)⊙﹏⊙✿(|feel less bad that i lost
|choice||switch 4
|
|switch|p2a: Jumpluff|Jumpluff, F|171\/291
|-damage|p2a: Jumpluff|99\/291|[from] Stealth Rock
|turn|21
|c| Mishiimono)⊙﹏⊙✿(|nice
|choice|switch 6|switch 2
|
|switch|p2a: Combusken|Combusken, F|261\/261
|-damage|p2a: Combusken|229\/261|[from] Stealth Rock
|switch|p1a: Mawile|Mawile, F|190\/304
|-damage|p1a: Mawile|171\/304|[from] Stealth Rock
|-ability|p1a: Mawile|Intimidate|boost
|-unboost|p2a: Combusken|atk|1
|
|-heal|p1a: Mawile|190\/304|[from] item: Leftovers
|upkeep
|turn|22
|choice|switch 4|move focusblast
|
|switch|p1a: Chinchou|Chinchou, M|310\/354
|-damage|p1a: Chinchou|266\/354|[from] Stealth Rock
|move|p2a: Combusken|Focus Blast|p1a: Chinchou
|-damage|p1a: Chinchou|126\/354
|-damage|p2a: Combusken|203\/261|[from] item: Life Orb
|
|-ability|p2a: Combusken|Speed Boost|boost
|-boost|p2a: Combusken|spe|1
|upkeep
|turn|23
|choice|move rest|move focusblast
|
|move|p2a: Combusken|Focus Blast|p1a: Chinchou
|-damage|p1a: Chinchou|0 fnt
|-damage|p2a: Combusken|177\/261|[from] item: Life Orb
|faint|p1a: Chinchou
|
|-ability|p2a: Combusken|Speed Boost|boost
|-boost|p2a: Combusken|spe|1
|upkeep
|c|☆EternalSnowman|haha gg
|-message|EternalSnowman forfeited.
|
|win|Jeran</script>
</div>
<div class="battle-log battle-log-inline"><div class="inner"><div class="battle-options"></div><div class="inner"><div class="chat"><small>EternalSnowman joined.</small></div><div class="chat"><small>Jeran joined.</small></div><div class=""><small>Format:</small> <br><strong>PU</strong></div><div class=""><small><em>Sleep Clause Mod:</em> Limit one foe put to sleep</small></div><div class=""><small><em>Species Clause:</em> Limit one of each Pokémon</small></div><div class=""><small><em>OHKO Clause:</em> OHKO moves are banned</small></div><div class=""><small><em>Moody Clause:</em> Moody is banned</small></div><div class=""><small><em>Evasion Moves Clause:</em> Evasion moves are banned</small></div><div class=""><small><em>Endless Battle Clause:</em> Forcing endless battles is banned</small></div><div class=""><small><em>HP Percentage Mod:</em> HP is shown in percentages</small></div><div class=""><small><em>Swagger Clause:</em> Swagger is banned</small></div><div class=""><small><em>Baton Pass Clause:</em> Limit one Baton Passer, can't pass Spe and other stats simultaneously</small></div><div class="chat battle-history"><strong>EternalSnowman's team:</strong> <em style="color:#445566;display:block;">Girafarig / Mawile / Lumineon / Chinchou / Simisage / Dodrio</em></div><div class="chat battle-history"><strong>Jeran's team:</strong> <em style="color:#445566;display:block;">Combusken / Grumpig / Bouffalant / Metang / Rotom-Frost / Jumpluff</em></div><div class="chat"><small>Stats Bot joined.</small></div><div class="chat"><small>Stats Bot left.</small></div><div class="chat"><small>Kushal00 ~_^ joined.</small></div><div class="chat chatmessage-eternalsnowman"><strong style="color:hsl(0,70%,43%)"><small>☆</small><span class="username" data-name="EternalSnowman">EternalSnowman</span>:</strong> <em>ugh</em></div><div class="chat chatmessage-eternalsnowman"><strong style="color:hsl(0,70%,43%)"><small>☆</small><span class="username" data-name="EternalSnowman">EternalSnowman</span>:</strong> <em>i just wanted some ez points</em></div><div class="spacer battle-history"><br></div><div class="battle-history">Battle started between EternalSnowman and Jeran!<br></div><div class="spacer battle-history"><br></div><div class="battle-history">Go! <strong>Simisage</strong>!<br></div><div class="spacer battle-history"><br></div><div class="battle-history">Jeran sent out <strong>Grumpig</strong>!<br></div><div class="spacer battle-history"><br></div><h2 class="battle-history">Turn 1</h2><div class="spacer battle-history"><br></div><div class="battle-history">Jeran withdrew Grumpig!<br></div><div class="battle-history">Jeran sent out <strong>Jumpluff</strong>!<br></div><div class="spacer battle-history"><br></div><div class="battle-history">Simisage used <strong>Knock Off</strong>!<br></div><div class="battle-history"><small>(The opposing Jumpluff lost <abbr title="−120/291">41.2%</abbr> of its health!)</small><br></div><div class="battle-history"><small>Simisage lost some of its HP!</small><br></div><div class="spacer battle-history"><br></div><h2 class="battle-history">Turn 2</h2><div class="spacer battle-history"><br></div><div class="battle-history">Jeran withdrew Jumpluff!<br></div><div class="battle-history">Jeran sent out <strong>Metang</strong>!<br></div><div class="spacer battle-history"><br></div><div class="battle-history">Simisage, come back!<br></div><div class="battle-history">Go! <strong>Mawile</strong>!<br></div><div class="battle-history"><small>[Mawile's Intimidate]</small><br></div><div class="battle-history"><small>[The opposing Metang's Clear Body]</small><br><small>The opposing Metang's stats were not lowered!</small><br></div><div class="spacer battle-history"><br></div><h2 class="battle-history">Turn 3</h2><div class="chat"><small>brawlion joined.</small></div><div class="spacer battle-history"><br></div><div class="battle-history">Mawile used <strong>Baton Pass</strong>!<br></div><div class="spacer battle-history"><br></div><div class="battle-history">Go! <strong>Lumineon</strong>!<br></div><div class="spacer battle-history"><br></div><div class="battle-history">The opposing Metang used <strong>Stealth Rock</strong>!<br></div><div class="battle-history"><small>Pointed stones float in the air around your team!</small><br></div><div class="spacer battle-history"><br></div><h2 class="battle-history">Turn 4</h2><div class="spacer battle-history"><br></div><div class="battle-history">Jeran withdrew Metang!<br></div><div class="battle-history">Jeran sent out <strong>Grumpig</strong>!<br></div><div class="spacer battle-history"><br></div><div class="battle-history">Lumineon used <strong>Defog</strong>!<br></div><div class="battle-history"><small>The opposing Grumpig's evasiveness fell!</small><br></div><div class="battle-history"><small>The pointed stones disappeared from around your team!</small><br></div><div class="spacer battle-history"><br></div><h2 class="battle-history">Turn 5</h2><div class="chat"><small>brawlion left.</small></div><div class="spacer battle-history"><br></div><div class="battle-history">The opposing Grumpig used <strong>Psychic</strong>!<br></div><div class="battle-history"><small>(Lumineon lost <abbr title="−216/341">63.3%</abbr> of its health!)</small><br></div><div class="battle-history"><small>Lumineon's Special Defense fell!</small><br></div><div class="spacer battle-history"><br></div><div class="battle-history">Lumineon used <strong>Toxic</strong>!<br></div><div class="battle-history"><small>The opposing Grumpig was badly poisoned!</small><br></div><div class="spacer battle-history"><br></div><div class="battle-history"><small>Lumineon restored a little HP using its Leftovers!</small><br></div><div class="battle-history"><small>The opposing Grumpig was hurt by poison!</small><br></div><div class="spacer battle-history"><br></div><h2 class="battle-history">Turn 6</h2><div class="spacer battle-history"><br></div><div class="battle-history">Lumineon, come back!<br></div><div class="battle-history">Go! <strong>Girafarig</strong>!<br></div><div class="spacer battle-history"><br></div><div class="battle-history">The opposing Grumpig used <strong>Psychic</strong>!<br></div><div class="battle-history"><small>It's not very effective...</small><br></div><div class="battle-history"><small>(Girafarig lost <abbr title="−139/281">49.5%</abbr> of its health!)</small><br></div><div class="spacer battle-history"><br></div><div class="battle-history"><small>The opposing Grumpig was hurt by poison!</small><br></div><div class="spacer battle-history"><br></div><h2 class="battle-history">Turn 7</h2><div class="spacer battle-history"><br></div><div class="battle-history">Jeran withdrew Grumpig!<br></div><div class="battle-history">Jeran sent out <strong>Metang</strong>!<br></div><div class="spacer battle-history"><br></div><div class="battle-history">Girafarig used <strong>Hyper Voice</strong>!<br></div><div class="battle-history"><small>It's not very effective...</small><br></div><div class="battle-history"><small>(The opposing Metang lost <abbr title="−49/324">15.1%</abbr> of its health!)</small><br></div><div class="spacer battle-history"><br></div><h2 class="battle-history">Turn 8</h2><div class="spacer battle-history"><br></div><div class="battle-history">Girafarig, come back!<br></div><div class="battle-history">Go! <strong>Lumineon</strong>!<br></div><div class="spacer battle-history"><br></div><div class="battle-history">The opposing Metang used <strong>Stealth Rock</strong>!<br></div><div class="battle-history"><small>Pointed stones float in the air around your team!</small><br></div><div class="spacer battle-history"><br></div><div class="battle-history"><small>Lumineon restored a little HP using its Leftovers!</small><br></div><div class="spacer battle-history"><br></div><h2 class="battle-history">Turn 9</h2><div class="spacer battle-history"><br></div><div class="battle-history">Lumineon used <strong>Defog</strong>!<br></div><div class="battle-history"><small>[The opposing Metang's Clear Body]</small><br><small>The opposing Metang's stats were not lowered!</small><br></div><div class="battle-history"><small>The pointed stones disappeared from around your team!</small><br></div><div class="spacer battle-history"><br></div><div class="battle-history">The opposing Metang used <strong>Toxic</strong>!<br></div><div class="battle-history"><small>Lumineon was badly poisoned!</small><br></div><div class="spacer battle-history"><br></div><div class="battle-history"><small>Lumineon restored a little HP using its Leftovers!</small><br></div><div class="battle-history"><small>Lumineon was hurt by poison!</small><br></div><div class="spacer battle-history"><br></div><h2 class="battle-history">Turn 10</h2><div class="spacer battle-history"><br></div><div class="battle-history">Lumineon used <strong>Scald</strong>!<br></div><div class="battle-history"><small>(The opposing Metang lost <abbr title="−55/324">17.0%</abbr> of its health!)</small><br></div><div class="spacer battle-history"><br></div><div class="battle-history">The opposing Metang used <strong>Stealth Rock</strong>!<br></div><div class="battle-history"><small>Pointed stones float in the air around your team!</small><br></div><div class="spacer battle-history"><br></div><div class="battle-history"><small>Lumineon restored a little HP using its Leftovers!</small><br></div><div class="battle-history"><small>Lumineon was hurt by poison!</small><br></div><div class="spacer battle-history"><br></div><h2 class="battle-history">Turn 11</h2><div class="spacer battle-history"><br></div><div class="battle-history">Lumineon used <strong>Scald</strong>!<br></div><div class="battle-history"><small>(The opposing Metang lost <abbr title="−57/324">17.6%</abbr> of its health!)</small><br></div><div class="spacer battle-history"><br></div><div class="battle-history">The opposing Metang used <strong>Stealth Rock</strong>!<br></div><div class="battle-history"><small>But it failed!</small><br></div><div class="spacer battle-history"><br></div><div class="battle-history"><small>Lumineon restored a little HP using its Leftovers!</small><br></div><div class="battle-history"><small>Lumineon was hurt by poison!</small><br></div><div class="spacer battle-history"><br></div><h2 class="battle-history">Turn 12</h2><div class="spacer battle-history"><br></div><div class="battle-history">Lumineon used <strong>Scald</strong>!<br></div><div class="battle-history"><small>(The opposing Metang lost <abbr title="−57/324">17.6%</abbr> of its health!)</small><br></div><div class="spacer battle-history"><br></div><div class="battle-history">The opposing Metang used <strong>Stealth Rock</strong>!<br></div><div class="battle-history"><small>But it failed!</small><br></div><div class="spacer battle-history"><br></div><div class="battle-history"><small>Lumineon restored a little HP using its Leftovers!</small><br></div><div class="battle-history"><small>Lumineon was hurt by poison!</small><br></div><div class="spacer battle-history"><br></div><h2 class="battle-history">Turn 13</h2><div class="spacer battle-history"><br></div><div class="battle-history">Lumineon used <strong>Scald</strong>!<br></div><div class="battle-history"><small>(The opposing Metang lost <abbr title="−55/324">17.0%</abbr> of its health!)</small><br></div><div class="spacer battle-history"><br></div><div class="battle-history">The opposing Metang used <strong>Stealth Rock</strong>!<br></div><div class="battle-history"><small>But it failed!</small><br></div><div class="spacer battle-history"><br></div><div class="battle-history"><small>Lumineon restored a little HP using its Leftovers!</small><br></div><div class="battle-history"><small>Lumineon was hurt by poison!</small><br></div><div class="spacer battle-history"><br></div><div class="battle-history">Lumineon fainted!<br></div><div class="spacer battle-history"><br></div><div class="battle-history">Go! <strong>Mawile</strong>!<br></div><div class="battle-history"><small>Pointed stones dug into Mawile!</small><br></div><div class="battle-history"><small>[Mawile's Intimidate]</small><br></div><div class="battle-history"><small>[The opposing Metang's Clear Body]</small><br><small>The opposing Metang's stats were not lowered!</small><br></div><div class="spacer battle-history"><br></div><h2 class="battle-history">Turn 14</h2><div class="spacer battle-history"><br></div><div class="battle-history">The opposing Metang used <strong>Earthquake</strong>!<br></div><div class="battle-history"><small>It's super effective!</small><br></div><div class="battle-history"><small>(Mawile lost <abbr title="−114/304">37.5%</abbr> of its health!)</small><br></div><div class="spacer battle-history"><br></div><div class="battle-history">Mawile used <strong>Stealth Rock</strong>!<br></div><div class="battle-history"><small>Pointed stones float in the air around the opposing team!</small><br></div><div class="spacer battle-history"><br></div><div class="battle-history"><small>Mawile restored a little HP using its Leftovers!</small><br></div><div class="spacer battle-history"><br></div><h2 class="battle-history">Turn 15</h2><div class="spacer battle-history"><br></div><div class="battle-history">Mawile, come back!<br></div><div class="battle-history">Go! <strong>Dodrio</strong>!<br></div><div class="battle-history"><small>Pointed stones dug into Dodrio!</small><br></div><div class="spacer battle-history"><br></div><div class="battle-history">The opposing Metang used <strong>Earthquake</strong>!<br></div><div class="battle-history"><small>It doesn't affect Dodrio...</small><br></div><div class="spacer battle-history"><br></div><h2 class="battle-history">Turn 16</h2><div class="spacer battle-history"><br></div><div class="battle-history">Dodrio used <strong>Knock Off</strong>!<br></div><div class="battle-history"><small>It's super effective!</small><br></div><div class="battle-history"><small>(The opposing Metang lost <abbr title="−51/324">15.7%</abbr> of its health!)</small><br></div><div class="battle-history"><small>Dodrio knocked off the opposing Metang's Eviolite!</small><br></div><div class="spacer battle-history"><br></div><div class="battle-history">The opposing Metang fainted!<br></div><div class="chat"><small>Mishiimono)⊙﹏⊙✿( joined.</small></div><div class="spacer battle-history"><br></div><div class="battle-history">Jeran sent out Rotom (<strong>Rotom-Frost</strong>)!<br></div><div class="battle-history"><small>Pointed stones dug into the opposing Rotom!</small><br></div><div class="spacer battle-history"><br></div><h2 class="battle-history">Turn 17</h2><div class="spacer battle-history"><br></div><div class="battle-history">Jeran withdrew Rotom!<br></div><div class="battle-history">Jeran sent out <strong>Bouffalant</strong>!<br></div><div class="battle-history"><small>Pointed stones dug into the opposing Bouffalant!</small><br></div><div class="spacer battle-history"><br></div><div class="battle-history">Dodrio, come back!<br></div><div class="battle-history">Go! <strong>Chinchou</strong>!<br></div><div class="battle-history"><small>Pointed stones dug into Chinchou!</small><br></div><div class="spacer battle-history"><br></div><div class="battle-history"><small>The opposing Bouffalant restored a little HP using its Leftovers!</small><br></div><div class="spacer battle-history"><br></div><h2 class="battle-history">Turn 18</h2><div class="spacer battle-history"><br></div><div class="battle-history">Chinchou, come back!<br></div><div class="battle-history">Go! <strong>Dodrio</strong>!<br></div><div class="battle-history"><small>Pointed stones dug into Dodrio!</small><br></div><div class="spacer battle-history"><br></div><div class="battle-history">The opposing Bouffalant used <strong>Earthquake</strong>!<br></div><div class="battle-history"><small>It doesn't affect Dodrio...</small><br></div><div class="spacer battle-history"><br></div><div class="battle-history"><small>The opposing Bouffalant restored a little HP using its Leftovers!</small><br></div><div class="spacer battle-history"><br></div><h2 class="battle-history">Turn 19</h2><div class="spacer battle-history"><br></div><div class="battle-history">Dodrio used <strong>Brave Bird</strong>!<br></div><div class="battle-history"><small>(The opposing Bouffalant lost <abbr title="−276/393">70.2%</abbr> of its health!)</small><br></div><div class="battle-history"><small>Dodrio is damaged by the recoil!</small><br></div><div class="spacer battle-history"><br></div><div class="battle-history">The opposing Bouffalant used <strong>Return</strong>!<br></div><div class="battle-history"><small>(Dodrio lost <abbr title="−40/261">15.3%</abbr> of its health!)</small><br></div><div class="spacer battle-history"><br></div><div class="battle-history">Dodrio fainted!<br></div><div class="spacer battle-history"><br></div><div class="battle-history"><small>The opposing Bouffalant restored a little HP using its Leftovers!</small><br></div><div class="chat chatmessage-mishiimono"><strong style="color:hsl(72,53%,35%)"><small> </small><span class="username" data-name="Mishiimono)⊙﹏⊙✿(">Mishiimono)⊙﹏⊙✿(</span>:</strong> <em>EternalSnowman</em></div><div class="spacer battle-history"><br></div><div class="battle-history">Go! <strong>Simisage</strong>!<br></div><div class="battle-history"><small>Pointed stones dug into Simisage!</small><br></div><div class="spacer battle-history"><br></div><h2 class="battle-history">Turn 20</h2><div class="chat"><small>brawlion joined.</small></div><div class="chat chatmessage-mishiimono"><strong style="color:hsl(72,53%,35%)"><small> </small><span class="username" data-name="Mishiimono)⊙﹏⊙✿(">Mishiimono)⊙﹏⊙✿(</span>:</strong> <em>aren't uin ubers ssnl finals</em></div><div class="chat chatmessage-eternalsnowman"><strong style="color:hsl(0,70%,43%)"><small>☆</small><span class="username" data-name="EternalSnowman">EternalSnowman</span>:</strong> <em>ye</em></div><div class="spacer battle-history"><br></div><div class="battle-history">Simisage used <strong>Superpower</strong>!<br></div><div class="battle-history"><small>It's super effective!</small><br></div><div class="battle-history"><small>(The opposing Bouffalant lost <abbr title="−140/393">35.6%</abbr> of its health!)</small><br></div><div class="battle-history"><small>Simisage's Attack fell!</small><br></div><div class="battle-history"><small>Simisage's Defense fell!</small><br></div><div class="battle-history"><small>Simisage lost some of its HP!</small><br></div><div class="spacer battle-history"><br></div><div class="battle-history">The opposing Bouffalant fainted!<br></div><div class="chat chatmessage-mishiimono"><strong style="color:hsl(72,53%,35%)"><small> </small><span class="username" data-name="Mishiimono)⊙﹏⊙✿(">Mishiimono)⊙﹏⊙✿(</span>:</strong> <em>ah nice</em></div><div class="chat chatmessage-eternalsnowman"><strong style="color:hsl(0,70%,43%)"><small>☆</small><span class="username" data-name="EternalSnowman">EternalSnowman</span>:</strong> <em>was in winners losers and grand finals !!!!</em></div><div class="chat chatmessage-mishiimono"><strong style="color:hsl(72,53%,35%)"><small> </small><span class="username" data-name="Mishiimono)⊙﹏⊙✿(">Mishiimono)⊙﹏⊙✿(</span>:</strong> <em>feel less bad that i lost</em></div><div class="spacer battle-history"><br></div><div class="battle-history">Jeran sent out <strong>Jumpluff</strong>!<br></div><div class="battle-history"><small>Pointed stones dug into the opposing Jumpluff!</small><br></div><div class="spacer battle-history"><br></div><h2 class="battle-history">Turn 21</h2><div class="chat chatmessage-mishiimono"><strong style="color:hsl(72,53%,35%)"><small> </small><span class="username" data-name="Mishiimono)⊙﹏⊙✿(">Mishiimono)⊙﹏⊙✿(</span>:</strong> <em>nice</em></div><div class="spacer battle-history"><br></div><div class="battle-history">Jeran withdrew Jumpluff!<br></div><div class="battle-history">Jeran sent out <strong>Combusken</strong>!<br></div><div class="battle-history"><small>Pointed stones dug into the opposing Combusken!</small><br></div><div class="spacer battle-history"><br></div><div class="battle-history">Simisage, come back!<br></div><div class="battle-history">Go! <strong>Mawile</strong>!<br></div><div class="battle-history"><small>Pointed stones dug into Mawile!</small><br></div><div class="battle-history"><small>[Mawile's Intimidate]</small><br></div><div class="battle-history"><small>The opposing Combusken's Attack fell!</small><br></div><div class="spacer battle-history"><br></div><div class="battle-history"><small>Mawile restored a little HP using its Leftovers!</small><br></div><div class="spacer battle-history"><br></div><h2 class="battle-history">Turn 22</h2><div class="spacer battle-history"><br></div><div class="battle-history">Mawile, come back!<br></div><div class="battle-history">Go! <strong>Chinchou</strong>!<br></div><div class="battle-history"><small>Pointed stones dug into Chinchou!</small><br></div><div class="spacer battle-history"><br></div><div class="battle-history">The opposing Combusken used <strong>Focus Blast</strong>!<br></div><div class="battle-history"><small>(Chinchou lost <abbr title="−140/354">39.5%</abbr> of its health!)</small><br></div><div class="battle-history"><small>The opposing Combusken lost some of its HP!</small><br></div><div class="spacer battle-history"><br></div><div class="battle-history"><small>[The opposing Combusken's Speed Boost]</small><br></div><div class="battle-history"><small>The opposing Combusken's Speed rose!</small><br></div><div class="spacer battle-history"><br></div><h2 class="battle-history">Turn 23</h2><div class="spacer battle-history"><br></div><div class="battle-history">The opposing Combusken used <strong>Focus Blast</strong>!<br></div><div class="battle-history"><small>(Chinchou lost <abbr title="−126/354">35.6%</abbr> of its health!)</small><br></div><div class="battle-history"><small>The opposing Combusken lost some of its HP!</small><br></div><div class="spacer battle-history"><br></div><div class="battle-history">Chinchou fainted!<br></div><div class="spacer battle-history"><br></div><div class="battle-history"><small>[The opposing Combusken's Speed Boost]</small><br></div><div class="battle-history"><small>The opposing Combusken's Speed rose!</small><br></div><div class="chat chatmessage-eternalsnowman"><strong style="color:hsl(0,70%,43%)"><small>☆</small><span class="username" data-name="EternalSnowman">EternalSnowman</span>:</strong> <em>haha gg</em></div><div class="spacer battle-history"><br></div><div class="battle-history"><small>EternalSnowman forfeited.</small><br></div><div class="spacer battle-history"><br></div><div class="battle-history"><strong>Jeran</strong> won the battle!<br></div></div><div class="inner-preempt"></div></div></div>
</div>
<script>
let daily = Math.floor(Date.now()/1000/60/60/24);document.write('<script src="https://play.pokemonshowdown.com/js/replay-embed.js?version'+daily+'"></'+'script>');
</script>
