<!DOCTYPE html>
<meta charset="utf-8" />
<!-- version 1 -->
<title>PU replay: JeJi vs. PD</title>
<style>
html,body {font-family:Verdana, sans-serif;font-size:10pt;margin:0;padding:0;}body{padding:12px 0;} .battle-log {font-family:Verdana, sans-serif;font-size:10pt;} .battle-log-inline {border:1px solid #AAAAAA;background:#EEF2F5;color:black;max-width:640px;margin:0 auto 80px;padding-bottom:5px;} .battle-log .inner {padding:4px 8px 0px 8px;} .battle-log .inner-preempt {padding:0 8px 4px 8px;} .battle-log .inner-after {margin-top:0.5em;} .battle-log h2 {margin:0.5em -8px;padding:4px 8px;border:1px solid #AAAAAA;background:#E0E7EA;border-left:0;border-right:0;font-family:Verdana, sans-serif;font-size:13pt;} .battle-log .chat {vertical-align:middle;padding:3px 0 3px 0;font-size:8pt;} .battle-log .chat strong {color:#40576A;} .battle-log .chat em {padding:1px 4px 1px 3px;color:#000000;font-style:normal;} .chat.mine {background:rgba(0,0,0,0.05);margin-left:-8px;margin-right:-8px;padding-left:8px;padding-right:8px;} .spoiler {color:#BBBBBB;background:#BBBBBB;padding:0px 3px;} .spoiler:hover, .spoiler:active, .spoiler-shown {color:#000000;background:#E2E2E2;padding:0px 3px;} .spoiler a {color:#BBBBBB;} .spoiler:hover a, .spoiler:active a, .spoiler-shown a {color:#2288CC;} .chat code, .chat .spoiler:hover code, .chat .spoiler:active code, .chat .spoiler-shown code {border:1px solid #C0C0C0;background:#EEEEEE;color:black;padding:0 2px;} .chat .spoiler code {border:1px solid #CCCCCC;background:#CCCCCC;color:#CCCCCC;} .battle-log .rated {padding:3px 4px;} .battle-log .rated strong {color:white;background:#89A;padding:1px 4px;border-radius:4px;} .spacer {margin-top:0.5em;} .message-announce {background:#6688AA;color:white;padding:1px 4px 2px;} .message-announce a, .broadcast-green a, .broadcast-blue a, .broadcast-red a {color:#DDEEFF;} .broadcast-green {background-color:#559955;color:white;padding:2px 4px;} .broadcast-blue {background-color:#6688AA;color:white;padding:2px 4px;} .infobox {border:1px solid #6688AA;padding:2px 4px;} .infobox-limited {max-height:200px;overflow:auto;overflow-x:hidden;} .broadcast-red {background-color:#AA5544;color:white;padding:2px 4px;} .message-learn-canlearn {font-weight:bold;color:#228822;text-decoration:underline;} .message-learn-cannotlearn {font-weight:bold;color:#CC2222;text-decoration:underline;} .message-effect-weak {font-weight:bold;color:#CC2222;} .message-effect-resist {font-weight:bold;color:#6688AA;} .message-effect-immune {font-weight:bold;color:#666666;} .message-learn-list {margin-top:0;margin-bottom:0;} .message-throttle-notice, .message-error {color:#992222;} .message-overflow, .chat small.message-overflow {font-size:0pt;} .message-overflow::before {font-size:9pt;content:'...';} .subtle {color:#3A4A66;}
</style>
<div class="wrapper replay-wrapper" style="max-width:1180px;margin:0 auto">
<input type="hidden" name="replayid" value="pu-551671148" />
<div class="battle"></div><div class="battle-log"></div><div class="replay-controls"></div><div class="replay-controls-2"></div>
<h1 style="font-weight:normal;text-align:center"><strong>PU</strong><br /><a href="http://pokemonshowdown.com/users/jeji" class="subtle" target="_blank">JeJi</a> vs. <a href="http://pokemonshowdown.com/users/pd" class="subtle" target="_blank">PD</a></h1>
<script type="text/plain" class="battle-log-data">|j|JeJi
|j|PD
|player|p1|JeJi|151
|player|p2|PD|235
|gametype|singles
|gen|6
|tier|PU
|seed|58430,51408,56704,32728
|rule|Sleep Clause Mod: Limit one foe put to sleep
|rule|Species Clause: Limit one of each Pokémon
|rule|OHKO Clause: OHKO moves are banned
|rule|Moody Clause: Moody is banned
|rule|Evasion Moves Clause: Evasion moves are banned
|rule|Endless Battle Clause: Forcing endless battles is banned
|rule|HP Percentage Mod: HP is shown in percentages
|clearpoke
|poke|p1|Arbok, F, shiny|item
|poke|p1|Golem, M|item
|poke|p1|Ursaring, M|item
|poke|p1|Regice|item
|poke|p1|Gourgeist-*, M|item
|poke|p1|Mr. Mime, M|item
|poke|p2|Regigigas|item
|poke|p2|Diglett, M|item
|poke|p2|Carbink|item
|poke|p2|Cryogonal|item
|poke|p2|Kadabra, M|item
|poke|p2|Gourgeist-*, M|item
|rule|Swagger Clause: Swagger is banned
|rule|Baton Pass Clause: Limit one Baton Passer, can't pass Spe and other stats simultaneously
|teampreview
|j|TIBot
|j|Beacs
|j|warstash
|c|☆PD|memed on
|c|☆PD|s\/o's tone
|choice|team 2, team 1, team 3, team 4, team 5, team 6|team 3, team 2, team 1, team 4, team 5, team 6
|
|start
|switch|p1a: Golem|Golem, M|363\/363
|switch|p2a: Carbink|Carbink|304\/304
|turn|1
|choice|move stealthrock|switch 6
|
|switch|p2a: Gourgeist|Gourgeist-Super, M|374\/374
|-item|p1a: Golem|Custap Berry|[from] ability: Frisk|[of] p2a: Gourgeist|[identify]
|move|p1a: Golem|Stealth Rock|p2a: Gourgeist
|-sidestart|p2: PD|move: Stealth Rock
|
|upkeep
|turn|2
|choice|switch 4|move willowisp
|
|switch|p1a: Regice|Regice|363\/363
|move|p2a: Gourgeist|Will-O-Wisp|p1a: Regice
|-status|p1a: Regice|brn
|
|-damage|p1a: Regice|318\/363 brn|[from] brn
|upkeep
|turn|3
|choice|move icebeam|switch 4
|
|switch|p2a: Cryogonal|Cryogonal|280\/280
|-damage|p2a: Cryogonal|210\/280|[from] Stealth Rock
|move|p1a: Regice|Ice Beam|p2a: Cryogonal
|-resisted|p2a: Cryogonal
|-damage|p2a: Cryogonal|156\/280
|
|-heal|p2a: Cryogonal|173\/280|[from] item: Leftovers
|-heal|p1a: Regice|340\/363 brn|[from] item: Leftovers
|-damage|p1a: Regice|295\/363 brn|[from] brn
|upkeep
|turn|4
|choice|move focusblast|move rapidspin
|
|move|p2a: Cryogonal|Rapid Spin|p1a: Regice
|-damage|p1a: Regice|288\/363 brn
|-sideend|p2: PD|Stealth Rock|[from] move: Rapid Spin|[of] p2a: Cryogonal
|move|p1a: Regice|Focus Blast|p2a: Cryogonal|[miss]
|-miss|p1a: Regice|p2a: Cryogonal
|
|-heal|p2a: Cryogonal|190\/280|[from] item: Leftovers
|-heal|p1a: Regice|310\/363 brn|[from] item: Leftovers
|-damage|p1a: Regice|265\/363 brn|[from] brn
|upkeep
|turn|5
|choice|move thunderwave|switch 6
|
|switch|p2a: Carbink|Carbink|304\/304
|move|p1a: Regice|Thunder Wave|p2a: Carbink
|-status|p2a: Carbink|par
|
|-heal|p1a: Regice|287\/363 brn|[from] item: Leftovers
|-damage|p1a: Regice|242\/363 brn|[from] brn
|upkeep
|turn|6
|choice|switch 4|move stealthrock
|
|switch|p1a: Golem|Golem, M|363\/363
|move|p2a: Carbink|Stealth Rock|p1a: Golem
|-sidestart|p1: JeJi|move: Stealth Rock
|
|upkeep
|turn|7
|choice|move stealthrock|move reflect
|
|move|p1a: Golem|Stealth Rock|p2a: Carbink
|-sidestart|p2: PD|move: Stealth Rock
|move|p2a: Carbink|Reflect|p2a: Carbink
|-sidestart|p2: PD|Reflect
|
|upkeep
|turn|8
|choice|move earthquake|switch 4
|
|switch|p2a: Gourgeist|Gourgeist-Super, M|374\/374
|-damage|p2a: Gourgeist|328\/374|[from] Stealth Rock
|-item|p1a: Golem|Custap Berry|[from] ability: Frisk|[of] p2a: Gourgeist|[identify]
|move|p1a: Golem|Earthquake|p2a: Gourgeist
|-resisted|p2a: Gourgeist
|-damage|p2a: Gourgeist|297\/374
|
|-heal|p2a: Gourgeist|320\/374|[from] item: Leftovers
|upkeep
|turn|9
|j|1cy
|choice|move rockslide|switch 2
|
|switch|p2a: Diglett|Diglett, M|161\/161
|-damage|p2a: Diglett|151\/161|[from] Stealth Rock
|move|p1a: Golem|Rock Slide|p2a: Diglett
|-resisted|p2a: Diglett
|-damage|p2a: Diglett|52\/161
|
|upkeep
|turn|10
|c|☆PD|who rock slides lol
|choice|move earthquake|switch 2
|
|switch|p2a: Gourgeist|Gourgeist-Super, M|320\/374
|-damage|p2a: Gourgeist|274\/374|[from] Stealth Rock
|-item|p1a: Golem|Custap Berry|[from] ability: Frisk|[of] p2a: Gourgeist|[identify]
|move|p1a: Golem|Earthquake|p2a: Gourgeist
|-resisted|p2a: Gourgeist
|-damage|p2a: Gourgeist|245\/374
|
|-heal|p2a: Gourgeist|268\/374|[from] item: Leftovers
|upkeep
|turn|11
|choice|move rockslide|switch 2
|
|switch|p2a: Diglett|Diglett, M|52\/161
|-damage|p2a: Diglett|42\/161|[from] Stealth Rock
|move|p1a: Golem|Rock Slide|p2a: Diglett
|-resisted|p2a: Diglett
|-damage|p2a: Diglett|0 fnt
|faint|p2a: Diglett
|
|upkeep
|choice||switch 2
|
|switch|p2a: Gourgeist|Gourgeist-Super, M|268\/374
|-damage|p2a: Gourgeist|222\/374|[from] Stealth Rock
|-item|p1a: Golem|Custap Berry|[from] ability: Frisk|[of] p2a: Gourgeist|[identify]
|turn|12
|l|1cy
|choice|switch 4|move willowisp
|
|switch|p1a: Regice|Regice|242\/363 brn
|-damage|p1a: Regice|152\/363 brn|[from] Stealth Rock
|move|p2a: Gourgeist|Will-O-Wisp|p1a: Regice
|-fail|p1a: Regice|brn
|
|-heal|p2a: Gourgeist|245\/374|[from] item: Leftovers
|-heal|p1a: Regice|174\/363 brn|[from] item: Leftovers
|-damage|p1a: Regice|129\/363 brn|[from] brn
|upkeep
|turn|13
|c| warstash|gotta get the flinch
|choice|move icebeam|switch 6
|
|switch|p2a: Cryogonal|Cryogonal|190\/280
|-damage|p2a: Cryogonal|120\/280|[from] Stealth Rock
|move|p1a: Regice|Ice Beam|p2a: Cryogonal
|-resisted|p2a: Cryogonal
|-damage|p2a: Cryogonal|68\/280
|
|-heal|p2a: Cryogonal|85\/280|[from] item: Leftovers
|-heal|p1a: Regice|151\/363 brn|[from] item: Leftovers
|-damage|p1a: Regice|106\/363 brn|[from] brn
|upkeep
|turn|14
|choice|move focusblast|move recover
|
|move|p2a: Cryogonal|Recover|p2a: Cryogonal
|-heal|p2a: Cryogonal|225\/280
|move|p1a: Regice|Focus Blast|p2a: Cryogonal
|-supereffective|p2a: Cryogonal
|-damage|p2a: Cryogonal|23\/280
|
|-heal|p2a: Cryogonal|40\/280|[from] item: Leftovers
|-heal|p1a: Regice|128\/363 brn|[from] item: Leftovers
|-damage|p1a: Regice|83\/363 brn|[from] brn
|-sideend|p2: PD|Reflect
|upkeep
|turn|15
|choice|move thunderbolt|move hiddenpower
|
|move|p2a: Cryogonal|Hidden Power|p1a: Regice
|-supereffective|p1a: Regice
|-damage|p1a: Regice|17\/363 brn
|move|p1a: Regice|Thunderbolt|p2a: Cryogonal
|-damage|p2a: Cryogonal|0 fnt
|faint|p2a: Cryogonal
|
|-heal|p1a: Regice|39\/363 brn|[from] item: Leftovers
|-damage|p1a: Regice|0 fnt|[from] brn
|upkeep
|faint|p1a: Regice
|choice|switch 4|switch 6
|
|switch|p2a: Gourgeist|Gourgeist-Super, M|245\/374
|switch|p1a: Golem|Golem, M|363\/363
|-damage|p2a: Gourgeist|199\/374|[from] Stealth Rock
|-item|p1a: Golem|Custap Berry|[from] ability: Frisk|[of] p2a: Gourgeist|[identify]
|-damage|p1a: Golem|341\/363|[from] Stealth Rock
|turn|16
|choice|switch 6|move synthesis
|
|switch|p1a: Mr. Mime|Mr. Mime, M|221\/221
|-damage|p1a: Mr. Mime|194\/221|[from] Stealth Rock
|move|p2a: Gourgeist|Synthesis|p2a: Gourgeist
|-heal|p2a: Gourgeist|374\/374
|
|upkeep
|turn|17
|choice|move icywind|switch 4
|
|switch|p2a: Carbink|Carbink|304\/304 par
|-damage|p2a: Carbink|266\/304 par|[from] Stealth Rock
|move|p1a: Mr. Mime|Icy Wind|p2a: Carbink
|-damage|p2a: Carbink|219\/304 par
|-unboost|p2a: Carbink|spe|1
|
|upkeep
|turn|18
|choice|move chargebeam|move lightscreen
|
|move|p1a: Mr. Mime|Charge Beam|p2a: Carbink
|-damage|p2a: Carbink|177\/304 par
|-boost|p1a: Mr. Mime|spa|1
|move|p2a: Carbink|Light Screen|p2a: Carbink
|-sidestart|p2: PD|move: Light Screen
|
|upkeep
|turn|19
|choice|move psychic|move stoneedge
|
|move|p1a: Mr. Mime|Psychic|p2a: Carbink
|-damage|p2a: Carbink|117\/304 par
|move|p2a: Carbink|Stone Edge|p1a: Mr. Mime
|-damage|p1a: Mr. Mime|92\/221
|
|upkeep
|turn|20
|choice|move psychic|move reflect
|
|move|p1a: Mr. Mime|Psychic|p2a: Carbink
|-crit|p2a: Carbink
|-damage|p2a: Carbink|0 fnt
|faint|p2a: Carbink
|
|upkeep
|choice||switch 3
|
|switch|p2a: Regigigas|Regigigas|424\/424
|-damage|p2a: Regigigas|371\/424|[from] Stealth Rock
|-start|p2a: Regigigas|ability: Slow Start
|turn|21
|choice|move icywind|move confuseray
|
|move|p1a: Mr. Mime|Icy Wind|p2a: Regigigas
|-damage|p2a: Regigigas|315\/424
|-unboost|p2a: Regigigas|spe|1
|move|p2a: Regigigas|Confuse Ray|p1a: Mr. Mime
|-start|p1a: Mr. Mime|confusion
|
|-heal|p2a: Regigigas|341\/424|[from] item: Leftovers
|upkeep
|turn|22
|choice|move icywind|move substitute
|
|-activate|p1a: Mr. Mime|confusion
|-damage|p1a: Mr. Mime|66\/221|[from] confusion
|move|p2a: Regigigas|Substitute|p2a: Regigigas
|-start|p2a: Regigigas|Substitute
|-damage|p2a: Regigigas|235\/424
|
|-heal|p2a: Regigigas|261\/424|[from] item: Leftovers
|upkeep
|turn|23
|choice|move psychic|move return
|
|-activate|p1a: Mr. Mime|confusion
|-damage|p1a: Mr. Mime|40\/221|[from] confusion
|move|p2a: Regigigas|Return|p1a: Mr. Mime
|-crit|p1a: Mr. Mime
|-damage|p1a: Mr. Mime|0 fnt
|faint|p1a: Mr. Mime
|
|-heal|p2a: Regigigas|287\/424|[from] item: Leftovers
|upkeep
|choice|switch 6|
|
|switch|p1a: Golem|Golem, M|341\/363
|-damage|p1a: Golem|319\/363|[from] Stealth Rock
|turn|24
|choice|move earthquake|move toxic
|
|move|p1a: Golem|Earthquake|p2a: Regigigas
|-end|p2a: Regigigas|Substitute
|move|p2a: Regigigas|Toxic|p1a: Golem
|-status|p1a: Golem|tox
|
|-heal|p2a: Regigigas|313\/424|[from] item: Leftovers
|-damage|p1a: Golem|297\/363 tox|[from] psn
|upkeep
|turn|25
|choice|move earthquake|move confuseray
|
|move|p1a: Golem|Earthquake|p2a: Regigigas
|-damage|p2a: Regigigas|142\/424
|move|p2a: Regigigas|Confuse Ray|p1a: Golem
|-start|p1a: Golem|confusion
|
|-end|p2a: Regigigas|Slow Start
|-heal|p2a: Regigigas|168\/424|[from] item: Leftovers
|-damage|p1a: Golem|253\/363 tox|[from] psn
|-sideend|p2: PD|move: Light Screen
|upkeep
|turn|26
|choice|move explosion|move substitute
|
|move|p2a: Regigigas|Substitute|p2a: Regigigas
|-start|p2a: Regigigas|Substitute
|-damage|p2a: Regigigas|62\/424
|-activate|p1a: Golem|confusion
|-damage|p1a: Golem|209\/363 tox|[from] confusion
|
|-heal|p2a: Regigigas|88\/424|[from] item: Leftovers
|-damage|p1a: Golem|143\/363 tox|[from] psn
|upkeep
|turn|27
|choice|move earthquake|move return
|
|move|p2a: Regigigas|Return|p1a: Golem
|-resisted|p1a: Golem
|-damage|p1a: Golem|42\/363 tox
|-activate|p1a: Golem|confusion
|move|p1a: Golem|Earthquake|p2a: Regigigas
|-crit|p2a: Regigigas
|-end|p2a: Regigigas|Substitute
|
|-heal|p2a: Regigigas|114\/424|[from] item: Leftovers
|-damage|p1a: Golem|0 fnt|[from] psn
|upkeep
|faint|p1a: Golem
|choice|switch 5|
|
|switch|p1a: Gourgeist|Gourgeist-Super, M|374\/374
|-damage|p1a: Gourgeist|328\/374|[from] Stealth Rock
|-item|p2a: Regigigas|Leftovers|[from] ability: Frisk|[of] p1a: Gourgeist|[identify]
|turn|28
|choice|move foulplay|move toxic
|
|move|p2a: Regigigas|Toxic|p1a: Gourgeist
|-status|p1a: Gourgeist|tox
|move|p1a: Gourgeist|Foul Play|p2a: Regigigas
|-damage|p2a: Regigigas|0 fnt
|faint|p2a: Regigigas
|-end|p2a: Regigigas|Slow Start|[silent]
|
|-damage|p1a: Gourgeist|305\/374 tox|[from] psn
|upkeep
|choice||switch 4
|
|-end|p2: Regigigas|Slow Start|[silent]
|switch|p2a: Gourgeist|Gourgeist-Super, M|374\/374
|-damage|p2a: Gourgeist|328\/374|[from] Stealth Rock
|-item|p1a: Gourgeist|Colbur Berry|[from] ability: Frisk|[of] p2a: Gourgeist|[identify]
|turn|29
|j|Based Loser
|choice|move willowisp|move seedbomb
|
|move|p1a: Gourgeist|Will-O-Wisp|p2a: Gourgeist
|-status|p2a: Gourgeist|brn
|move|p2a: Gourgeist|Seed Bomb|p1a: Gourgeist
|-resisted|p1a: Gourgeist
|-damage|p1a: Gourgeist|292\/374 tox
|
|-heal|p2a: Gourgeist|351\/374 brn|[from] item: Leftovers
|-damage|p2a: Gourgeist|305\/374 brn|[from] brn
|-damage|p1a: Gourgeist|246\/374 tox|[from] psn
|upkeep
|turn|30
|choice|move foulplay|move seedbomb
|
|move|p1a: Gourgeist|Foul Play|p2a: Gourgeist
|-supereffective|p2a: Gourgeist
|-damage|p2a: Gourgeist|211\/374 brn
|move|p2a: Gourgeist|Seed Bomb|p1a: Gourgeist
|-resisted|p1a: Gourgeist
|-damage|p1a: Gourgeist|232\/374 tox
|
|-heal|p2a: Gourgeist|234\/374 brn|[from] item: Leftovers
|-damage|p1a: Gourgeist|163\/374 tox|[from] psn
|-damage|p2a: Gourgeist|188\/374 brn|[from] brn
|upkeep
|turn|31
|choice|move foulplay|move seedbomb
|
|move|p2a: Gourgeist|Seed Bomb|p1a: Gourgeist
|-resisted|p1a: Gourgeist
|-damage|p1a: Gourgeist|148\/374 tox
|move|p1a: Gourgeist|Foul Play|p2a: Gourgeist
|-supereffective|p2a: Gourgeist
|-damage|p2a: Gourgeist|90\/374 brn
|
|-heal|p2a: Gourgeist|113\/374 brn|[from] item: Leftovers
|-damage|p2a: Gourgeist|67\/374 brn|[from] brn
|-damage|p1a: Gourgeist|56\/374 tox|[from] psn
|upkeep
|turn|32
|choice|move synthesis|move seedbomb
|
|move|p1a: Gourgeist|Synthesis|p1a: Gourgeist
|-heal|p1a: Gourgeist|243\/374 tox
|move|p2a: Gourgeist|Seed Bomb|p1a: Gourgeist
|-resisted|p1a: Gourgeist
|-damage|p1a: Gourgeist|230\/374 tox
|
|-heal|p2a: Gourgeist|90\/374 brn|[from] item: Leftovers
|-damage|p1a: Gourgeist|115\/374 tox|[from] psn
|-damage|p2a: Gourgeist|44\/374 brn|[from] brn
|upkeep
|turn|33
|choice|move synthesis|switch 5
|
|switch|p2a: Kadabra|Kadabra, M|221\/221
|move|p1a: Gourgeist|Synthesis|p1a: Gourgeist
|-heal|p1a: Gourgeist|302\/374 tox
|
|-damage|p1a: Gourgeist|164\/374 tox|[from] psn
|upkeep
|turn|34
|choice|move foulplay|move encore
|
|move|p2a: Kadabra|Encore|p1a: Gourgeist
|-start|p1a: Gourgeist|Encore
|move|p1a: Gourgeist|Synthesis|p1a: Gourgeist
|-heal|p1a: Gourgeist|351\/374 tox
|
|-damage|p1a: Gourgeist|190\/374 tox|[from] psn
|upkeep
|turn|35
|choice|move synthesis|move psychic
|
|move|p2a: Kadabra|Psychic|p1a: Gourgeist
|-damage|p1a: Gourgeist|0 fnt
|faint|p1a: Gourgeist
|
|upkeep
|choice|switch 3|
|
|switch|p1a: Ursaring|Ursaring, M|321\/321
|-damage|p1a: Ursaring|281\/321|[from] Stealth Rock
|turn|36
|choice|move facade|move psychic
|
|move|p2a: Kadabra|Psychic|p1a: Ursaring
|-damage|p1a: Ursaring|95\/321
|move|p1a: Ursaring|Facade|p2a: Kadabra
|-enditem|p2a: Kadabra|Focus Sash
|-damage|p2a: Kadabra|1\/221
|
|-status|p1a: Ursaring|tox|[from] item: Toxic Orb
|upkeep
|turn|37
|choice|move facade|move psychic
|
|move|p2a: Kadabra|Psychic|p1a: Ursaring
|-damage|p1a: Ursaring|0 fnt
|faint|p1a: Ursaring
|
|upkeep
|choice|switch 2|
|
|switch|p1a: Arbok|Arbok, F, shiny|324\/324
|-damage|p1a: Arbok|284\/324|[from] Stealth Rock
|-ability|p1a: Arbok|Intimidate|boost
|-unboost|p2a: Kadabra|atk|1
|turn|38
|choice|move suckerpunch|move encore
|
|move|p1a: Arbok|Sucker Punch|p2a: Kadabra|[still]
|-fail|p1a: Arbok
|move|p2a: Kadabra|Encore|p1a: Arbok
|-start|p1a: Arbok|Encore
|
|-heal|p1a: Arbok|304\/324|[from] item: Black Sludge
|upkeep
|turn|39
|choice|move suckerpunch|switch 5
|
|switch|p2a: Gourgeist|Gourgeist-Super, M|44\/374 brn
|-damage|p2a: Gourgeist|0 fnt|[from] Stealth Rock
|faint|p2a: Gourgeist
|move|p1a: Arbok|Sucker Punch|p2: Gourgeist|[notarget]
|-notarget
|
|-heal|p1a: Arbok|324\/324|[from] item: Black Sludge
|upkeep
|choice||switch 5
|
|switch|p2a: Kadabra|Kadabra, M|1\/221
|turn|40
|choice|move suckerpunch|move encore
|
|move|p1a: Arbok|Sucker Punch|p2a: Kadabra|[still]
|-fail|p1a: Arbok
|move|p2a: Kadabra|Encore|p1a: Arbok
|-fail|p1a: Arbok
|
|upkeep
|turn|41
|choice|move suckerpunch|move encore
|
|move|p1a: Arbok|Sucker Punch|p2a: Kadabra|[still]
|-fail|p1a: Arbok
|move|p2a: Kadabra|Encore|p1a: Arbok
|-fail|p1a: Arbok
|
|-end|p1a: Arbok|Encore
|upkeep
|turn|42
|choice|move suckerpunch|move encore
|
|move|p1a: Arbok|Sucker Punch|p2a: Kadabra|[still]
|-fail|p1a: Arbok
|move|p2a: Kadabra|Encore|p1a: Arbok
|-start|p1a: Arbok|Encore
|
|upkeep
|turn|43
|choice|move suckerpunch|move encore
|
|move|p1a: Arbok|Sucker Punch|p2a: Kadabra|[still]
|-fail|p1a: Arbok
|move|p2a: Kadabra|Encore|p1a: Arbok
|-fail|p1a: Arbok
|
|upkeep
|turn|44
|choice|move suckerpunch|move encore
|
|move|p1a: Arbok|Sucker Punch|p2a: Kadabra|[still]
|-fail|p1a: Arbok
|move|p2a: Kadabra|Encore|p1a: Arbok
|-fail|p1a: Arbok
|
|upkeep
|turn|45
|choice|move suckerpunch|move encore
|
|move|p1a: Arbok|Sucker Punch|p2a: Kadabra|[still]
|-fail|p1a: Arbok
|move|p2a: Kadabra|Encore|p1a: Arbok
|-fail|p1a: Arbok
|
|-end|p1a: Arbok|Encore
|upkeep
|turn|46
|choice|move icefang|move psychic
|
|move|p2a: Kadabra|Psychic|p1a: Arbok
|-supereffective|p1a: Arbok
|-damage|p1a: Arbok|0 fnt
|faint|p1a: Arbok
|
|win|PD
|l|TIBot
|c|☆PD|GG
|c|☆JeJi|GG
|l|JeJi</script>
</div>
<div class="battle-log battle-log-inline"><div class="inner"><div class="battle-options"></div><div class="inner"><div class="chat"><small>JeJi joined.</small></div><div class="chat"><small>PD joined.</small></div><div class=""><small>Format:</small> <br><strong>PU</strong></div><div class=""><small><em>Sleep Clause Mod:</em> Limit one foe put to sleep</small></div><div class=""><small><em>Species Clause:</em> Limit one of each Pokémon</small></div><div class=""><small><em>OHKO Clause:</em> OHKO moves are banned</small></div><div class=""><small><em>Moody Clause:</em> Moody is banned</small></div><div class=""><small><em>Evasion Moves Clause:</em> Evasion moves are banned</small></div><div class=""><small><em>Endless Battle Clause:</em> Forcing endless battles is banned</small></div><div class=""><small><em>HP Percentage Mod:</em> HP is shown in percentages</small></div><div class=""><small><em>Swagger Clause:</em> Swagger is banned</small></div><div class=""><small><em>Baton Pass Clause:</em> Limit one Baton Passer, can't pass Spe and other stats simultaneously</small></div><div class="chat battle-history"><strong>JeJi's team:</strong> <em style="color:#445566;display:block;">Arbok / Golem / Ursaring / Regice / Gourgeist-* / Mr. Mime</em></div><div class="chat battle-history"><strong>PD's team:</strong> <em style="color:#445566;display:block;">Regigigas / Diglett / Carbink / Cryogonal / Kadabra / Gourgeist-*</em></div><div class="chat"><small>TIBot joined.</small></div><div class="chat"><small>Beacs joined.</small></div><div class="chat"><small>warstash joined.</small></div><div class="chat chatmessage-pd"><strong style="color:hsl(13,80%,42%)"><small>☆</small><span class="username" data-name="PD">PD</span>:</strong> <em>memed on</em></div><div class="chat chatmessage-pd"><strong style="color:hsl(13,80%,42%)"><small>☆</small><span class="username" data-name="PD">PD</span>:</strong> <em>s/o's tone</em></div><div class="spacer battle-history"><br></div><div class="battle-history">Battle started between JeJi and PD!<br></div><div class="spacer battle-history"><br></div><div class="battle-history">Go! <strong>Golem</strong>!<br></div><div class="spacer battle-history"><br></div><div class="battle-history">PD sent out <strong>Carbink</strong>!<br></div><div class="spacer battle-history"><br></div><h2 class="battle-history">Turn 1</h2><div class="spacer battle-history"><br></div><div class="battle-history">PD withdrew Carbink!<br></div><div class="battle-history">PD sent out Gourgeist (<strong>Gourgeist-Super</strong>)!<br></div><div class="battle-history"><small>[The opposing Gourgeist's Frisk]</small><br><small>The opposing Gourgeist frisked Golem and found its Custap Berry!</small><br></div><div class="spacer battle-history"><br></div><div class="battle-history">Golem used <strong>Stealth Rock</strong>!<br></div><div class="battle-history"><small>Pointed stones float in the air around the opposing team!</small><br></div><div class="spacer battle-history"><br></div><h2 class="battle-history">Turn 2</h2><div class="spacer battle-history"><br></div><div class="battle-history">Golem, come back!<br></div><div class="battle-history">Go! <strong>Regice</strong>!<br></div><div class="spacer battle-history"><br></div><div class="battle-history">The opposing Gourgeist used <strong>Will-O-Wisp</strong>!<br></div><div class="battle-history"><small>Regice was burned!</small><br></div><div class="spacer battle-history"><br></div><div class="battle-history"><small>Regice was hurt by its burn!</small><br></div><div class="spacer battle-history"><br></div><h2 class="battle-history">Turn 3</h2><div class="spacer battle-history"><br></div><div class="battle-history">PD withdrew Gourgeist!<br></div><div class="battle-history">PD sent out <strong>Cryogonal</strong>!<br></div><div class="battle-history"><small>Pointed stones dug into the opposing Cryogonal!</small><br></div><div class="spacer battle-history"><br></div><div class="battle-history">Regice used <strong>Ice Beam</strong>!<br></div><div class="battle-history"><small>It's not very effective...</small><br></div><div class="battle-history"><small>(The opposing Cryogonal lost <abbr title="−54/280">19.3%</abbr> of its health!)</small><br></div><div class="spacer battle-history"><br></div><div class="battle-history"><small>The opposing Cryogonal restored a little HP using its Leftovers!</small><br></div><div class="battle-history"><small>Regice restored a little HP using its Leftovers!</small><br></div><div class="battle-history"><small>Regice was hurt by its burn!</small><br></div><div class="spacer battle-history"><br></div><h2 class="battle-history">Turn 4</h2><div class="spacer battle-history"><br></div><div class="battle-history">The opposing Cryogonal used <strong>Rapid Spin</strong>!<br></div><div class="battle-history"><small>(Regice lost <abbr title="−7/363">1.9%</abbr> of its health!)</small><br></div><div class="battle-history"><small>The pointed stones disappeared from around the opposing team!</small><br></div><div class="spacer battle-history"><br></div><div class="battle-history">Regice used <strong>Focus Blast</strong>!<br></div><div class="battle-history"><small>The opposing Cryogonal avoided the attack!</small><br></div><div class="spacer battle-history"><br></div><div class="battle-history"><small>The opposing Cryogonal restored a little HP using its Leftovers!</small><br></div><div class="battle-history"><small>Regice restored a little HP using its Leftovers!</small><br></div><div class="battle-history"><small>Regice was hurt by its burn!</small><br></div><div class="spacer battle-history"><br></div><h2 class="battle-history">Turn 5</h2><div class="spacer battle-history"><br></div><div class="battle-history">PD withdrew Cryogonal!<br></div><div class="battle-history">PD sent out <strong>Carbink</strong>!<br></div><div class="spacer battle-history"><br></div><div class="battle-history">Regice used <strong>Thunder Wave</strong>!<br></div><div class="battle-history"><small>The opposing Carbink is paralyzed! It may be unable to move!</small><br></div><div class="spacer battle-history"><br></div><div class="battle-history"><small>Regice restored a little HP using its Leftovers!</small><br></div><div class="battle-history"><small>Regice was hurt by its burn!</small><br></div><div class="spacer battle-history"><br></div><h2 class="battle-history">Turn 6</h2><div class="spacer battle-history"><br></div><div class="battle-history">Regice, come back!<br></div><div class="battle-history">Go! <strong>Golem</strong>!<br></div><div class="spacer battle-history"><br></div><div class="battle-history">The opposing Carbink used <strong>Stealth Rock</strong>!<br></div><div class="battle-history"><small>Pointed stones float in the air around your team!</small><br></div><div class="spacer battle-history"><br></div><h2 class="battle-history">Turn 7</h2><div class="spacer battle-history"><br></div><div class="battle-history">Golem used <strong>Stealth Rock</strong>!<br></div><div class="battle-history"><small>Pointed stones float in the air around the opposing team!</small><br></div><div class="spacer battle-history"><br></div><div class="battle-history">The opposing Carbink used <strong>Reflect</strong>!<br></div><div class="battle-history"><small>Reflect made the opposing team stronger against physical moves!</small><br></div><div class="spacer battle-history"><br></div><h2 class="battle-history">Turn 8</h2><div class="spacer battle-history"><br></div><div class="battle-history">PD withdrew Carbink!<br></div><div class="battle-history">PD sent out Gourgeist (<strong>Gourgeist-Super</strong>)!<br></div><div class="battle-history"><small>Pointed stones dug into the opposing Gourgeist!</small><br></div><div class="battle-history"><small>[The opposing Gourgeist's Frisk]</small><br><small>The opposing Gourgeist frisked Golem and found its Custap Berry!</small><br></div><div class="spacer battle-history"><br></div><div class="battle-history">Golem used <strong>Earthquake</strong>!<br></div><div class="battle-history"><small>It's not very effective...</small><br></div><div class="battle-history"><small>(The opposing Gourgeist lost <abbr title="−31/374">8.3%</abbr> of its health!)</small><br></div><div class="spacer battle-history"><br></div><div class="battle-history"><small>The opposing Gourgeist restored a little HP using its Leftovers!</small><br></div><div class="spacer battle-history"><br></div><h2 class="battle-history">Turn 9</h2><div class="chat"><small>1cy joined.</small></div><div class="spacer battle-history"><br></div><div class="battle-history">PD withdrew Gourgeist!<br></div><div class="battle-history">PD sent out <strong>Diglett</strong>!<br></div><div class="battle-history"><small>Pointed stones dug into the opposing Diglett!</small><br></div><div class="spacer battle-history"><br></div><div class="battle-history">Golem used <strong>Rock Slide</strong>!<br></div><div class="battle-history"><small>It's not very effective...</small><br></div><div class="battle-history"><small>(The opposing Diglett lost <abbr title="−99/161">61.5%</abbr> of its health!)</small><br></div><div class="spacer battle-history"><br></div><h2 class="battle-history">Turn 10</h2><div class="chat chatmessage-pd"><strong style="color:hsl(13,80%,42%)"><small>☆</small><span class="username" data-name="PD">PD</span>:</strong> <em>who rock slides lol</em></div><div class="spacer battle-history"><br></div><div class="battle-history">PD withdrew Diglett!<br></div><div class="battle-history">PD sent out Gourgeist (<strong>Gourgeist-Super</strong>)!<br></div><div class="battle-history"><small>Pointed stones dug into the opposing Gourgeist!</small><br></div><div class="battle-history"><small>[The opposing Gourgeist's Frisk]</small><br><small>The opposing Gourgeist frisked Golem and found its Custap Berry!</small><br></div><div class="spacer battle-history"><br></div><div class="battle-history">Golem used <strong>Earthquake</strong>!<br></div><div class="battle-history"><small>It's not very effective...</small><br></div><div class="battle-history"><small>(The opposing Gourgeist lost <abbr title="−29/374">7.8%</abbr> of its health!)</small><br></div><div class="spacer battle-history"><br></div><div class="battle-history"><small>The opposing Gourgeist restored a little HP using its Leftovers!</small><br></div><div class="spacer battle-history"><br></div><h2 class="battle-history">Turn 11</h2><div class="spacer battle-history"><br></div><div class="battle-history">PD withdrew Gourgeist!<br></div><div class="battle-history">PD sent out <strong>Diglett</strong>!<br></div><div class="battle-history"><small>Pointed stones dug into the opposing Diglett!</small><br></div><div class="spacer battle-history"><br></div><div class="battle-history">Golem used <strong>Rock Slide</strong>!<br></div><div class="battle-history"><small>It's not very effective...</small><br></div><div class="battle-history"><small>(The opposing Diglett lost <abbr title="−42/161">26.1%</abbr> of its health!)</small><br></div><div class="spacer battle-history"><br></div><div class="battle-history">The opposing Diglett fainted!<br></div><div class="spacer battle-history"><br></div><div class="battle-history">PD sent out Gourgeist (<strong>Gourgeist-Super</strong>)!<br></div><div class="battle-history"><small>Pointed stones dug into the opposing Gourgeist!</small><br></div><div class="battle-history"><small>[The opposing Gourgeist's Frisk]</small><br><small>The opposing Gourgeist frisked Golem and found its Custap Berry!</small><br></div><div class="spacer battle-history"><br></div><h2 class="battle-history">Turn 12</h2><div class="chat"><small>1cy left.</small></div><div class="spacer battle-history"><br></div><div class="battle-history">Golem, come back!<br></div><div class="battle-history">Go! <strong>Regice</strong>!<br></div><div class="battle-history"><small>Pointed stones dug into Regice!</small><br></div><div class="spacer battle-history"><br></div><div class="battle-history">The opposing Gourgeist used <strong>Will-O-Wisp</strong>!<br></div><div class="battle-history"><small>Regice already has a burn.</small><br></div><div class="spacer battle-history"><br></div><div class="battle-history"><small>The opposing Gourgeist restored a little HP using its Leftovers!</small><br></div><div class="battle-history"><small>Regice restored a little HP using its Leftovers!</small><br></div><div class="battle-history"><small>Regice was hurt by its burn!</small><br></div><div class="spacer battle-history"><br></div><h2 class="battle-history">Turn 13</h2><div class="chat chatmessage-warstash"><strong style="color:hsl(336,76%,45%)"><small> </small><span class="username" data-name="warstash">warstash</span>:</strong> <em>gotta get the flinch</em></div><div class="spacer battle-history"><br></div><div class="battle-history">PD withdrew Gourgeist!<br></div><div class="battle-history">PD sent out <strong>Cryogonal</strong>!<br></div><div class="battle-history"><small>Pointed stones dug into the opposing Cryogonal!</small><br></div><div class="spacer battle-history"><br></div><div class="battle-history">Regice used <strong>Ice Beam</strong>!<br></div><div class="battle-history"><small>It's not very effective...</small><br></div><div class="battle-history"><small>(The opposing Cryogonal lost <abbr title="−52/280">18.6%</abbr> of its health!)</small><br></div><div class="spacer battle-history"><br></div><div class="battle-history"><small>The opposing Cryogonal restored a little HP using its Leftovers!</small><br></div><div class="battle-history"><small>Regice restored a little HP using its Leftovers!</small><br></div><div class="battle-history"><small>Regice was hurt by its burn!</small><br></div><div class="spacer battle-history"><br></div><h2 class="battle-history">Turn 14</h2><div class="spacer battle-history"><br></div><div class="battle-history">The opposing Cryogonal used <strong>Recover</strong>!<br></div><div class="battle-history"><small>The opposing Cryogonal restored its HP.</small><br></div><div class="spacer battle-history"><br></div><div class="battle-history">Regice used <strong>Focus Blast</strong>!<br></div><div class="battle-history"><small>It's super effective!</small><br></div><div class="battle-history"><small>(The opposing Cryogonal lost <abbr title="−202/280">72.1%</abbr> of its health!)</small><br></div><div class="spacer battle-history"><br></div><div class="battle-history"><small>The opposing Cryogonal restored a little HP using its Leftovers!</small><br></div><div class="battle-history"><small>Regice restored a little HP using its Leftovers!</small><br></div><div class="battle-history"><small>Regice was hurt by its burn!</small><br></div><div class="battle-history"><small>The opposing team's Reflect wore off!</small><br></div><div class="spacer battle-history"><br></div><h2 class="battle-history">Turn 15</h2><div class="spacer battle-history"><br></div><div class="battle-history">The opposing Cryogonal used <strong>Hidden Power</strong>!<br></div><div class="battle-history"><small>It's super effective!</small><br></div><div class="battle-history"><small>(Regice lost <abbr title="−66/363">18.2%</abbr> of its health!)</small><br></div><div class="spacer battle-history"><br></div><div class="battle-history">Regice used <strong>Thunderbolt</strong>!<br></div><div class="battle-history"><small>(The opposing Cryogonal lost <abbr title="−40/280">14.3%</abbr> of its health!)</small><br></div><div class="spacer battle-history"><br></div><div class="battle-history">The opposing Cryogonal fainted!<br></div><div class="spacer battle-history"><br></div><div class="battle-history"><small>Regice restored a little HP using its Leftovers!</small><br></div><div class="battle-history"><small>Regice was hurt by its burn!</small><br></div><div class="spacer battle-history"><br></div><div class="battle-history">Regice fainted!<br></div><div class="spacer battle-history"><br></div><div class="battle-history">PD sent out Gourgeist (<strong>Gourgeist-Super</strong>)!<br></div><div class="spacer battle-history"><br></div><div class="battle-history">Go! <strong>Golem</strong>!<br></div><div class="battle-history"><small>Pointed stones dug into the opposing Gourgeist!</small><br></div><div class="battle-history"><small>[The opposing Gourgeist's Frisk]</small><br><small>The opposing Gourgeist frisked Golem and found its Custap Berry!</small><br></div><div class="battle-history"><small>Pointed stones dug into Golem!</small><br></div><div class="spacer battle-history"><br></div><h2 class="battle-history">Turn 16</h2><div class="spacer battle-history"><br></div><div class="battle-history">Golem, come back!<br></div><div class="battle-history">Go! <strong>Mr. Mime</strong>!<br></div><div class="battle-history"><small>Pointed stones dug into Mr. Mime!</small><br></div><div class="spacer battle-history"><br></div><div class="battle-history">The opposing Gourgeist used <strong>Synthesis</strong>!<br></div><div class="battle-history"><small>The opposing Gourgeist restored its HP.</small><br></div><div class="spacer battle-history"><br></div><h2 class="battle-history">Turn 17</h2><div class="spacer battle-history"><br></div><div class="battle-history">PD withdrew Gourgeist!<br></div><div class="battle-history">PD sent out <strong>Carbink</strong>!<br></div><div class="battle-history"><small>Pointed stones dug into the opposing Carbink!</small><br></div><div class="spacer battle-history"><br></div><div class="battle-history">Mr. Mime used <strong>Icy Wind</strong>!<br></div><div class="battle-history"><small>(The opposing Carbink lost <abbr title="−47/304">15.5%</abbr> of its health!)</small><br></div><div class="battle-history"><small>The opposing Carbink's Speed fell!</small><br></div><div class="spacer battle-history"><br></div><h2 class="battle-history">Turn 18</h2><div class="spacer battle-history"><br></div><div class="battle-history">Mr. Mime used <strong>Charge Beam</strong>!<br></div><div class="battle-history"><small>(The opposing Carbink lost <abbr title="−42/304">13.8%</abbr> of its health!)</small><br></div><div class="battle-history"><small>Mr. Mime's Special Attack rose!</small><br></div><div class="spacer battle-history"><br></div><div class="battle-history">The opposing Carbink used <strong>Light Screen</strong>!<br></div><div class="battle-history"><small>Light Screen made the opposing team stronger against special moves!</small><br></div><div class="spacer battle-history"><br></div><h2 class="battle-history">Turn 19</h2><div class="spacer battle-history"><br></div><div class="battle-history">Mr. Mime used <strong>Psychic</strong>!<br></div><div class="battle-history"><small>(The opposing Carbink lost <abbr title="−60/304">19.7%</abbr> of its health!)</small><br></div><div class="spacer battle-history"><br></div><div class="battle-history">The opposing Carbink used <strong>Stone Edge</strong>!<br></div><div class="battle-history"><small>(Mr. Mime lost <abbr title="−102/221">46.2%</abbr> of its health!)</small><br></div><div class="spacer battle-history"><br></div><h2 class="battle-history">Turn 20</h2><div class="spacer battle-history"><br></div><div class="battle-history">Mr. Mime used <strong>Psychic</strong>!<br></div><div class="battle-history"><small>A critical hit!</small><br></div><div class="battle-history"><small>(The opposing Carbink lost <abbr title="−117/304">38.5%</abbr> of its health!)</small><br></div><div class="spacer battle-history"><br></div><div class="battle-history">The opposing Carbink fainted!<br></div><div class="spacer battle-history"><br></div><div class="battle-history">PD sent out <strong>Regigigas</strong>!<br></div><div class="battle-history"><small>Pointed stones dug into the opposing Regigigas!</small><br></div><div class="battle-history"><small>[The opposing Regigigas's Slow Start]</small><br><small>The opposing Regigigas can't get it going!</small><br></div><div class="spacer battle-history"><br></div><h2 class="battle-history">Turn 21</h2><div class="spacer battle-history"><br></div><div class="battle-history">Mr. Mime used <strong>Icy Wind</strong>!<br></div><div class="battle-history"><small>(The opposing Regigigas lost <abbr title="−56/424">13.2%</abbr> of its health!)</small><br></div><div class="battle-history"><small>The opposing Regigigas's Speed fell!</small><br></div><div class="spacer battle-history"><br></div><div class="battle-history">The opposing Regigigas used <strong>Confuse Ray</strong>!<br></div><div class="battle-history"><small>Mr. Mime became confused!</small><br></div><div class="spacer battle-history"><br></div><div class="battle-history"><small>The opposing Regigigas restored a little HP using its Leftovers!</small><br></div><div class="spacer battle-history"><br></div><h2 class="battle-history">Turn 22</h2><div class="spacer battle-history"><br></div><div class="battle-history"><small>Mr. Mime is confused!</small><br></div><div class="battle-history">It hurt itself in its confusion!<br></div><div class="spacer battle-history"><br></div><div class="battle-history">The opposing Regigigas used <strong>Substitute</strong>!<br></div><div class="battle-history"><small>The opposing Regigigas put in a substitute!</small><br></div><div class="battle-history"><small>(The opposing Regigigas lost <abbr title="−106/424">25%</abbr> of its health!)</small><br></div><div class="spacer battle-history"><br></div><div class="battle-history"><small>The opposing Regigigas restored a little HP using its Leftovers!</small><br></div><div class="spacer battle-history"><br></div><h2 class="battle-history">Turn 23</h2><div class="spacer battle-history"><br></div><div class="battle-history"><small>Mr. Mime is confused!</small><br></div><div class="battle-history">It hurt itself in its confusion!<br></div><div class="spacer battle-history"><br></div><div class="battle-history">The opposing Regigigas used <strong>Return</strong>!<br></div><div class="battle-history"><small>A critical hit!</small><br></div><div class="battle-history"><small>(Mr. Mime lost <abbr title="−40/221">18.1%</abbr> of its health!)</small><br></div><div class="spacer battle-history"><br></div><div class="battle-history">Mr. Mime fainted!<br></div><div class="spacer battle-history"><br></div><div class="battle-history"><small>The opposing Regigigas restored a little HP using its Leftovers!</small><br></div><div class="spacer battle-history"><br></div><div class="battle-history">Go! <strong>Golem</strong>!<br></div><div class="battle-history"><small>Pointed stones dug into Golem!</small><br></div><div class="spacer battle-history"><br></div><h2 class="battle-history">Turn 24</h2><div class="spacer battle-history"><br></div><div class="battle-history">Golem used <strong>Earthquake</strong>!<br></div><div class="battle-history"><small>The opposing Regigigas's substitute faded!</small><br></div><div class="spacer battle-history"><br></div><div class="battle-history">The opposing Regigigas used <strong>Toxic</strong>!<br></div><div class="battle-history"><small>Golem was badly poisoned!</small><br></div><div class="spacer battle-history"><br></div><div class="battle-history"><small>The opposing Regigigas restored a little HP using its Leftovers!</small><br></div><div class="battle-history"><small>Golem was hurt by poison!</small><br></div><div class="spacer battle-history"><br></div><h2 class="battle-history">Turn 25</h2><div class="spacer battle-history"><br></div><div class="battle-history">Golem used <strong>Earthquake</strong>!<br></div><div class="battle-history"><small>(The opposing Regigigas lost <abbr title="−171/424">40.3%</abbr> of its health!)</small><br></div><div class="spacer battle-history"><br></div><div class="battle-history">The opposing Regigigas used <strong>Confuse Ray</strong>!<br></div><div class="battle-history"><small>Golem became confused!</small><br></div><div class="spacer battle-history"><br></div><div class="battle-history"><small>The opposing Regigigas finally got its act together!</small><br></div><div class="battle-history"><small>The opposing Regigigas restored a little HP using its Leftovers!</small><br></div><div class="battle-history"><small>Golem was hurt by poison!</small><br></div><div class="battle-history"><small>The opposing team's Light Screen wore off!</small><br></div><div class="spacer battle-history"><br></div><h2 class="battle-history">Turn 26</h2><div class="spacer battle-history"><br></div><div class="battle-history">The opposing Regigigas used <strong>Substitute</strong>!<br></div><div class="battle-history"><small>The opposing Regigigas put in a substitute!</small><br></div><div class="battle-history"><small>(The opposing Regigigas lost <abbr title="−106/424">25%</abbr> of its health!)</small><br></div><div class="spacer battle-history"><br></div><div class="battle-history"><small>Golem is confused!</small><br></div><div class="battle-history">It hurt itself in its confusion!<br></div><div class="spacer battle-history"><br></div><div class="battle-history"><small>The opposing Regigigas restored a little HP using its Leftovers!</small><br></div><div class="battle-history"><small>Golem was hurt by poison!</small><br></div><div class="spacer battle-history"><br></div><h2 class="battle-history">Turn 27</h2><div class="spacer battle-history"><br></div><div class="battle-history">The opposing Regigigas used <strong>Return</strong>!<br></div><div class="battle-history"><small>It's not very effective...</small><br></div><div class="battle-history"><small>(Golem lost <abbr title="−101/363">27.8%</abbr> of its health!)</small><br></div><div class="spacer battle-history"><br></div><div class="battle-history"><small>Golem is confused!</small><br></div><div class="battle-history">Golem used <strong>Earthquake</strong>!<br></div><div class="battle-history"><small>A critical hit!</small><br></div><div class="battle-history"><small>The opposing Regigigas's substitute faded!</small><br></div><div class="spacer battle-history"><br></div><div class="battle-history"><small>The opposing Regigigas restored a little HP using its Leftovers!</small><br></div><div class="battle-history"><small>Golem was hurt by poison!</small><br></div><div class="spacer battle-history"><br></div><div class="battle-history">Golem fainted!<br></div><div class="spacer battle-history"><br></div><div class="battle-history">Go! Gourgeist (<strong>Gourgeist-Super</strong>)!<br></div><div class="battle-history"><small>Pointed stones dug into Gourgeist!</small><br></div><div class="battle-history"><small>[Gourgeist's Frisk]</small><br><small>Gourgeist frisked the opposing Regigigas and found its Leftovers!</small><br></div><div class="spacer battle-history"><br></div><h2 class="battle-history">Turn 28</h2><div class="spacer battle-history"><br></div><div class="battle-history">The opposing Regigigas used <strong>Toxic</strong>!<br></div><div class="battle-history"><small>Gourgeist was badly poisoned!</small><br></div><div class="spacer battle-history"><br></div><div class="battle-history">Gourgeist used <strong>Foul Play</strong>!<br></div><div class="battle-history"><small>(The opposing Regigigas lost <abbr title="−114/424">26.9%</abbr> of its health!)</small><br></div><div class="spacer battle-history"><br></div><div class="battle-history">The opposing Regigigas fainted!<br></div><div class="spacer battle-history"><br></div><div class="battle-history"><small>Gourgeist was hurt by poison!</small><br></div><div class="spacer battle-history"><br></div><div class="battle-history">PD sent out Gourgeist (<strong>Gourgeist-Super</strong>)!<br></div><div class="battle-history"><small>Pointed stones dug into the opposing Gourgeist!</small><br></div><div class="battle-history"><small>[The opposing Gourgeist's Frisk]</small><br><small>The opposing Gourgeist frisked Gourgeist and found its Colbur Berry!</small><br></div><div class="spacer battle-history"><br></div><h2 class="battle-history">Turn 29</h2><div class="chat"><small>Based Loser joined.</small></div><div class="spacer battle-history"><br></div><div class="battle-history">Gourgeist used <strong>Will-O-Wisp</strong>!<br></div><div class="battle-history"><small>The opposing Gourgeist was burned!</small><br></div><div class="spacer battle-history"><br></div><div class="battle-history">The opposing Gourgeist used <strong>Seed Bomb</strong>!<br></div><div class="battle-history"><small>It's not very effective...</small><br></div><div class="battle-history"><small>(Gourgeist lost <abbr title="−13/374">3.5%</abbr> of its health!)</small><br></div><div class="spacer battle-history"><br></div><div class="battle-history"><small>The opposing Gourgeist restored a little HP using its Leftovers!</small><br></div><div class="battle-history"><small>The opposing Gourgeist was hurt by its burn!</small><br></div><div class="battle-history"><small>Gourgeist was hurt by poison!</small><br></div><div class="spacer battle-history"><br></div><h2 class="battle-history">Turn 30</h2><div class="spacer battle-history"><br></div><div class="battle-history">Gourgeist used <strong>Foul Play</strong>!<br></div><div class="battle-history"><small>It's super effective!</small><br></div><div class="battle-history"><small>(The opposing Gourgeist lost <abbr title="−94/374">25.1%</abbr> of its health!)</small><br></div><div class="spacer battle-history"><br></div><div class="battle-history">The opposing Gourgeist used <strong>Seed Bomb</strong>!<br></div><div class="battle-history"><small>It's not very effective...</small><br></div><div class="battle-history"><small>(Gourgeist lost <abbr title="−14/374">3.7%</abbr> of its health!)</small><br></div><div class="spacer battle-history"><br></div><div class="battle-history"><small>The opposing Gourgeist restored a little HP using its Leftovers!</small><br></div><div class="battle-history"><small>Gourgeist was hurt by poison!</small><br></div><div class="battle-history"><small>The opposing Gourgeist was hurt by its burn!</small><br></div><div class="spacer battle-history"><br></div><h2 class="battle-history">Turn 31</h2><div class="spacer battle-history"><br></div><div class="battle-history">The opposing Gourgeist used <strong>Seed Bomb</strong>!<br></div><div class="battle-history"><small>It's not very effective...</small><br></div><div class="battle-history"><small>(Gourgeist lost <abbr title="−15/374">4.0%</abbr> of its health!)</small><br></div><div class="spacer battle-history"><br></div><div class="battle-history">Gourgeist used <strong>Foul Play</strong>!<br></div><div class="battle-history"><small>It's super effective!</small><br></div><div class="battle-history"><small>(The opposing Gourgeist lost <abbr title="−98/374">26.2%</abbr> of its health!)</small><br></div><div class="spacer battle-history"><br></div><div class="battle-history"><small>The opposing Gourgeist restored a little HP using its Leftovers!</small><br></div><div class="battle-history"><small>The opposing Gourgeist was hurt by its burn!</small><br></div><div class="battle-history"><small>Gourgeist was hurt by poison!</small><br></div><div class="spacer battle-history"><br></div><h2 class="battle-history">Turn 32</h2><div class="spacer battle-history"><br></div><div class="battle-history">Gourgeist used <strong>Synthesis</strong>!<br></div><div class="battle-history"><small>Gourgeist restored its HP.</small><br></div><div class="spacer battle-history"><br></div><div class="battle-history">The opposing Gourgeist used <strong>Seed Bomb</strong>!<br></div><div class="battle-history"><small>It's not very effective...</small><br></div><div class="battle-history"><small>(Gourgeist lost <abbr title="−13/374">3.5%</abbr> of its health!)</small><br></div><div class="spacer battle-history"><br></div><div class="battle-history"><small>The opposing Gourgeist restored a little HP using its Leftovers!</small><br></div><div class="battle-history"><small>Gourgeist was hurt by poison!</small><br></div><div class="battle-history"><small>The opposing Gourgeist was hurt by its burn!</small><br></div><div class="spacer battle-history"><br></div><h2 class="battle-history">Turn 33</h2><div class="spacer battle-history"><br></div><div class="battle-history">PD withdrew Gourgeist!<br></div><div class="battle-history">PD sent out <strong>Kadabra</strong>!<br></div><div class="spacer battle-history"><br></div><div class="battle-history">Gourgeist used <strong>Synthesis</strong>!<br></div><div class="battle-history"><small>Gourgeist restored its HP.</small><br></div><div class="spacer battle-history"><br></div><div class="battle-history"><small>Gourgeist was hurt by poison!</small><br></div><div class="spacer battle-history"><br></div><h2 class="battle-history">Turn 34</h2><div class="spacer battle-history"><br></div><div class="battle-history">The opposing Kadabra used <strong>Encore</strong>!<br></div><div class="battle-history"><small>Gourgeist received an encore!</small><br></div><div class="spacer battle-history"><br></div><div class="battle-history">Gourgeist used <strong>Synthesis</strong>!<br></div><div class="battle-history"><small>Gourgeist restored its HP.</small><br></div><div class="spacer battle-history"><br></div><div class="battle-history"><small>Gourgeist was hurt by poison!</small><br></div><div class="spacer battle-history"><br></div><h2 class="battle-history">Turn 35</h2><div class="spacer battle-history"><br></div><div class="battle-history">The opposing Kadabra used <strong>Psychic</strong>!<br></div><div class="battle-history"><small>(Gourgeist lost <abbr title="−190/374">50.8%</abbr> of its health!)</small><br></div><div class="spacer battle-history"><br></div><div class="battle-history">Gourgeist fainted!<br></div><div class="spacer battle-history"><br></div><div class="battle-history">Go! <strong>Ursaring</strong>!<br></div><div class="battle-history"><small>Pointed stones dug into Ursaring!</small><br></div><div class="spacer battle-history"><br></div><h2 class="battle-history">Turn 36</h2><div class="spacer battle-history"><br></div><div class="battle-history">The opposing Kadabra used <strong>Psychic</strong>!<br></div><div class="battle-history"><small>(Ursaring lost <abbr title="−186/321">57.9%</abbr> of its health!)</small><br></div><div class="spacer battle-history"><br></div><div class="battle-history">Ursaring used <strong>Facade</strong>!<br></div><div class="battle-history"><small>The opposing Kadabra hung on using its Focus Sash!</small><br></div><div class="battle-history"><small>(The opposing Kadabra lost <abbr title="−220/221">99.5%</abbr> of its health!)</small><br></div><div class="spacer battle-history"><br></div><div class="battle-history"><small>Ursaring was badly poisoned!</small><br></div><div class="spacer battle-history"><br></div><h2 class="battle-history">Turn 37</h2><div class="spacer battle-history"><br></div><div class="battle-history">The opposing Kadabra used <strong>Psychic</strong>!<br></div><div class="battle-history"><small>(Ursaring lost <abbr title="−95/321">29.6%</abbr> of its health!)</small><br></div><div class="spacer battle-history"><br></div><div class="battle-history">Ursaring fainted!<br></div><div class="spacer battle-history"><br></div><div class="battle-history">Go! <strong>Arbok</strong>!<br></div><div class="battle-history"><small>Pointed stones dug into Arbok!</small><br></div><div class="battle-history"><small>[Arbok's Intimidate]</small><br></div><div class="battle-history"><small>The opposing Kadabra's Attack fell!</small><br></div><div class="spacer battle-history"><br></div><h2 class="battle-history">Turn 38</h2><div class="spacer battle-history"><br></div><div class="battle-history">Arbok used <strong>Sucker Punch</strong>!<br></div><div class="battle-history"><small>But it failed!</small><br></div><div class="spacer battle-history"><br></div><div class="battle-history">The opposing Kadabra used <strong>Encore</strong>!<br></div><div class="battle-history"><small>Arbok received an encore!</small><br></div><div class="spacer battle-history"><br></div><div class="battle-history"><small>Arbok restored a little HP using its Black Sludge!</small><br></div><div class="spacer battle-history"><br></div><h2 class="battle-history">Turn 39</h2><div class="spacer battle-history"><br></div><div class="battle-history">PD withdrew Kadabra!<br></div><div class="battle-history">PD sent out Gourgeist (<strong>Gourgeist-Super</strong>)!<br></div><div class="battle-history"><small>Pointed stones dug into the opposing Gourgeist!</small><br></div><div class="spacer battle-history"><br></div><div class="battle-history">The opposing Gourgeist fainted!<br></div><div class="battle-history">Arbok used <strong>Sucker Punch</strong>!<br></div><div class="battle-history"><small>But there was no target...</small><br></div><div class="spacer battle-history"><br></div><div class="battle-history"><small>Arbok restored a little HP using its Black Sludge!</small><br></div><div class="spacer battle-history"><br></div><div class="battle-history">PD sent out <strong>Kadabra</strong>!<br></div><div class="spacer battle-history"><br></div><h2 class="battle-history">Turn 40</h2><div class="spacer battle-history"><br></div><div class="battle-history">Arbok used <strong>Sucker Punch</strong>!<br></div><div class="battle-history"><small>But it failed!</small><br></div><div class="spacer battle-history"><br></div><div class="battle-history">The opposing Kadabra used <strong>Encore</strong>!<br></div><div class="battle-history"><small>But it failed!</small><br></div><div class="spacer battle-history"><br></div><h2 class="battle-history">Turn 41</h2><div class="spacer battle-history"><br></div><div class="battle-history">Arbok used <strong>Sucker Punch</strong>!<br></div><div class="battle-history"><small>But it failed!</small><br></div><div class="spacer battle-history"><br></div><div class="battle-history">The opposing Kadabra used <strong>Encore</strong>!<br></div><div class="battle-history"><small>But it failed!</small><br></div><div class="spacer battle-history"><br></div><div class="battle-history"><small>Arbok's encore ended!</small><br></div><div class="spacer battle-history"><br></div><h2 class="battle-history">Turn 42</h2><div class="spacer battle-history"><br></div><div class="battle-history">Arbok used <strong>Sucker Punch</strong>!<br></div><div class="battle-history"><small>But it failed!</small><br></div><div class="spacer battle-history"><br></div><div class="battle-history">The opposing Kadabra used <strong>Encore</strong>!<br></div><div class="battle-history"><small>Arbok received an encore!</small><br></div><div class="spacer battle-history"><br></div><h2 class="battle-history">Turn 43</h2><div class="spacer battle-history"><br></div><div class="battle-history">Arbok used <strong>Sucker Punch</strong>!<br></div><div class="battle-history"><small>But it failed!</small><br></div><div class="spacer battle-history"><br></div><div class="battle-history">The opposing Kadabra used <strong>Encore</strong>!<br></div><div class="battle-history"><small>But it failed!</small><br></div><div class="spacer battle-history"><br></div><h2 class="battle-history">Turn 44</h2><div class="spacer battle-history"><br></div><div class="battle-history">Arbok used <strong>Sucker Punch</strong>!<br></div><div class="battle-history"><small>But it failed!</small><br></div><div class="spacer battle-history"><br></div><div class="battle-history">The opposing Kadabra used <strong>Encore</strong>!<br></div><div class="battle-history"><small>But it failed!</small><br></div><div class="spacer battle-history"><br></div><h2 class="battle-history">Turn 45</h2><div class="spacer battle-history"><br></div><div class="battle-history">Arbok used <strong>Sucker Punch</strong>!<br></div><div class="battle-history"><small>But it failed!</small><br></div><div class="spacer battle-history"><br></div><div class="battle-history">The opposing Kadabra used <strong>Encore</strong>!<br></div><div class="battle-history"><small>But it failed!</small><br></div><div class="spacer battle-history"><br></div><div class="battle-history"><small>Arbok's encore ended!</small><br></div><div class="spacer battle-history"><br></div><h2 class="battle-history">Turn 46</h2><div class="spacer battle-history"><br></div><div class="battle-history">The opposing Kadabra used <strong>Psychic</strong>!<br></div><div class="battle-history"><small>It's super effective!</small><br></div><div class="battle-history"><small>(Arbok lost <abbr title="−324/324">100%</abbr> of its health!)</small><br></div><div class="spacer battle-history"><br></div><div class="battle-history">Arbok fainted!<br></div><div class="spacer battle-history"><br></div><div class="battle-history"><strong>PD</strong> won the battle!<br></div><div class="chat"><small>TIBot left.</small></div><div class="chat chatmessage-pd"><strong style="color:hsl(13,80%,42%)"><small>☆</small><span class="username" data-name="PD">PD</span>:</strong> <em>GG</em></div><div class="chat chatmessage-jeji"><strong style="color:hsl(109,51%,40%)"><small>☆</small><span class="username" data-name="JeJi">JeJi</span>:</strong> <em>GG</em></div><div class="chat"><small>JeJi left.</small></div></div><div class="inner-preempt"></div></div></div>
</div>
<script>
let daily = Math.floor(Date.now()/1000/60/60/24);document.write('<script src="https://play.pokemonshowdown.com/js/replay-embed.js?version'+daily+'"></'+'script>');
</script>
