<!DOCTYPE html>
<meta charset="utf-8" />
<!-- version 1 -->
<title>PU replay: 2xTheTap vs. pinktidal</title>
<style>
html,body {font-family:Verdana, sans-serif;font-size:10pt;margin:0;padding:0;}body{padding:12px 0;} .battle-log {font-family:Verdana, sans-serif;font-size:10pt;} .battle-log-inline {border:1px solid #AAAAAA;background:#EEF2F5;color:black;max-width:640px;margin:0 auto 80px;padding-bottom:5px;} .battle-log .inner {padding:4px 8px 0px 8px;} .battle-log .inner-preempt {padding:0 8px 4px 8px;} .battle-log .inner-after {margin-top:0.5em;} .battle-log h2 {margin:0.5em -8px;padding:4px 8px;border:1px solid #AAAAAA;background:#E0E7EA;border-left:0;border-right:0;font-family:Verdana, sans-serif;font-size:13pt;} .battle-log .chat {vertical-align:middle;padding:3px 0 3px 0;font-size:8pt;} .battle-log .chat strong {color:#40576A;} .battle-log .chat em {padding:1px 4px 1px 3px;color:#000000;font-style:normal;} .chat.mine {background:rgba(0,0,0,0.05);margin-left:-8px;margin-right:-8px;padding-left:8px;padding-right:8px;} .spoiler {color:#BBBBBB;background:#BBBBBB;padding:0px 3px;} .spoiler:hover, .spoiler:active, .spoiler-shown {color:#000000;background:#E2E2E2;padding:0px 3px;} .spoiler a {color:#BBBBBB;} .spoiler:hover a, .spoiler:active a, .spoiler-shown a {color:#2288CC;} .chat code, .chat .spoiler:hover code, .chat .spoiler:active code, .chat .spoiler-shown code {border:1px solid #C0C0C0;background:#EEEEEE;color:black;padding:0 2px;} .chat .spoiler code {border:1px solid #CCCCCC;background:#CCCCCC;color:#CCCCCC;} .battle-log .rated {padding:3px 4px;} .battle-log .rated strong {color:white;background:#89A;padding:1px 4px;border-radius:4px;} .spacer {margin-top:0.5em;} .message-announce {background:#6688AA;color:white;padding:1px 4px 2px;} .message-announce a, .broadcast-green a, .broadcast-blue a, .broadcast-red a {color:#DDEEFF;} .broadcast-green {background-color:#559955;color:white;padding:2px 4px;} .broadcast-blue {background-color:#6688AA;color:white;padding:2px 4px;} .infobox {border:1px solid #6688AA;padding:2px 4px;} .infobox-limited {max-height:200px;overflow:auto;overflow-x:hidden;} .broadcast-red {background-color:#AA5544;color:white;padding:2px 4px;} .message-learn-canlearn {font-weight:bold;color:#228822;text-decoration:underline;} .message-learn-cannotlearn {font-weight:bold;color:#CC2222;text-decoration:underline;} .message-effect-weak {font-weight:bold;color:#CC2222;} .message-effect-resist {font-weight:bold;color:#6688AA;} .message-effect-immune {font-weight:bold;color:#666666;} .message-learn-list {margin-top:0;margin-bottom:0;} .message-throttle-notice, .message-error {color:#992222;} .message-overflow, .chat small.message-overflow {font-size:0pt;} .message-overflow::before {font-size:9pt;content:'...';} .subtle {color:#3A4A66;}
</style>
<div class="wrapper replay-wrapper" style="max-width:1180px;margin:0 auto">
<input type="hidden" name="replayid" value="pu-585844250" />
<div class="battle"></div><div class="battle-log"></div><div class="replay-controls"></div><div class="replay-controls-2"></div>
<h1 style="font-weight:normal;text-align:center"><strong>PU</strong><br /><a href="http://pokemonshowdown.com/users/2xthetap" class="subtle" target="_blank">2xTheTap</a> vs. <a href="http://pokemonshowdown.com/users/pinktidal" class="subtle" target="_blank">pinktidal</a></h1>
<script type="text/plain" class="battle-log-data">|j|2xTheTap
|j|pinktidal
|player|p1|2xTheTap|#2xthetap
|teamsize|p1|6
|player|p2|pinktidal|57
|teamsize|p2|6
|gametype|singles
|gen|6
|tier|PU
|seed|36461,21921,31755,29470
|rule|Sleep Clause Mod: Limit one foe put to sleep
|rule|Species Clause: Limit one of each Pokémon
|rule|OHKO Clause: OHKO moves are banned
|rule|Moody Clause: Moody is banned
|rule|Evasion Moves Clause: Evasion moves are banned
|rule|Endless Battle Clause: Forcing endless battles is banned
|rule|HP Percentage Mod: HP is shown in percentages
|clearpoke
|poke|p1|Chatot, F|item
|poke|p1|Wartortle, M|item
|poke|p1|Zebstrika, F|item
|poke|p1|Golem, M|item
|poke|p1|Ninetales, F|item
|poke|p1|Quilladin, F|item
|poke|p2|Kricketune, M|item
|poke|p2|Marowak, F|item
|poke|p2|Camerupt, F|item
|poke|p2|Ursaring, F|item
|poke|p2|Misdreavus, F|item
|poke|p2|Luxray, F|item
|rule|Swagger Clause: Swagger is banned
|rule|Baton Pass Clause: Limit one Baton Passer, can't pass Spe and other stats simultaneously
|teampreview
|j|PokemonMasterTJ
|c|☆pinktidal|gl hf
|j|BigBoners
|choice|team 5, team 2, team 3, team 4, team 1, team 6|team 1, team 2, team 3, team 4, team 5, team 6
|
|start
|switch|p1a: Ninetales|Ninetales, F|287\/287
|switch|p2a: Kricketune|Kricketune, M|295\/295
|turn|1
|c|☆2xTheTap|u2
|choice|move willowisp|move stickyweb
|
|move|p1a: Ninetales|Will-O-Wisp|p2a: Kricketune
|-status|p2a: Kricketune|brn
|move|p2a: Kricketune|Sticky Web|p1a: Ninetales
|-sidestart|p1: 2xTheTap|move: Sticky Web
|
|-damage|p2a: Kricketune|259\/295 brn|[from] brn
|upkeep
|turn|2
|choice|move fireblast|move knockoff
|
|move|p1a: Ninetales|Fire Blast|p2a: Kricketune
|-supereffective|p2a: Kricketune
|-damage|p2a: Kricketune|0 fnt
|faint|p2a: Kricketune
|
|upkeep
|choice||switch 3
|
|switch|p2a: Camerupt|Camerupt, F|281\/281
|turn|3
|choice|switch 5|move earthpower
|
|switch|p1a: Chatot|Chatot, F|293\/293
|move|p2a: Camerupt|Earth Power|p1a: Chatot
|-immune|p1a: Chatot|[msg]
|
|upkeep
|turn|4
|choice|move uturn|switch 5
|
|switch|p2a: Misdreavus|Misdreavus, F|261\/261
|move|p1a: Chatot|U-turn|p2a: Misdreavus
|-resisted|p2a: Misdreavus
|-damage|p2a: Misdreavus|242\/261
|choice|switch 2|
|
|switch|p1a: Wartortle|Wartortle, M|321\/321
|-activate|p1a: Wartortle|move: Sticky Web
|-unboost|p1a: Wartortle|spe|1
|
|upkeep
|turn|5
|choice|move foresight|move taunt
|
|move|p2a: Misdreavus|Taunt|p1a: Wartortle
|-start|p1a: Wartortle|move: Taunt
|cant|p1a: Wartortle|move: Taunt|Foresight
|
|upkeep
|turn|6
|j|TONE
|choice|move scald|move nastyplot
|
|move|p2a: Misdreavus|Nasty Plot|p2a: Misdreavus
|-boost|p2a: Misdreavus|spa|2
|move|p1a: Wartortle|Scald|p2a: Misdreavus
|-damage|p2a: Misdreavus|194\/261
|
|upkeep
|turn|7
|choice|switch 6|move shadowball
|
|switch|p1a: Quilladin|Quilladin, F|263\/263
|-activate|p1a: Quilladin|move: Sticky Web
|-unboost|p1a: Quilladin|spe|1
|move|p2a: Misdreavus|Shadow Ball|p1a: Quilladin
|-immune|p1a: Quilladin|[msg]|[from] ability: Bulletproof
|
|upkeep
|turn|8
|choice|move woodhammer|move hiddenpower
|
|move|p2a: Misdreavus|Hidden Power|p1a: Quilladin
|-damage|p1a: Quilladin|146\/263
|move|p1a: Quilladin|Wood Hammer|p2a: Misdreavus
|-damage|p2a: Misdreavus|26\/261
|-damage|p1a: Quilladin|91\/263|[from] Recoil|[of] p2a: Misdreavus
|
|upkeep
|turn|9
|choice|move woodhammer|move hiddenpower
|
|move|p2a: Misdreavus|Hidden Power|p1a: Quilladin
|-damage|p1a: Quilladin|0 fnt
|faint|p1a: Quilladin
|
|upkeep
|choice|switch 2|
|
|switch|p1a: Chatot|Chatot, F|293\/293
|turn|10
|choice|move uturn|switch 6
|
|switch|p2a: Luxray|Luxray, F|301\/301
|-ability|p2a: Luxray|Intimidate|boost
|-unboost|p1a: Chatot|atk|1
|move|p1a: Chatot|U-turn|p2a: Luxray
|-damage|p2a: Luxray|271\/301
|choice|switch 4|
|
|switch|p1a: Golem|Golem, M|363\/363
|-activate|p1a: Golem|move: Sticky Web
|-unboost|p1a: Golem|spe|1
|
|upkeep
|turn|11
|choice|move stealthrock|switch 2
|
|switch|p2a: Marowak|Marowak, F|261\/261
|move|p1a: Golem|Stealth Rock|p2a: Marowak
|-sidestart|p2: pinktidal|move: Stealth Rock
|
|upkeep
|turn|12
|choice|switch 4|move bonemerang
|
|switch|p1a: Chatot|Chatot, F|293\/293
|move|p2a: Marowak|Bonemerang|p1a: Chatot
|-immune|p1a: Chatot|[msg]
|
|upkeep
|turn|13
|choice|move boomburst|move knockoff
|
|move|p1a: Chatot|Boomburst|p2a: Marowak
|-damage|p2a: Marowak|14\/261
|move|p2a: Marowak|Knock Off|p1a: Chatot
|-damage|p1a: Chatot|0 fnt
|-enditem|p1a: Chatot|Choice Scarf|[from] move: Knock Off|[of] p2a: Marowak
|faint|p1a: Chatot
|
|upkeep
|choice|switch 3|
|
|switch|p1a: Zebstrika|Zebstrika, F|291\/291
|-activate|p1a: Zebstrika|move: Sticky Web
|-unboost|p1a: Zebstrika|spe|1
|turn|14
|j|gastro ~(˘▾˘~)
|choice|move hiddenpower|move bonemerang
|
|move|p1a: Zebstrika|Hidden Power|p2a: Marowak
|-supereffective|p2a: Marowak
|-damage|p2a: Marowak|0 fnt
|faint|p2a: Marowak
|
|upkeep
|choice||switch 4
|
|switch|p2a: Ursaring|Ursaring, F|321\/321
|-damage|p2a: Ursaring|281\/321|[from] Stealth Rock
|turn|15
|choice|move substitute|move swordsdance
|
|move|p1a: Zebstrika|Substitute|p1a: Zebstrika
|-start|p1a: Zebstrika|Substitute
|-damage|p1a: Zebstrika|219\/291
|move|p2a: Ursaring|Swords Dance|p2a: Ursaring
|-boost|p2a: Ursaring|atk|2
|
|-heal|p1a: Zebstrika|237\/291|[from] item: Leftovers
|-status|p2a: Ursaring|brn|[from] item: Flame Orb
|upkeep
|turn|16
|choice|move thunderbolt|move facade
|
|move|p1a: Zebstrika|Thunderbolt|p2a: Ursaring
|-damage|p2a: Ursaring|128\/321 brn
|move|p2a: Ursaring|Facade|p1a: Zebstrika
|-end|p1a: Zebstrika|Substitute
|
|-heal|p1a: Zebstrika|255\/291|[from] item: Leftovers
|-damage|p2a: Ursaring|88\/321 brn|[from] brn
|upkeep
|turn|17
|j|RevivalMaya
|choice|move thunderbolt|switch 5
|
|switch|p2a: Camerupt|Camerupt, F|281\/281
|-damage|p2a: Camerupt|246\/281|[from] Stealth Rock
|move|p1a: Zebstrika|Thunderbolt|p2a: Camerupt
|-immune|p2a: Camerupt|[msg]
|
|-heal|p1a: Zebstrika|273\/291|[from] item: Leftovers
|upkeep
|turn|18
|choice|move substitute|move earthpower
|
|move|p1a: Zebstrika|Substitute|p1a: Zebstrika
|-start|p1a: Zebstrika|Substitute
|-damage|p1a: Zebstrika|201\/291
|move|p2a: Camerupt|Earth Power|p1a: Zebstrika
|-supereffective|p1a: Zebstrika
|-end|p1a: Zebstrika|Substitute
|
|-heal|p1a: Zebstrika|219\/291|[from] item: Leftovers
|upkeep
|turn|19
|l|RevivalMaya
|choice|move hiddenpower|move earthpower
|
|move|p1a: Zebstrika|Hidden Power|p2a: Camerupt
|-damage|p2a: Camerupt|183\/281
|move|p2a: Camerupt|Earth Power|p1a: Zebstrika
|-supereffective|p1a: Zebstrika
|-damage|p1a: Zebstrika|0 fnt
|faint|p1a: Zebstrika
|
|upkeep
|choice|switch 6|
|
|switch|p1a: Wartortle|Wartortle, M|321\/321
|-activate|p1a: Wartortle|move: Sticky Web
|-unboost|p1a: Wartortle|spe|1
|turn|20
|choice|move rapidspin|switch 6
|
|switch|p2a: Misdreavus|Misdreavus, F|26\/261
|-damage|p2a: Misdreavus|0 fnt|[from] Stealth Rock
|faint|p2a: Misdreavus
|move|p1a: Wartortle|Rapid Spin|p2: Misdreavus|[notarget]
|-notarget
|
|upkeep
|choice||switch 5
|
|switch|p2a: Ursaring|Ursaring, F|88\/321 brn
|-damage|p2a: Ursaring|48\/321 brn|[from] Stealth Rock
|turn|21
|choice|move rapidspin|move facade
|
|move|p2a: Ursaring|Facade|p1a: Wartortle
|-damage|p1a: Wartortle|123\/321
|move|p1a: Wartortle|Rapid Spin|p2a: Ursaring
|-damage|p2a: Ursaring|37\/321 brn
|-sideend|p1: 2xTheTap|Sticky Web|[from] move: Rapid Spin|[of] p1a: Wartortle
|
|-damage|p2a: Ursaring|0 fnt|[from] brn
|upkeep
|faint|p2a: Ursaring
|choice||switch 6
|
|switch|p2a: Camerupt|Camerupt, F|183\/281
|-damage|p2a: Camerupt|148\/281|[from] Stealth Rock
|turn|22
|choice|switch 5|move earthpower
|
|switch|p1a: Ninetales|Ninetales, F|287\/287
|move|p2a: Camerupt|Earth Power|p1a: Ninetales
|-supereffective|p1a: Ninetales
|-damage|p1a: Ninetales|0 fnt
|faint|p1a: Ninetales
|
|upkeep
|choice|switch 5|
|
|switch|p1a: Wartortle|Wartortle, M|123\/321
|turn|23
|choice|move scald|move earthpower
|
|move|p2a: Camerupt|Earth Power|p1a: Wartortle
|-damage|p1a: Wartortle|0 fnt
|faint|p1a: Wartortle
|
|upkeep
|choice|switch 4|
|
|switch|p1a: Golem|Golem, M|363\/363
|turn|24
|choice|move earthquake|move earthpower
|
|move|p2a: Camerupt|Earth Power|p1a: Golem
|-supereffective|p1a: Golem
|-ability|p1a: Golem|Sturdy
|-damage|p1a: Golem|1\/363
|move|p1a: Golem|Earthquake|p2a: Camerupt
|-supereffective|p2a: Camerupt
|-damage|p2a: Camerupt|0 fnt
|faint|p2a: Camerupt
|
|-heal|p1a: Golem|23\/363|[from] item: Leftovers
|upkeep
|choice||switch 2
|
|switch|p2a: Luxray|Luxray, F|271\/301
|-damage|p2a: Luxray|234\/301|[from] Stealth Rock
|-ability|p2a: Luxray|Intimidate|boost
|-unboost|p1a: Golem|atk|1
|turn|25
|c|☆pinktidal|gg
|c|☆2xTheTap|this team garbo
|c|☆2xTheTap|lol
|choice|move earthquake|move crunch
|
|move|p2a: Luxray|Crunch|p1a: Golem
|-damage|p1a: Golem|0 fnt
|faint|p1a: Golem
|
|win|pinktidal
|c|+gastro ~(˘▾˘~)|it has wartortle
|c|+gastro ~(˘▾˘~)|:(
|c|☆2xTheTap|yeah
|c|☆2xTheTap|ah well
|l|pinktidal
|c|☆2xTheTap|gg
|l|2xTheTap
|l|gastro ~(˘▾˘~)
|j|pinktidal</script>
</div>
<div class="battle-log battle-log-inline"><div class="inner"><div class="battle-options"></div><div class="inner"><div class="chat"><small>2xTheTap joined.</small></div><div class="chat"><small>pinktidal joined.</small></div><div class=""><small>Format:</small> <br><strong>PU</strong></div><div class=""><small><em>Sleep Clause Mod:</em> Limit one foe put to sleep</small></div><div class=""><small><em>Species Clause:</em> Limit one of each Pokémon</small></div><div class=""><small><em>OHKO Clause:</em> OHKO moves are banned</small></div><div class=""><small><em>Moody Clause:</em> Moody is banned</small></div><div class=""><small><em>Evasion Moves Clause:</em> Evasion moves are banned</small></div><div class=""><small><em>Endless Battle Clause:</em> Forcing endless battles is banned</small></div><div class=""><small><em>HP Percentage Mod:</em> HP is shown in percentages</small></div><div class=""><small><em>Swagger Clause:</em> Swagger is banned</small></div><div class=""><small><em>Baton Pass Clause:</em> Limit one Baton Passer, can't pass Spe and other stats simultaneously</small></div><div class="chat battle-history"><strong>2xTheTap's team:</strong> <em style="color:#445566;display:block;">Chatot / Wartortle / Zebstrika / Golem / Ninetales / Quilladin</em></div><div class="chat battle-history"><strong>pinktidal's team:</strong> <em style="color:#445566;display:block;">Kricketune / Marowak / Camerupt / Ursaring / Misdreavus / Luxray</em></div><div class="chat"><small>PokemonMasterTJ joined.</small></div><div class="chat chatmessage-pinktidal"><strong style="color:hsl(198,77%,36%)"><small>☆</small><span class="username" data-name="pinktidal">pinktidal</span>:</strong> <em>gl hf</em></div><div class="chat"><small>BigBoners joined.</small></div><div class="spacer battle-history"><br></div><div class="battle-history">Battle started between 2xTheTap and pinktidal!<br></div><div class="spacer battle-history"><br></div><div class="battle-history">Go! <strong>Ninetales</strong>!<br></div><div class="spacer battle-history"><br></div><div class="battle-history">pinktidal sent out <strong>Kricketune</strong>!<br></div><div class="spacer battle-history"><br></div><h2 class="battle-history">Turn 1</h2><div class="chat chatmessage-2xthetap"><strong style="color:hsl(356,51%,50.948703188140954%)"><small>☆</small><span class="username" data-name="2xTheTap">2xTheTap</span>:</strong> <em>u2</em></div><div class="spacer battle-history"><br></div><div class="battle-history">Ninetales used <strong>Will-O-Wisp</strong>!<br></div><div class="battle-history"><small>The opposing Kricketune was burned!</small><br></div><div class="spacer battle-history"><br></div><div class="battle-history">The opposing Kricketune used <strong>Sticky Web</strong>!<br></div><div class="battle-history"><small>A sticky web spreads out on the ground around your team!</small><br></div><div class="spacer battle-history"><br></div><div class="battle-history"><small>The opposing Kricketune was hurt by its burn!</small><br></div><div class="spacer battle-history"><br></div><h2 class="battle-history">Turn 2</h2><div class="spacer battle-history"><br></div><div class="battle-history">Ninetales used <strong>Fire Blast</strong>!<br></div><div class="battle-history"><small>It's super effective!</small><br></div><div class="battle-history"><small>(The opposing Kricketune lost <abbr title="−259/295">87.8%</abbr> of its health!)</small><br></div><div class="spacer battle-history"><br></div><div class="battle-history">The opposing Kricketune fainted!<br></div><div class="spacer battle-history"><br></div><div class="battle-history">pinktidal sent out <strong>Camerupt</strong>!<br></div><div class="spacer battle-history"><br></div><h2 class="battle-history">Turn 3</h2><div class="spacer battle-history"><br></div><div class="battle-history">Ninetales, come back!<br></div><div class="battle-history">Go! <strong>Chatot</strong>!<br></div><div class="spacer battle-history"><br></div><div class="battle-history">The opposing Camerupt used <strong>Earth Power</strong>!<br></div><div class="battle-history"><small>It doesn't affect Chatot...</small><br></div><div class="spacer battle-history"><br></div><h2 class="battle-history">Turn 4</h2><div class="spacer battle-history"><br></div><div class="battle-history">pinktidal withdrew Camerupt!<br></div><div class="battle-history">pinktidal sent out <strong>Misdreavus</strong>!<br></div><div class="spacer battle-history"><br></div><div class="battle-history">Chatot used <strong>U-turn</strong>!<br></div><div class="battle-history"><small>It's not very effective...</small><br></div><div class="battle-history"><small>(The opposing Misdreavus lost <abbr title="−19/261">7.3%</abbr> of its health!)</small><br></div><div class="spacer battle-history"><br></div><div class="battle-history">Chatot went back to 2xTheTap!<br></div><div class="battle-history">Go! <strong>Wartortle</strong>!<br></div><div class="battle-history"><small>Wartortle was caught in a sticky web!</small><br></div><div class="battle-history"><small>Wartortle's Speed fell!</small><br></div><div class="spacer battle-history"><br></div><h2 class="battle-history">Turn 5</h2><div class="spacer battle-history"><br></div><div class="battle-history">The opposing Misdreavus used <strong>Taunt</strong>!<br></div><div class="battle-history"><small>Wartortle fell for the taunt!</small><br></div><div class="spacer battle-history"><br></div><div class="battle-history">Wartortle can't use Foresight after the taunt!<br></div><div class="spacer battle-history"><br></div><h2 class="battle-history">Turn 6</h2><div class="chat"><small>TONE joined.</small></div><div class="spacer battle-history"><br></div><div class="battle-history">The opposing Misdreavus used <strong>Nasty Plot</strong>!<br></div><div class="battle-history"><small>The opposing Misdreavus's Special Attack rose sharply!</small><br></div><div class="spacer battle-history"><br></div><div class="battle-history">Wartortle used <strong>Scald</strong>!<br></div><div class="battle-history"><small>(The opposing Misdreavus lost <abbr title="−48/261">18.4%</abbr> of its health!)</small><br></div><div class="spacer battle-history"><br></div><h2 class="battle-history">Turn 7</h2><div class="spacer battle-history"><br></div><div class="battle-history">Wartortle, come back!<br></div><div class="battle-history">Go! <strong>Quilladin</strong>!<br></div><div class="battle-history"><small>Quilladin was caught in a sticky web!</small><br></div><div class="battle-history"><small>Quilladin's Speed fell!</small><br></div><div class="spacer battle-history"><br></div><div class="battle-history">The opposing Misdreavus used <strong>Shadow Ball</strong>!<br></div><div class="battle-history"><small>[Quilladin's Bulletproof]</small><br><small>It doesn't affect Quilladin...</small><br></div><div class="spacer battle-history"><br></div><h2 class="battle-history">Turn 8</h2><div class="spacer battle-history"><br></div><div class="battle-history">The opposing Misdreavus used <strong>Hidden Power</strong>!<br></div><div class="battle-history"><small>(Quilladin lost <abbr title="−117/263">44.5%</abbr> of its health!)</small><br></div><div class="spacer battle-history"><br></div><div class="battle-history">Quilladin used <strong>Wood Hammer</strong>!<br></div><div class="battle-history"><small>(The opposing Misdreavus lost <abbr title="−168/261">64.4%</abbr> of its health!)</small><br></div><div class="battle-history"><small>Quilladin is damaged by the recoil!</small><br></div><div class="spacer battle-history"><br></div><h2 class="battle-history">Turn 9</h2><div class="spacer battle-history"><br></div><div class="battle-history">The opposing Misdreavus used <strong>Hidden Power</strong>!<br></div><div class="battle-history"><small>(Quilladin lost <abbr title="−91/263">34.6%</abbr> of its health!)</small><br></div><div class="spacer battle-history"><br></div><div class="battle-history">Quilladin fainted!<br></div><div class="spacer battle-history"><br></div><div class="battle-history">Go! <strong>Chatot</strong>!<br></div><div class="spacer battle-history"><br></div><h2 class="battle-history">Turn 10</h2><div class="spacer battle-history"><br></div><div class="battle-history">pinktidal withdrew Misdreavus!<br></div><div class="battle-history">pinktidal sent out <strong>Luxray</strong>!<br></div><div class="battle-history"><small>[The opposing Luxray's Intimidate]</small><br></div><div class="battle-history"><small>Chatot's Attack fell!</small><br></div><div class="spacer battle-history"><br></div><div class="battle-history">Chatot used <strong>U-turn</strong>!<br></div><div class="battle-history"><small>(The opposing Luxray lost <abbr title="−30/301">10.0%</abbr> of its health!)</small><br></div><div class="spacer battle-history"><br></div><div class="battle-history">Chatot went back to 2xTheTap!<br></div><div class="battle-history">Go! <strong>Golem</strong>!<br></div><div class="battle-history"><small>Golem was caught in a sticky web!</small><br></div><div class="battle-history"><small>Golem's Speed fell!</small><br></div><div class="spacer battle-history"><br></div><h2 class="battle-history">Turn 11</h2><div class="spacer battle-history"><br></div><div class="battle-history">pinktidal withdrew Luxray!<br></div><div class="battle-history">pinktidal sent out <strong>Marowak</strong>!<br></div><div class="spacer battle-history"><br></div><div class="battle-history">Golem used <strong>Stealth Rock</strong>!<br></div><div class="battle-history"><small>Pointed stones float in the air around the opposing team!</small><br></div><div class="spacer battle-history"><br></div><h2 class="battle-history">Turn 12</h2><div class="spacer battle-history"><br></div><div class="battle-history">Golem, come back!<br></div><div class="battle-history">Go! <strong>Chatot</strong>!<br></div><div class="spacer battle-history"><br></div><div class="battle-history">The opposing Marowak used <strong>Bonemerang</strong>!<br></div><div class="battle-history"><small>It doesn't affect Chatot...</small><br></div><div class="spacer battle-history"><br></div><h2 class="battle-history">Turn 13</h2><div class="spacer battle-history"><br></div><div class="battle-history">Chatot used <strong>Boomburst</strong>!<br></div><div class="battle-history"><small>(The opposing Marowak lost <abbr title="−247/261">94.6%</abbr> of its health!)</small><br></div><div class="spacer battle-history"><br></div><div class="battle-history">The opposing Marowak used <strong>Knock Off</strong>!<br></div><div class="battle-history"><small>(Chatot lost <abbr title="−293/293">100%</abbr> of its health!)</small><br></div><div class="battle-history"><small>The opposing Marowak knocked off Chatot's Choice Scarf!</small><br></div><div class="spacer battle-history"><br></div><div class="battle-history">Chatot fainted!<br></div><div class="spacer battle-history"><br></div><div class="battle-history">Go! <strong>Zebstrika</strong>!<br></div><div class="battle-history"><small>Zebstrika was caught in a sticky web!</small><br></div><div class="battle-history"><small>Zebstrika's Speed fell!</small><br></div><div class="spacer battle-history"><br></div><h2 class="battle-history">Turn 14</h2><div class="chat"><small>gastro ~(˘▾˘~) joined.</small></div><div class="spacer battle-history"><br></div><div class="battle-history">Zebstrika used <strong>Hidden Power</strong>!<br></div><div class="battle-history"><small>It's super effective!</small><br></div><div class="battle-history"><small>(The opposing Marowak lost <abbr title="−14/261">5.4%</abbr> of its health!)</small><br></div><div class="spacer battle-history"><br></div><div class="battle-history">The opposing Marowak fainted!<br></div><div class="spacer battle-history"><br></div><div class="battle-history">pinktidal sent out <strong>Ursaring</strong>!<br></div><div class="battle-history"><small>Pointed stones dug into the opposing Ursaring!</small><br></div><div class="spacer battle-history"><br></div><h2 class="battle-history">Turn 15</h2><div class="spacer battle-history"><br></div><div class="battle-history">Zebstrika used <strong>Substitute</strong>!<br></div><div class="battle-history"><small>Zebstrika put in a substitute!</small><br></div><div class="battle-history"><small>(Zebstrika lost <abbr title="−72/291">24.7%</abbr> of its health!)</small><br></div><div class="spacer battle-history"><br></div><div class="battle-history">The opposing Ursaring used <strong>Swords Dance</strong>!<br></div><div class="battle-history"><small>The opposing Ursaring's Attack rose sharply!</small><br></div><div class="spacer battle-history"><br></div><div class="battle-history"><small>Zebstrika restored a little HP using its Leftovers!</small><br></div><div class="battle-history"><small>The opposing Ursaring was burned!</small><br></div><div class="spacer battle-history"><br></div><h2 class="battle-history">Turn 16</h2><div class="spacer battle-history"><br></div><div class="battle-history">Zebstrika used <strong>Thunderbolt</strong>!<br></div><div class="battle-history"><small>(The opposing Ursaring lost <abbr title="−153/321">47.7%</abbr> of its health!)</small><br></div><div class="spacer battle-history"><br></div><div class="battle-history">The opposing Ursaring used <strong>Facade</strong>!<br></div><div class="battle-history"><small>Zebstrika's substitute faded!</small><br></div><div class="spacer battle-history"><br></div><div class="battle-history"><small>Zebstrika restored a little HP using its Leftovers!</small><br></div><div class="battle-history"><small>The opposing Ursaring was hurt by its burn!</small><br></div><div class="spacer battle-history"><br></div><h2 class="battle-history">Turn 17</h2><div class="chat"><small>RevivalMaya joined.</small></div><div class="spacer battle-history"><br></div><div class="battle-history">pinktidal withdrew Ursaring!<br></div><div class="battle-history">pinktidal sent out <strong>Camerupt</strong>!<br></div><div class="battle-history"><small>Pointed stones dug into the opposing Camerupt!</small><br></div><div class="spacer battle-history"><br></div><div class="battle-history">Zebstrika used <strong>Thunderbolt</strong>!<br></div><div class="battle-history"><small>It doesn't affect the opposing Camerupt...</small><br></div><div class="spacer battle-history"><br></div><div class="battle-history"><small>Zebstrika restored a little HP using its Leftovers!</small><br></div><div class="spacer battle-history"><br></div><h2 class="battle-history">Turn 18</h2><div class="spacer battle-history"><br></div><div class="battle-history">Zebstrika used <strong>Substitute</strong>!<br></div><div class="battle-history"><small>Zebstrika put in a substitute!</small><br></div><div class="battle-history"><small>(Zebstrika lost <abbr title="−72/291">24.7%</abbr> of its health!)</small><br></div><div class="spacer battle-history"><br></div><div class="battle-history">The opposing Camerupt used <strong>Earth Power</strong>!<br></div><div class="battle-history"><small>It's super effective!</small><br></div><div class="battle-history"><small>Zebstrika's substitute faded!</small><br></div><div class="spacer battle-history"><br></div><div class="battle-history"><small>Zebstrika restored a little HP using its Leftovers!</small><br></div><div class="spacer battle-history"><br></div><h2 class="battle-history">Turn 19</h2><div class="chat"><small>RevivalMaya left.</small></div><div class="spacer battle-history"><br></div><div class="battle-history">Zebstrika used <strong>Hidden Power</strong>!<br></div><div class="battle-history"><small>(The opposing Camerupt lost <abbr title="−63/281">22.4%</abbr> of its health!)</small><br></div><div class="spacer battle-history"><br></div><div class="battle-history">The opposing Camerupt used <strong>Earth Power</strong>!<br></div><div class="battle-history"><small>It's super effective!</small><br></div><div class="battle-history"><small>(Zebstrika lost <abbr title="−219/291">75.3%</abbr> of its health!)</small><br></div><div class="spacer battle-history"><br></div><div class="battle-history">Zebstrika fainted!<br></div><div class="spacer battle-history"><br></div><div class="battle-history">Go! <strong>Wartortle</strong>!<br></div><div class="battle-history"><small>Wartortle was caught in a sticky web!</small><br></div><div class="battle-history"><small>Wartortle's Speed fell!</small><br></div><div class="spacer battle-history"><br></div><h2 class="battle-history">Turn 20</h2><div class="spacer battle-history"><br></div><div class="battle-history">pinktidal withdrew Camerupt!<br></div><div class="battle-history">pinktidal sent out <strong>Misdreavus</strong>!<br></div><div class="battle-history"><small>Pointed stones dug into the opposing Misdreavus!</small><br></div><div class="spacer battle-history"><br></div><div class="battle-history">The opposing Misdreavus fainted!<br></div><div class="battle-history">Wartortle used <strong>Rapid Spin</strong>!<br></div><div class="battle-history"><small>But there was no target...</small><br></div><div class="spacer battle-history"><br></div><div class="battle-history">pinktidal sent out <strong>Ursaring</strong>!<br></div><div class="battle-history"><small>Pointed stones dug into the opposing Ursaring!</small><br></div><div class="spacer battle-history"><br></div><h2 class="battle-history">Turn 21</h2><div class="spacer battle-history"><br></div><div class="battle-history">The opposing Ursaring used <strong>Facade</strong>!<br></div><div class="battle-history"><small>(Wartortle lost <abbr title="−198/321">61.7%</abbr> of its health!)</small><br></div><div class="spacer battle-history"><br></div><div class="battle-history">Wartortle used <strong>Rapid Spin</strong>!<br></div><div class="battle-history"><small>(The opposing Ursaring lost <abbr title="−11/321">3.4%</abbr> of its health!)</small><br></div><div class="battle-history"><small>The sticky web has disappeared from the ground around your team!</small><br></div><div class="spacer battle-history"><br></div><div class="battle-history"><small>The opposing Ursaring was hurt by its burn!</small><br></div><div class="spacer battle-history"><br></div><div class="battle-history">The opposing Ursaring fainted!<br></div><div class="spacer battle-history"><br></div><div class="battle-history">pinktidal sent out <strong>Camerupt</strong>!<br></div><div class="battle-history"><small>Pointed stones dug into the opposing Camerupt!</small><br></div><div class="spacer battle-history"><br></div><h2 class="battle-history">Turn 22</h2><div class="spacer battle-history"><br></div><div class="battle-history">Wartortle, come back!<br></div><div class="battle-history">Go! <strong>Ninetales</strong>!<br></div><div class="spacer battle-history"><br></div><div class="battle-history">The opposing Camerupt used <strong>Earth Power</strong>!<br></div><div class="battle-history"><small>It's super effective!</small><br></div><div class="battle-history"><small>(Ninetales lost <abbr title="−287/287">100%</abbr> of its health!)</small><br></div><div class="spacer battle-history"><br></div><div class="battle-history">Ninetales fainted!<br></div><div class="spacer battle-history"><br></div><div class="battle-history">Go! <strong>Wartortle</strong>!<br></div><div class="spacer battle-history"><br></div><h2 class="battle-history">Turn 23</h2><div class="spacer battle-history"><br></div><div class="battle-history">The opposing Camerupt used <strong>Earth Power</strong>!<br></div><div class="battle-history"><small>(Wartortle lost <abbr title="−123/321">38.3%</abbr> of its health!)</small><br></div><div class="spacer battle-history"><br></div><div class="battle-history">Wartortle fainted!<br></div><div class="spacer battle-history"><br></div><div class="battle-history">Go! <strong>Golem</strong>!<br></div><div class="spacer battle-history"><br></div><h2 class="battle-history">Turn 24</h2><div class="spacer battle-history"><br></div><div class="battle-history">The opposing Camerupt used <strong>Earth Power</strong>!<br></div><div class="battle-history"><small>It's super effective!</small><br></div><div class="battle-history"><small>[Golem's Sturdy]</small><br><small>Golem endured the hit!</small><br></div><div class="battle-history"><small>(Golem lost <abbr title="−362/363">99.7%</abbr> of its health!)</small><br></div><div class="spacer battle-history"><br></div><div class="battle-history">Golem used <strong>Earthquake</strong>!<br></div><div class="battle-history"><small>It's super effective!</small><br></div><div class="battle-history"><small>(The opposing Camerupt lost <abbr title="−148/281">52.7%</abbr> of its health!)</small><br></div><div class="spacer battle-history"><br></div><div class="battle-history">The opposing Camerupt fainted!<br></div><div class="spacer battle-history"><br></div><div class="battle-history"><small>Golem restored a little HP using its Leftovers!</small><br></div><div class="spacer battle-history"><br></div><div class="battle-history">pinktidal sent out <strong>Luxray</strong>!<br></div><div class="battle-history"><small>Pointed stones dug into the opposing Luxray!</small><br></div><div class="battle-history"><small>[The opposing Luxray's Intimidate]</small><br></div><div class="battle-history"><small>Golem's Attack fell!</small><br></div><div class="spacer battle-history"><br></div><h2 class="battle-history">Turn 25</h2><div class="chat chatmessage-pinktidal"><strong style="color:hsl(198,77%,36%)"><small>☆</small><span class="username" data-name="pinktidal">pinktidal</span>:</strong> <em>gg</em></div><div class="chat chatmessage-2xthetap"><strong style="color:hsl(356,51%,50.948703188140954%)"><small>☆</small><span class="username" data-name="2xTheTap">2xTheTap</span>:</strong> <em>this team garbo</em></div><div class="chat chatmessage-2xthetap"><strong style="color:hsl(356,51%,50.948703188140954%)"><small>☆</small><span class="username" data-name="2xTheTap">2xTheTap</span>:</strong> <em>lol</em></div><div class="spacer battle-history"><br></div><div class="battle-history">The opposing Luxray used <strong>Crunch</strong>!<br></div><div class="battle-history"><small>(Golem lost <abbr title="−23/363">6.3%</abbr> of its health!)</small><br></div><div class="spacer battle-history"><br></div><div class="battle-history">Golem fainted!<br></div><div class="spacer battle-history"><br></div><div class="battle-history"><strong>pinktidal</strong> won the battle!<br></div><div class="chat chatmessage-gastro"><strong style="color:hsl(3,67%,49.01796577726631%)"><small>+</small><span class="username" data-name="gastro ~(˘▾˘~)">gastro ~(˘▾˘~)</span>:</strong> <em>it has wartortle</em></div><div class="chat chatmessage-gastro"><strong style="color:hsl(3,67%,49.01796577726631%)"><small>+</small><span class="username" data-name="gastro ~(˘▾˘~)">gastro ~(˘▾˘~)</span>:</strong> <em>:(</em></div><div class="chat chatmessage-2xthetap"><strong style="color:hsl(356,51%,50.948703188140954%)"><small>☆</small><span class="username" data-name="2xTheTap">2xTheTap</span>:</strong> <em>yeah</em></div><div class="chat chatmessage-2xthetap"><strong style="color:hsl(356,51%,50.948703188140954%)"><small>☆</small><span class="username" data-name="2xTheTap">2xTheTap</span>:</strong> <em>ah well</em></div><div class="chat"><small>pinktidal left.</small></div><div class="chat chatmessage-2xthetap"><strong style="color:hsl(356,51%,50.948703188140954%)"><small>☆</small><span class="username" data-name="2xTheTap">2xTheTap</span>:</strong> <em>gg</em></div><div class="chat"><small>2xTheTap left.</small></div><div class="chat"><small>gastro ~(˘▾˘~) left.</small></div><div class="chat"><small>pinktidal joined.</small></div></div><div class="inner-preempt"></div></div></div>
</div>
<script>
let daily = Math.floor(Date.now()/1000/60/60/24);document.write('<script src="https://play.pokemonshowdown.com/js/replay-embed.js?version'+daily+'"></'+'script>');
</script>
