<!DOCTYPE html>
<meta charset="utf-8" />
<!-- version 1 -->
<title>PU replay: Aaronboyer vs. The Hero 0f Rhyme</title>
<style>
html,body {font-family:Verdana, sans-serif;font-size:10pt;margin:0;padding:0;}body{padding:12px 0;} .battle-log {font-family:Verdana, sans-serif;font-size:10pt;} .battle-log-inline {border:1px solid #AAAAAA;background:#EEF2F5;color:black;max-width:640px;margin:0 auto 80px;padding-bottom:5px;} .battle-log .inner {padding:4px 8px 0px 8px;} .battle-log .inner-preempt {padding:0 8px 4px 8px;} .battle-log .inner-after {margin-top:0.5em;} .battle-log h2 {margin:0.5em -8px;padding:4px 8px;border:1px solid #AAAAAA;background:#E0E7EA;border-left:0;border-right:0;font-family:Verdana, sans-serif;font-size:13pt;} .battle-log .chat {vertical-align:middle;padding:3px 0 3px 0;font-size:8pt;} .battle-log .chat strong {color:#40576A;} .battle-log .chat em {padding:1px 4px 1px 3px;color:#000000;font-style:normal;} .chat.mine {background:rgba(0,0,0,0.05);margin-left:-8px;margin-right:-8px;padding-left:8px;padding-right:8px;} .spoiler {color:#BBBBBB;background:#BBBBBB;padding:0px 3px;} .spoiler:hover, .spoiler:active, .spoiler-shown {color:#000000;background:#E2E2E2;padding:0px 3px;} .spoiler a {color:#BBBBBB;} .spoiler:hover a, .spoiler:active a, .spoiler-shown a {color:#2288CC;} .chat code, .chat .spoiler:hover code, .chat .spoiler:active code, .chat .spoiler-shown code {border:1px solid #C0C0C0;background:#EEEEEE;color:black;padding:0 2px;} .chat .spoiler code {border:1px solid #CCCCCC;background:#CCCCCC;color:#CCCCCC;} .battle-log .rated {padding:3px 4px;} .battle-log .rated strong {color:white;background:#89A;padding:1px 4px;border-radius:4px;} .spacer {margin-top:0.5em;} .message-announce {background:#6688AA;color:white;padding:1px 4px 2px;} .message-announce a, .broadcast-green a, .broadcast-blue a, .broadcast-red a {color:#DDEEFF;} .broadcast-green {background-color:#559955;color:white;padding:2px 4px;} .broadcast-blue {background-color:#6688AA;color:white;padding:2px 4px;} .infobox {border:1px solid #6688AA;padding:2px 4px;} .infobox-limited {max-height:200px;overflow:auto;overflow-x:hidden;} .broadcast-red {background-color:#AA5544;color:white;padding:2px 4px;} .message-learn-canlearn {font-weight:bold;color:#228822;text-decoration:underline;} .message-learn-cannotlearn {font-weight:bold;color:#CC2222;text-decoration:underline;} .message-effect-weak {font-weight:bold;color:#CC2222;} .message-effect-resist {font-weight:bold;color:#6688AA;} .message-effect-immune {font-weight:bold;color:#666666;} .message-learn-list {margin-top:0;margin-bottom:0;} .message-throttle-notice, .message-error {color:#992222;} .message-overflow, .chat small.message-overflow {font-size:0pt;} .message-overflow::before {font-size:9pt;content:'...';} .subtle {color:#3A4A66;}
</style>
<div class="wrapper replay-wrapper" style="max-width:1180px;margin:0 auto">
<input type="hidden" name="replayid" value="pu-588331621" />
<div class="battle"></div><div class="battle-log"></div><div class="replay-controls"></div><div class="replay-controls-2"></div>
<h1 style="font-weight:normal;text-align:center"><strong>PU</strong><br /><a href="http://pokemonshowdown.com/users/aaronboyer" class="subtle" target="_blank">Aaronboyer</a> vs. <a href="http://pokemonshowdown.com/users/thehero0frhyme" class="subtle" target="_blank">The Hero 0f Rhyme</a></h1>
<script type="text/plain" class="battle-log-data">|j|Aaronboyer
|j|The Hero 0f Rhyme
|player|p1|Aaronboyer|93
|teamsize|p1|6
|player|p2|The Hero 0f Rhyme|161
|teamsize|p2|6
|gametype|singles
|gen|6
|tier|PU
|seed|20842,50526,22194,32558
|rule|Sleep Clause Mod: Limit one foe put to sleep
|rule|Species Clause: Limit one of each Pokémon
|rule|OHKO Clause: OHKO moves are banned
|rule|Moody Clause: Moody is banned
|rule|Evasion Moves Clause: Evasion moves are banned
|rule|Endless Battle Clause: Forcing endless battles is banned
|rule|HP Percentage Mod: HP is shown in percentages
|clearpoke
|poke|p1|Relicanth, F|item
|poke|p1|Golduck, F|item
|poke|p1|Gorebyss, F|item
|poke|p1|Volbeat, M|item
|poke|p1|Armaldo, M|item
|poke|p1|Beartic, M, shiny|item
|poke|p2|Butterfree, M|item
|poke|p2|Probopass, M|item
|poke|p2|Vibrava, M, shiny|item
|poke|p2|Roselia, F|item
|poke|p2|Monferno, M|item
|poke|p2|Arbok, M|item
|rule|Swagger Clause: Swagger is banned
|rule|Baton Pass Clause: Limit one Baton Passer, can't pass Spe and other stats simultaneously
|teampreview
|j|quagsgone
|choice|team 1, team 2, team 3, team 4, team 5, team 6|team 1, team 2, team 3, team 4, team 5, team 6
|
|start
|switch|p1a: Relicanth|Relicanth, F|341\/341
|switch|p2a: Dietetic|Butterfree, M|261\/261
|turn|1
|choice|move waterfall|move sleeppowder
|
|move|p2a: Dietetic|Sleep Powder|p1a: Relicanth
|-status|p1a: Relicanth|slp
|cant|p1a: Relicanth|slp
|
|upkeep
|turn|2
|choice|move waterfall|move quiverdance
|
|move|p2a: Dietetic|Quiver Dance|p2a: Dietetic
|-boost|p2a: Dietetic|spa|1
|-boost|p2a: Dietetic|spd|1
|-boost|p2a: Dietetic|spe|1
|cant|p1a: Relicanth|slp
|
|upkeep
|turn|3
|choice|move waterfall|move bugbuzz
|
|move|p2a: Dietetic|Bug Buzz|p1a: Relicanth
|-ability|p1a: Relicanth|Sturdy
|-damage|p1a: Relicanth|1\/341 slp
|-damage|p2a: Dietetic|235\/261|[from] item: Life Orb
|cant|p1a: Relicanth|slp
|
|upkeep
|turn|4
|choice|move waterfall|move bugbuzz
|
|move|p2a: Dietetic|Bug Buzz|p1a: Relicanth
|-damage|p1a: Relicanth|0 fnt
|-damage|p2a: Dietetic|209\/261|[from] item: Life Orb
|faint|p1a: Relicanth
|
|upkeep
|inactive|Battle timer is ON: inactive players will automatically lose when time's up. (requested by The Hero 0f Rhyme)
|choice|switch 4|
|
|switch|p1a: Volbeat|Volbeat, M|333\/333
|turn|5
|choice|move thunderwave|move quiverdance
|
|move|p1a: Volbeat|Thunder Wave|p2a: Dietetic
|-status|p2a: Dietetic|par
|move|p2a: Dietetic|Quiver Dance|p2a: Dietetic
|-boost|p2a: Dietetic|spa|1
|-boost|p2a: Dietetic|spd|1
|-boost|p2a: Dietetic|spe|1
|
|upkeep
|turn|6
|choice|move encore|move bugbuzz
|
|move|p1a: Volbeat|Encore|p2a: Dietetic
|-start|p2a: Dietetic|Encore
|cant|p2a: Dietetic|par
|
|upkeep
|turn|7
|choice|move raindance|switch 2
|
|switch|p2a: Mr Higgings|Probopass, M|324\/324
|move|p1a: Volbeat|Rain Dance|p1a: Volbeat
|-weather|RainDance
|
|-weather|RainDance|[upkeep]
|upkeep
|turn|8
|choice|move uturn|move stealthrock
|
|move|p1a: Volbeat|U-turn|p2a: Mr Higgings
|-resisted|p2a: Mr Higgings
|-damage|p2a: Mr Higgings|300\/324
|choice|switch 3|
|
|switch|p1a: Gorebyss|Gorebyss, F|251\/251
|move|p2a: Mr Higgings|Stealth Rock|p1a: Gorebyss
|-sidestart|p1: Aaronboyer|move: Stealth Rock
|
|-weather|RainDance|[upkeep]
|-heal|p2a: Mr Higgings|320\/324|[from] item: Leftovers
|upkeep
|turn|9
|choice|move shellsmash|move thunderwave
|
|move|p1a: Gorebyss|Shell Smash|p1a: Gorebyss
|-unboost|p1a: Gorebyss|def|1
|-unboost|p1a: Gorebyss|spd|1
|-boost|p1a: Gorebyss|atk|2
|-boost|p1a: Gorebyss|spa|2
|-boost|p1a: Gorebyss|spe|2
|-enditem|p1a: Gorebyss|White Herb
|-clearnegativeboost|p1a: Gorebyss|[silent]
|move|p2a: Mr Higgings|Thunder Wave|p1a: Gorebyss
|-status|p1a: Gorebyss|par
|
|-weather|RainDance|[upkeep]
|-heal|p2a: Mr Higgings|324\/324|[from] item: Leftovers
|upkeep
|turn|10
|c| quagsgone|rip
|choice|move surf|move voltswitch
|
|move|p1a: Gorebyss|Surf|p2a: Mr Higgings
|-supereffective|p2a: Mr Higgings
|-ability|p2a: Mr Higgings|Sturdy
|-damage|p2a: Mr Higgings|1\/324
|move|p2a: Mr Higgings|Volt Switch|p1a: Gorebyss
|-supereffective|p1a: Gorebyss
|-damage|p1a: Gorebyss|141\/251 par
|choice||switch 4
|
|switch|p2a: Cris|Roselia, F|304\/304
|
|-weather|RainDance|[upkeep]
|upkeep
|turn|11
|choice|move icebeam|move gigadrain
|
|cant|p1a: Gorebyss|par
|move|p2a: Cris|Giga Drain|p1a: Gorebyss
|-supereffective|p1a: Gorebyss
|-damage|p1a: Gorebyss|0 fnt
|faint|p1a: Gorebyss
|
|-weather|RainDance|[upkeep]
|upkeep
|choice|switch 6|
|
|switch|p1a: Beartic|Beartic, M, shiny|331\/331
|-damage|p1a: Beartic|249\/331|[from] Stealth Rock
|turn|12
|choice|move iciclecrash|switch 4
|
|switch|p2a: Mr Higgings|Probopass, M|1\/324
|move|p1a: Beartic|Icicle Crash|p2a: Mr Higgings
|-resisted|p2a: Mr Higgings
|-damage|p2a: Mr Higgings|0 fnt
|-damage|p1a: Beartic|216\/331|[from] item: Life Orb
|faint|p2a: Mr Higgings
|
|-weather|RainDance|[upkeep]
|upkeep
|choice||switch 6
|
|switch|p2a: Nagini|Arbok, M|261\/261
|-ability|p2a: Nagini|Intimidate|boost
|-unboost|p1a: Beartic|atk|1
|turn|13
|choice|move swordsdance|move coil
|
|move|p1a: Beartic|Swords Dance|p1a: Beartic
|-boost|p1a: Beartic|atk|2
|move|p2a: Nagini|Coil|p2a: Nagini
|-boost|p2a: Nagini|atk|1
|-boost|p2a: Nagini|def|1
|-boost|p2a: Nagini|accuracy|1
|
|-weather|RainDance|[upkeep]
|upkeep
|turn|14
|choice|move iciclecrash|move gunkshot
|
|move|p1a: Beartic|Icicle Crash|p2a: Nagini
|-damage|p2a: Nagini|0 fnt
|-damage|p1a: Beartic|183\/331|[from] item: Life Orb
|faint|p2a: Nagini
|
|-weather|none
|upkeep
|choice||switch 5
|
|switch|p2a: Jackie Chan|Monferno, M|269\/269
|turn|15
|choice|move aquajet|move machpunch
|
|move|p2a: Jackie Chan|Mach Punch|p1a: Beartic
|-supereffective|p1a: Beartic
|-damage|p1a: Beartic|13\/331
|move|p1a: Beartic|Aqua Jet|p2a: Jackie Chan
|-supereffective|p2a: Jackie Chan
|-damage|p2a: Jackie Chan|77\/269
|-damage|p1a: Beartic|0 fnt|[from] item: Life Orb
|faint|p1a: Beartic
|
|upkeep
|choice|switch 3|
|
|switch|p1a: Volbeat|Volbeat, M|333\/333
|-damage|p1a: Volbeat|250\/333|[from] Stealth Rock
|turn|16
|choice|move raindance|move uturn
|
|move|p1a: Volbeat|Rain Dance|p1a: Volbeat
|-weather|RainDance
|move|p2a: Jackie Chan|U-turn|p1a: Volbeat
|-crit|p1a: Volbeat
|-damage|p1a: Volbeat|148\/333
|choice||switch 2
|
|switch|p2a: Dietetic|Butterfree, M|209\/261 par
|
|-weather|RainDance|[upkeep]
|upkeep
|turn|17
|choice|move uturn|move sleeppowder
|
|move|p1a: Volbeat|U-turn|p2a: Dietetic
|-resisted|p2a: Dietetic
|-damage|p2a: Dietetic|151\/261 par
|choice|switch 2|
|
|switch|p1a: Golduck|Golduck, F|301\/301
|-damage|p1a: Golduck|264\/301|[from] Stealth Rock
|move|p2a: Dietetic|Sleep Powder|p1a: Golduck
|-status|p1a: Golduck|slp
|
|-weather|RainDance|[upkeep]
|upkeep
|turn|18
|choice|move icebeam|move bugbuzz
|
|cant|p1a: Golduck|slp
|move|p2a: Dietetic|Bug Buzz|p1a: Golduck
|-crit|p1a: Golduck
|-damage|p1a: Golduck|0 fnt
|-damage|p2a: Dietetic|125\/261 par|[from] item: Life Orb
|faint|p1a: Golduck
|
|-weather|RainDance|[upkeep]
|upkeep
|choice|switch 5|
|
|switch|p1a: Armaldo|Armaldo, M|291\/291
|-damage|p1a: Armaldo|219\/291|[from] Stealth Rock
|turn|19
|j|s213
|choice|move swordsdance|move sleeppowder
|
|move|p1a: Armaldo|Swords Dance|p1a: Armaldo
|-boost|p1a: Armaldo|atk|2
|move|p2a: Dietetic|Sleep Powder|p1a: Armaldo
|-status|p1a: Armaldo|slp
|
|-weather|RainDance|[upkeep]
|upkeep
|turn|20
|choice|move stoneedge|move bugbuzz
|
|cant|p1a: Armaldo|slp
|cant|p2a: Dietetic|par
|
|-weather|RainDance|[upkeep]
|upkeep
|turn|21
|choice|move aquajet|move bugbuzz
|
|cant|p1a: Armaldo|slp
|cant|p2a: Dietetic|par
|
|-weather|RainDance|[upkeep]
|upkeep
|turn|22
|c|☆The Hero 0f Rhyme|NOOO
|choice|move aquajet|move bugbuzz
|
|cant|p1a: Armaldo|slp
|move|p2a: Dietetic|Bug Buzz|p1a: Armaldo
|-damage|p1a: Armaldo|11\/291 slp
|-damage|p2a: Dietetic|99\/261 par|[from] item: Life Orb
|
|-weather|RainDance|[upkeep]
|upkeep
|turn|23
|choice|move aquajet|move bugbuzz
|
|-curestatus|p1a: Armaldo|slp|[msg]
|move|p1a: Armaldo|Aqua Jet|p2a: Dietetic
|-damage|p2a: Dietetic|0 fnt
|-damage|p1a: Armaldo|0 fnt|[from] item: Life Orb
|faint|p2a: Dietetic
|faint|p1a: Armaldo
|
|-weather|none
|upkeep
|-message|Aaronboyer forfeited.
|
|win|The Hero 0f Rhyme
|l|Aaronboyer
|l|quagsgone</script>
</div>
<div class="battle-log battle-log-inline"><div class="inner"><div class="battle-options"></div><div class="inner"><div class="chat"><small>Aaronboyer joined.</small></div><div class="chat"><small>The Hero 0f Rhyme joined.</small></div><div class=""><small>Format:</small> <br><strong>PU</strong></div><div class=""><small><em>Sleep Clause Mod:</em> Limit one foe put to sleep</small></div><div class=""><small><em>Species Clause:</em> Limit one of each Pokémon</small></div><div class=""><small><em>OHKO Clause:</em> OHKO moves are banned</small></div><div class=""><small><em>Moody Clause:</em> Moody is banned</small></div><div class=""><small><em>Evasion Moves Clause:</em> Evasion moves are banned</small></div><div class=""><small><em>Endless Battle Clause:</em> Forcing endless battles is banned</small></div><div class=""><small><em>HP Percentage Mod:</em> HP is shown in percentages</small></div><div class=""><small><em>Swagger Clause:</em> Swagger is banned</small></div><div class=""><small><em>Baton Pass Clause:</em> Limit one Baton Passer, can't pass Spe and other stats simultaneously</small></div><div class="chat battle-history"><strong>Aaronboyer's team:</strong> <em style="color:#445566;display:block;">Relicanth / Golduck / Gorebyss / Volbeat / Armaldo / Beartic</em></div><div class="chat battle-history"><strong>The Hero 0f Rhyme's team:</strong> <em style="color:#445566;display:block;">Butterfree / Probopass / Vibrava / Roselia / Monferno / Arbok</em></div><div class="chat"><small>quagsgone joined.</small></div><div class="spacer battle-history"><br></div><div class="battle-history">Battle started between Aaronboyer and The Hero 0f Rhyme!<br></div><div class="spacer battle-history"><br></div><div class="battle-history">Go! <strong>Relicanth</strong>!<br></div><div class="spacer battle-history"><br></div><div class="battle-history">The Hero 0f Rhyme sent out Dietetic (<strong>Butterfree</strong>)!<br></div><div class="spacer battle-history"><br></div><h2 class="battle-history">Turn 1</h2><div class="spacer battle-history"><br></div><div class="battle-history">The opposing Dietetic used <strong>Sleep Powder</strong>!<br></div><div class="battle-history"><small>Relicanth fell asleep!</small><br></div><div class="spacer battle-history"><br></div><div class="battle-history">Relicanth is fast asleep.<br></div><div class="spacer battle-history"><br></div><h2 class="battle-history">Turn 2</h2><div class="spacer battle-history"><br></div><div class="battle-history">The opposing Dietetic used <strong>Quiver Dance</strong>!<br></div><div class="battle-history"><small>The opposing Dietetic's Special Attack rose!</small><br></div><div class="battle-history"><small>The opposing Dietetic's Special Defense rose!</small><br></div><div class="battle-history"><small>The opposing Dietetic's Speed rose!</small><br></div><div class="spacer battle-history"><br></div><div class="battle-history">Relicanth is fast asleep.<br></div><div class="spacer battle-history"><br></div><h2 class="battle-history">Turn 3</h2><div class="spacer battle-history"><br></div><div class="battle-history">The opposing Dietetic used <strong>Bug Buzz</strong>!<br></div><div class="battle-history"><small>[Relicanth's Sturdy]</small><br><small>Relicanth endured the hit!</small><br></div><div class="battle-history"><small>(Relicanth lost <abbr title="−340/341">99.7%</abbr> of its health!)</small><br></div><div class="battle-history"><small>The opposing Dietetic lost some of its HP!</small><br></div><div class="spacer battle-history"><br></div><div class="battle-history">Relicanth is fast asleep.<br></div><div class="spacer battle-history"><br></div><h2 class="battle-history">Turn 4</h2><div class="spacer battle-history"><br></div><div class="battle-history">The opposing Dietetic used <strong>Bug Buzz</strong>!<br></div><div class="battle-history"><small>(Relicanth lost <abbr title="−1/341">0.3%</abbr> of its health!)</small><br></div><div class="battle-history"><small>The opposing Dietetic lost some of its HP!</small><br></div><div class="spacer battle-history"><br></div><div class="battle-history">Relicanth fainted!<br></div><div class="chat message-error">Battle timer is ON: inactive players will automatically lose when time's up. (requested by The Hero 0f Rhyme)</div><div class="spacer battle-history"><br></div><div class="battle-history">Go! <strong>Volbeat</strong>!<br></div><div class="spacer battle-history"><br></div><h2 class="battle-history">Turn 5</h2><div class="spacer battle-history"><br></div><div class="battle-history">Volbeat used <strong>Thunder Wave</strong>!<br></div><div class="battle-history"><small>The opposing Dietetic is paralyzed! It may be unable to move!</small><br></div><div class="spacer battle-history"><br></div><div class="battle-history">The opposing Dietetic used <strong>Quiver Dance</strong>!<br></div><div class="battle-history"><small>The opposing Dietetic's Special Attack rose!</small><br></div><div class="battle-history"><small>The opposing Dietetic's Special Defense rose!</small><br></div><div class="battle-history"><small>The opposing Dietetic's Speed rose!</small><br></div><div class="spacer battle-history"><br></div><h2 class="battle-history">Turn 6</h2><div class="spacer battle-history"><br></div><div class="battle-history">Volbeat used <strong>Encore</strong>!<br></div><div class="battle-history"><small>The opposing Dietetic received an encore!</small><br></div><div class="spacer battle-history"><br></div><div class="battle-history">The opposing Dietetic is paralyzed! It can't move!<br></div><div class="spacer battle-history"><br></div><h2 class="battle-history">Turn 7</h2><div class="spacer battle-history"><br></div><div class="battle-history">The Hero 0f Rhyme withdrew Dietetic!<br></div><div class="battle-history">The Hero 0f Rhyme sent out Mr Higgings (<strong>Probopass</strong>)!<br></div><div class="spacer battle-history"><br></div><div class="battle-history">Volbeat used <strong>Rain Dance</strong>!<br></div><div class="battle-history"><small>It started to rain!</small><br></div><div class="spacer battle-history"><br></div><div class="battle-history"><small>(Rain continues to fall!)</small><br></div><div class="spacer battle-history"><br></div><h2 class="battle-history">Turn 8</h2><div class="spacer battle-history"><br></div><div class="battle-history">Volbeat used <strong>U-turn</strong>!<br></div><div class="battle-history"><small>It's not very effective...</small><br></div><div class="battle-history"><small>(The opposing Mr Higgings lost <abbr title="−24/324">7.4%</abbr> of its health!)</small><br></div><div class="spacer battle-history"><br></div><div class="battle-history">Volbeat went back to Aaronboyer!<br></div><div class="battle-history">Go! <strong>Gorebyss</strong>!<br></div><div class="spacer battle-history"><br></div><div class="battle-history">The opposing Mr Higgings used <strong>Stealth Rock</strong>!<br></div><div class="battle-history"><small>Pointed stones float in the air around your team!</small><br></div><div class="spacer battle-history"><br></div><div class="battle-history"><small>(Rain continues to fall!)</small><br></div><div class="battle-history"><small>The opposing Mr Higgings restored a little HP using its Leftovers!</small><br></div><div class="spacer battle-history"><br></div><h2 class="battle-history">Turn 9</h2><div class="spacer battle-history"><br></div><div class="battle-history">Gorebyss used <strong>Shell Smash</strong>!<br></div><div class="battle-history"><small>Gorebyss's Defense fell!</small><br></div><div class="battle-history"><small>Gorebyss's Special Defense fell!</small><br></div><div class="battle-history"><small>Gorebyss's Attack rose sharply!</small><br></div><div class="battle-history"><small>Gorebyss's Special Attack rose sharply!</small><br></div><div class="battle-history"><small>Gorebyss's Speed rose sharply!</small><br></div><div class="battle-history"><small>Gorebyss returned its status to normal using its White Herb!</small><br></div><div class="spacer battle-history"><br></div><div class="battle-history">The opposing Mr Higgings used <strong>Thunder Wave</strong>!<br></div><div class="battle-history"><small>Gorebyss is paralyzed! It may be unable to move!</small><br></div><div class="spacer battle-history"><br></div><div class="battle-history"><small>(Rain continues to fall!)</small><br></div><div class="battle-history"><small>The opposing Mr Higgings restored a little HP using its Leftovers!</small><br></div><div class="spacer battle-history"><br></div><h2 class="battle-history">Turn 10</h2><div class="chat chatmessage-quagsgone"><strong style="color:hsl(283,77%,45.76726876648347%)"><small> </small><span class="username" data-name="quagsgone">quagsgone</span>:</strong> <em>rip</em></div><div class="spacer battle-history"><br></div><div class="battle-history">Gorebyss used <strong>Surf</strong>!<br></div><div class="battle-history"><small>It's super effective!</small><br></div><div class="battle-history"><small>[The opposing Mr Higgings's Sturdy]</small><br><small>The opposing Mr Higgings endured the hit!</small><br></div><div class="battle-history"><small>(The opposing Mr Higgings lost <abbr title="−323/324">99.7%</abbr> of its health!)</small><br></div><div class="spacer battle-history"><br></div><div class="battle-history">The opposing Mr Higgings used <strong>Volt Switch</strong>!<br></div><div class="battle-history"><small>It's super effective!</small><br></div><div class="battle-history"><small>(Gorebyss lost <abbr title="−110/251">43.8%</abbr> of its health!)</small><br></div><div class="spacer battle-history"><br></div><div class="battle-history">The opposing Mr Higgings went back to The Hero 0f Rhyme!<br></div><div class="battle-history">The Hero 0f Rhyme sent out Cris (<strong>Roselia</strong>)!<br></div><div class="spacer battle-history"><br></div><div class="battle-history"><small>(Rain continues to fall!)</small><br></div><div class="spacer battle-history"><br></div><h2 class="battle-history">Turn 11</h2><div class="spacer battle-history"><br></div><div class="battle-history">Gorebyss is paralyzed! It can't move!<br></div><div class="spacer battle-history"><br></div><div class="battle-history">The opposing Cris used <strong>Giga Drain</strong>!<br></div><div class="battle-history"><small>It's super effective!</small><br></div><div class="battle-history"><small>(Gorebyss lost <abbr title="−141/251">56.2%</abbr> of its health!)</small><br></div><div class="spacer battle-history"><br></div><div class="battle-history">Gorebyss fainted!<br></div><div class="spacer battle-history"><br></div><div class="battle-history"><small>(Rain continues to fall!)</small><br></div><div class="spacer battle-history"><br></div><div class="battle-history">Go! <strong>Beartic</strong>!<br></div><div class="battle-history"><small>Pointed stones dug into Beartic!</small><br></div><div class="spacer battle-history"><br></div><h2 class="battle-history">Turn 12</h2><div class="spacer battle-history"><br></div><div class="battle-history">The Hero 0f Rhyme withdrew Cris!<br></div><div class="battle-history">The Hero 0f Rhyme sent out Mr Higgings (<strong>Probopass</strong>)!<br></div><div class="spacer battle-history"><br></div><div class="battle-history">Beartic used <strong>Icicle Crash</strong>!<br></div><div class="battle-history"><small>It's not very effective...</small><br></div><div class="battle-history"><small>(The opposing Mr Higgings lost <abbr title="−1/324">0.3%</abbr> of its health!)</small><br></div><div class="battle-history"><small>Beartic lost some of its HP!</small><br></div><div class="spacer battle-history"><br></div><div class="battle-history">The opposing Mr Higgings fainted!<br></div><div class="spacer battle-history"><br></div><div class="battle-history"><small>(Rain continues to fall!)</small><br></div><div class="spacer battle-history"><br></div><div class="battle-history">The Hero 0f Rhyme sent out Nagini (<strong>Arbok</strong>)!<br></div><div class="battle-history"><small>[The opposing Nagini's Intimidate]</small><br></div><div class="battle-history"><small>Beartic's Attack fell!</small><br></div><div class="spacer battle-history"><br></div><h2 class="battle-history">Turn 13</h2><div class="spacer battle-history"><br></div><div class="battle-history">Beartic used <strong>Swords Dance</strong>!<br></div><div class="battle-history"><small>Beartic's Attack rose sharply!</small><br></div><div class="spacer battle-history"><br></div><div class="battle-history">The opposing Nagini used <strong>Coil</strong>!<br></div><div class="battle-history"><small>The opposing Nagini's Attack rose!</small><br></div><div class="battle-history"><small>The opposing Nagini's Defense rose!</small><br></div><div class="battle-history"><small>The opposing Nagini's accuracy rose!</small><br></div><div class="spacer battle-history"><br></div><div class="battle-history"><small>(Rain continues to fall!)</small><br></div><div class="spacer battle-history"><br></div><h2 class="battle-history">Turn 14</h2><div class="spacer battle-history"><br></div><div class="battle-history">Beartic used <strong>Icicle Crash</strong>!<br></div><div class="battle-history"><small>(The opposing Nagini lost <abbr title="−261/261">100%</abbr> of its health!)</small><br></div><div class="battle-history"><small>Beartic lost some of its HP!</small><br></div><div class="spacer battle-history"><br></div><div class="battle-history">The opposing Nagini fainted!<br></div><div class="spacer battle-history"><br></div><div class="battle-history"><small>The rain stopped.</small><br></div><div class="spacer battle-history"><br></div><div class="battle-history">The Hero 0f Rhyme sent out Jackie Chan (<strong>Monferno</strong>)!<br></div><div class="spacer battle-history"><br></div><h2 class="battle-history">Turn 15</h2><div class="spacer battle-history"><br></div><div class="battle-history">The opposing Jackie Chan used <strong>Mach Punch</strong>!<br></div><div class="battle-history"><small>It's super effective!</small><br></div><div class="battle-history"><small>(Beartic lost <abbr title="−170/331">51.4%</abbr> of its health!)</small><br></div><div class="spacer battle-history"><br></div><div class="battle-history">Beartic used <strong>Aqua Jet</strong>!<br></div><div class="battle-history"><small>It's super effective!</small><br></div><div class="battle-history"><small>(The opposing Jackie Chan lost <abbr title="−192/269">71.4%</abbr> of its health!)</small><br></div><div class="battle-history"><small>Beartic lost some of its HP!</small><br></div><div class="spacer battle-history"><br></div><div class="battle-history">Beartic fainted!<br></div><div class="spacer battle-history"><br></div><div class="battle-history">Go! <strong>Volbeat</strong>!<br></div><div class="battle-history"><small>Pointed stones dug into Volbeat!</small><br></div><div class="spacer battle-history"><br></div><h2 class="battle-history">Turn 16</h2><div class="spacer battle-history"><br></div><div class="battle-history">Volbeat used <strong>Rain Dance</strong>!<br></div><div class="battle-history"><small>It started to rain!</small><br></div><div class="spacer battle-history"><br></div><div class="battle-history">The opposing Jackie Chan used <strong>U-turn</strong>!<br></div><div class="battle-history"><small>A critical hit!</small><br></div><div class="battle-history"><small>(Volbeat lost <abbr title="−102/333">30.6%</abbr> of its health!)</small><br></div><div class="spacer battle-history"><br></div><div class="battle-history">The opposing Jackie Chan went back to The Hero 0f Rhyme!<br></div><div class="battle-history">The Hero 0f Rhyme sent out Dietetic (<strong>Butterfree</strong>)!<br></div><div class="spacer battle-history"><br></div><div class="battle-history"><small>(Rain continues to fall!)</small><br></div><div class="spacer battle-history"><br></div><h2 class="battle-history">Turn 17</h2><div class="spacer battle-history"><br></div><div class="battle-history">Volbeat used <strong>U-turn</strong>!<br></div><div class="battle-history"><small>It's not very effective...</small><br></div><div class="battle-history"><small>(The opposing Dietetic lost <abbr title="−58/261">22.2%</abbr> of its health!)</small><br></div><div class="spacer battle-history"><br></div><div class="battle-history">Volbeat went back to Aaronboyer!<br></div><div class="battle-history">Go! <strong>Golduck</strong>!<br></div><div class="battle-history"><small>Pointed stones dug into Golduck!</small><br></div><div class="spacer battle-history"><br></div><div class="battle-history">The opposing Dietetic used <strong>Sleep Powder</strong>!<br></div><div class="battle-history"><small>Golduck fell asleep!</small><br></div><div class="spacer battle-history"><br></div><div class="battle-history"><small>(Rain continues to fall!)</small><br></div><div class="spacer battle-history"><br></div><h2 class="battle-history">Turn 18</h2><div class="spacer battle-history"><br></div><div class="battle-history">Golduck is fast asleep.<br></div><div class="spacer battle-history"><br></div><div class="battle-history">The opposing Dietetic used <strong>Bug Buzz</strong>!<br></div><div class="battle-history"><small>A critical hit!</small><br></div><div class="battle-history"><small>(Golduck lost <abbr title="−264/301">87.7%</abbr> of its health!)</small><br></div><div class="battle-history"><small>The opposing Dietetic lost some of its HP!</small><br></div><div class="spacer battle-history"><br></div><div class="battle-history">Golduck fainted!<br></div><div class="spacer battle-history"><br></div><div class="battle-history"><small>(Rain continues to fall!)</small><br></div><div class="spacer battle-history"><br></div><div class="battle-history">Go! <strong>Armaldo</strong>!<br></div><div class="battle-history"><small>Pointed stones dug into Armaldo!</small><br></div><div class="spacer battle-history"><br></div><h2 class="battle-history">Turn 19</h2><div class="chat"><small>s213 joined.</small></div><div class="spacer battle-history"><br></div><div class="battle-history">Armaldo used <strong>Swords Dance</strong>!<br></div><div class="battle-history"><small>Armaldo's Attack rose sharply!</small><br></div><div class="spacer battle-history"><br></div><div class="battle-history">The opposing Dietetic used <strong>Sleep Powder</strong>!<br></div><div class="battle-history"><small>Armaldo fell asleep!</small><br></div><div class="spacer battle-history"><br></div><div class="battle-history"><small>(Rain continues to fall!)</small><br></div><div class="spacer battle-history"><br></div><h2 class="battle-history">Turn 20</h2><div class="spacer battle-history"><br></div><div class="battle-history">Armaldo is fast asleep.<br></div><div class="spacer battle-history"><br></div><div class="battle-history">The opposing Dietetic is paralyzed! It can't move!<br></div><div class="spacer battle-history"><br></div><div class="battle-history"><small>(Rain continues to fall!)</small><br></div><div class="spacer battle-history"><br></div><h2 class="battle-history">Turn 21</h2><div class="spacer battle-history"><br></div><div class="battle-history">Armaldo is fast asleep.<br></div><div class="spacer battle-history"><br></div><div class="battle-history">The opposing Dietetic is paralyzed! It can't move!<br></div><div class="spacer battle-history"><br></div><div class="battle-history"><small>(Rain continues to fall!)</small><br></div><div class="spacer battle-history"><br></div><h2 class="battle-history">Turn 22</h2><div class="chat chatmessage-thehero0frhyme"><strong style="color:hsl(159,70%,37.54420772526872%)"><small>☆</small><span class="username" data-name="The Hero 0f Rhyme">The Hero 0f Rhyme</span>:</strong> <em>NOOO</em></div><div class="spacer battle-history"><br></div><div class="battle-history">Armaldo is fast asleep.<br></div><div class="spacer battle-history"><br></div><div class="battle-history">The opposing Dietetic used <strong>Bug Buzz</strong>!<br></div><div class="battle-history"><small>(Armaldo lost <abbr title="−208/291">71.5%</abbr> of its health!)</small><br></div><div class="battle-history"><small>The opposing Dietetic lost some of its HP!</small><br></div><div class="spacer battle-history"><br></div><div class="battle-history"><small>(Rain continues to fall!)</small><br></div><div class="spacer battle-history"><br></div><h2 class="battle-history">Turn 23</h2><div class="spacer battle-history"><br></div><div class="battle-history"><small>Armaldo woke up!</small><br></div><div class="spacer battle-history"><br></div><div class="battle-history">Armaldo used <strong>Aqua Jet</strong>!<br></div><div class="battle-history"><small>(The opposing Dietetic lost <abbr title="−99/261">37.9%</abbr> of its health!)</small><br></div><div class="battle-history"><small>Armaldo lost some of its HP!</small><br></div><div class="spacer battle-history"><br></div><div class="battle-history">The opposing Dietetic fainted!<br></div><div class="battle-history">Armaldo fainted!<br></div><div class="spacer battle-history"><br></div><div class="battle-history"><small>The rain stopped.</small><br></div><div class="spacer battle-history"><br></div><div class="battle-history"><small>Aaronboyer forfeited.</small><br></div><div class="spacer battle-history"><br></div><div class="battle-history"><strong>The Hero 0f Rhyme</strong> won the battle!<br></div><div class="chat"><small>Aaronboyer left.</small></div><div class="chat"><small>quagsgone left.</small></div></div><div class="inner-preempt"></div></div></div>
</div>
<script>
let daily = Math.floor(Date.now()/1000/60/60/24);document.write('<script src="https://play.pokemonshowdown.com/js/replay-embed.js?version'+daily+'"></'+'script>');
</script>
