<!DOCTYPE html>
<meta charset="utf-8" />
<!-- version 1 -->
<title>PU replay: irebel vs. RawMelon</title>
<style>
html,body {font-family:Verdana, sans-serif;font-size:10pt;margin:0;padding:0;}body{padding:12px 0;} .battle-log {font-family:Verdana, sans-serif;font-size:10pt;} .battle-log-inline {border:1px solid #AAAAAA;background:#EEF2F5;color:black;max-width:640px;margin:0 auto 80px;padding-bottom:5px;} .battle-log .inner {padding:4px 8px 0px 8px;} .battle-log .inner-preempt {padding:0 8px 4px 8px;} .battle-log .inner-after {margin-top:0.5em;} .battle-log h2 {margin:0.5em -8px;padding:4px 8px;border:1px solid #AAAAAA;background:#E0E7EA;border-left:0;border-right:0;font-family:Verdana, sans-serif;font-size:13pt;} .battle-log .chat {vertical-align:middle;padding:3px 0 3px 0;font-size:8pt;} .battle-log .chat strong {color:#40576A;} .battle-log .chat em {padding:1px 4px 1px 3px;color:#000000;font-style:normal;} .chat.mine {background:rgba(0,0,0,0.05);margin-left:-8px;margin-right:-8px;padding-left:8px;padding-right:8px;} .spoiler {color:#BBBBBB;background:#BBBBBB;padding:0px 3px;} .spoiler:hover, .spoiler:active, .spoiler-shown {color:#000000;background:#E2E2E2;padding:0px 3px;} .spoiler a {color:#BBBBBB;} .spoiler:hover a, .spoiler:active a, .spoiler-shown a {color:#2288CC;} .chat code, .chat .spoiler:hover code, .chat .spoiler:active code, .chat .spoiler-shown code {border:1px solid #C0C0C0;background:#EEEEEE;color:black;padding:0 2px;} .chat .spoiler code {border:1px solid #CCCCCC;background:#CCCCCC;color:#CCCCCC;} .battle-log .rated {padding:3px 4px;} .battle-log .rated strong {color:white;background:#89A;padding:1px 4px;border-radius:4px;} .spacer {margin-top:0.5em;} .message-announce {background:#6688AA;color:white;padding:1px 4px 2px;} .message-announce a, .broadcast-green a, .broadcast-blue a, .broadcast-red a {color:#DDEEFF;} .broadcast-green {background-color:#559955;color:white;padding:2px 4px;} .broadcast-blue {background-color:#6688AA;color:white;padding:2px 4px;} .infobox {border:1px solid #6688AA;padding:2px 4px;} .infobox-limited {max-height:200px;overflow:auto;overflow-x:hidden;} .broadcast-red {background-color:#AA5544;color:white;padding:2px 4px;} .message-learn-canlearn {font-weight:bold;color:#228822;text-decoration:underline;} .message-learn-cannotlearn {font-weight:bold;color:#CC2222;text-decoration:underline;} .message-effect-weak {font-weight:bold;color:#CC2222;} .message-effect-resist {font-weight:bold;color:#6688AA;} .message-effect-immune {font-weight:bold;color:#666666;} .message-learn-list {margin-top:0;margin-bottom:0;} .message-throttle-notice, .message-error {color:#992222;} .message-overflow, .chat small.message-overflow {font-size:0pt;} .message-overflow::before {font-size:9pt;content:'...';} .subtle {color:#3A4A66;}
</style>
<div class="wrapper replay-wrapper" style="max-width:1180px;margin:0 auto">
<input type="hidden" name="replayid" value="pu-560931266" />
<div class="battle"></div><div class="battle-log"></div><div class="replay-controls"></div><div class="replay-controls-2"></div>
<h1 style="font-weight:normal;text-align:center"><strong>PU</strong><br /><a href="http://pokemonshowdown.com/users/irebel" class="subtle" target="_blank">irebel</a> vs. <a href="http://pokemonshowdown.com/users/rawmelon" class="subtle" target="_blank">RawMelon</a></h1>
<script type="text/plain" class="battle-log-data">|j|irebel
|j|RawMelon
|player|p1|irebel|94
|player|p2|RawMelon|154
|gametype|singles
|gen|6
|tier|PU
|seed|22697,51306,47017,45345
|rule|Sleep Clause Mod: Limit one foe put to sleep
|rule|Species Clause: Limit one of each Pokémon
|rule|OHKO Clause: OHKO moves are banned
|rule|Moody Clause: Moody is banned
|rule|Evasion Moves Clause: Evasion moves are banned
|rule|Endless Battle Clause: Forcing endless battles is banned
|rule|HP Percentage Mod: HP is shown in percentages
|clearpoke
|poke|p1|Muk, M|item
|poke|p1|Probopass, M|item
|poke|p1|Vibrava, F|item
|poke|p1|Stoutland, M|item
|poke|p1|Politoed, F|item
|poke|p1|Articuno|item
|poke|p2|Gabite, F|item
|poke|p2|Tentacool, M|item
|poke|p2|Pawniard, M|item
|poke|p2|Articuno|item
|poke|p2|Zebstrika, M|item
|poke|p2|Ursaring, F|item
|rule|Swagger Clause: Swagger is banned
|rule|Baton Pass Clause: Limit one Baton Passer, can't pass Spe and other stats simultaneously
|teampreview
|c|☆irebel|sorry i was afk
|c|☆RawMelon|hf
|c|☆irebel|hf
|choice|team 4, team 2, team 3, team 1, team 5, team 6|team 5, team 2, team 3, team 4, team 1, team 6
|
|start
|switch|p1a: Stoutland|Stoutland, M|311\/311
|switch|p2a: Zebstrika|Zebstrika, M|291\/291
|turn|1
|choice|move pursuit|move voltswitch
|
|move|p2a: Zebstrika|Volt Switch|p1a: Stoutland
|-damage|p1a: Stoutland|173\/311
|-damage|p2a: Zebstrika|262\/291|[from] item: Life Orb
|choice||switch 5
|
|-activate|p2a: Zebstrika|move: Pursuit
|move|p1a: Stoutland|Pursuit|p2a: Zebstrika|[from]Pursuit
|-damage|p2a: Zebstrika|41\/291
|switch|p2a: Gabite|Gabite, F|277\/277
|
|upkeep
|turn|2
|choice|switch 6|move stealthrock
|
|switch|p1a: Articuno|Articuno|321\/321
|-ability|p1a: Articuno|Pressure
|move|p2a: Gabite|Stealth Rock|p1a: Articuno
|-sidestart|p1: irebel|move: Stealth Rock
|
|upkeep
|turn|3
|choice|move freezedry|switch 6
|
|switch|p2a: Ursaring|Ursaring, F|383\/383
|move|p1a: Articuno|Freeze-Dry|p2a: Ursaring
|-damage|p2a: Ursaring|290\/383
|
|-heal|p2a: Ursaring|313\/383|[from] item: Leftovers
|upkeep
|turn|4
|c|☆irebel|wait
|c|☆irebel|how
|choice|switch 2|move frustration
|
|switch|p1a: Probopass|Probopass, M|261\/261
|-damage|p1a: Probopass|245\/261|[from] Stealth Rock
|-item|p1a: Probopass|Air Balloon
|move|p2a: Ursaring|Frustration|p1a: Probopass
|-resisted|p1a: Probopass
|-damage|p1a: Probopass|220\/261
|-enditem|p1a: Probopass|Air Balloon
|
|-heal|p2a: Ursaring|336\/383|[from] item: Leftovers
|upkeep
|turn|5
|choice|move stealthrock|switch 2
|
|switch|p2a: Tentacool|Tentacool, M|284\/284
|move|p1a: Probopass|Stealth Rock|p2a: Tentacool
|-sidestart|p2: RawMelon|move: Stealth Rock
|
|upkeep
|turn|6
|choice|switch 3|move rapidspin
|
|switch|p1a: Vibrava|Vibrava, F|303\/303
|-damage|p1a: Vibrava|285\/303|[from] Stealth Rock
|move|p2a: Tentacool|Rapid Spin|p1a: Vibrava
|-damage|p1a: Vibrava|278\/303
|-sideend|p2: RawMelon|Stealth Rock|[from] move: Rapid Spin|[of] p2a: Tentacool
|
|upkeep
|turn|7
|choice|move defog|move toxicspikes
|
|move|p2a: Tentacool|Toxic Spikes|p1a: Vibrava
|-sidestart|p1: irebel|move: Toxic Spikes
|move|p1a: Vibrava|Defog|p2a: Tentacool
|-fail|p2a: Tentacool|unboost|[from] ability: Clear Body|[of] p2a: Tentacool
|-sideend|p1: irebel|Toxic Spikes|[from] move: Defog|[of] p1a: Vibrava
|-sideend|p1: irebel|Stealth Rock|[from] move: Defog|[of] p1a: Vibrava
|
|upkeep
|turn|8
|choice|move uturn|switch 4
|
|switch|p2a: Articuno|Articuno|321\/321
|-ability|p2a: Articuno|Pressure
|move|p1a: Vibrava|U-turn|p2a: Articuno
|-resisted|p2a: Articuno
|-damage|p2a: Articuno|299\/321
|choice|switch 4|
|
|switch|p1a: Muk|Muk, M|414\/414
|
|-heal|p2a: Articuno|319\/321|[from] item: Leftovers
|upkeep
|turn|9
|choice|move poisonjab|switch 3
|
|switch|p2a: Pawniard|Pawniard, M|231\/231
|move|p1a: Muk|Poison Jab|p2a: Pawniard
|-immune|p2a: Pawniard|[msg]
|
|upkeep
|turn|10
|choice|switch 3|switch 6
|
|switch|p2a: Gabite|Gabite, F|277\/277
|switch|p1a: Probopass|Probopass, M|220\/261
|
|upkeep
|turn|11
|choice|switch 2|move stealthrock
|
|switch|p1a: Articuno|Articuno|321\/321
|-ability|p1a: Articuno|Pressure
|move|p2a: Gabite|Stealth Rock|p1a: Articuno
|-sidestart|p1: irebel|move: Stealth Rock
|
|upkeep
|turn|12
|choice|move freezedry|switch 3
|
|switch|p2a: Articuno|Articuno|319\/321
|-ability|p2a: Articuno|Pressure
|move|p1a: Articuno|Freeze-Dry|p2a: Articuno
|-damage|p2a: Articuno|235\/321
|
|-heal|p2a: Articuno|255\/321|[from] item: Leftovers
|upkeep
|turn|13
|choice|move substitute|move hurricane
|
|move|p1a: Articuno|Substitute|p1a: Articuno
|-start|p1a: Articuno|Substitute
|-damage|p1a: Articuno|241\/321
|move|p2a: Articuno|Hurricane|p1a: Articuno
|-end|p1a: Articuno|Substitute
|
|-heal|p1a: Articuno|261\/321|[from] item: Leftovers
|-heal|p2a: Articuno|275\/321|[from] item: Leftovers
|upkeep
|turn|14
|choice|move freezedry|move freezedry
|
|move|p1a: Articuno|Freeze-Dry|p2a: Articuno
|-damage|p2a: Articuno|194\/321
|move|p2a: Articuno|Freeze-Dry|p1a: Articuno
|-damage|p1a: Articuno|180\/321
|
|-heal|p2a: Articuno|214\/321|[from] item: Leftovers
|-heal|p1a: Articuno|200\/321|[from] item: Leftovers
|upkeep
|turn|15
|choice|move roost|move roost
|
|move|p2a: Articuno|Roost|p2a: Articuno
|-heal|p2a: Articuno|321\/321
|move|p1a: Articuno|Roost|p1a: Articuno
|-heal|p1a: Articuno|321\/321
|
|upkeep
|turn|16
|choice|switch 3|move hurricane
|
|switch|p1a: Muk|Muk, M|414\/414
|-damage|p1a: Muk|363\/414|[from] Stealth Rock
|move|p2a: Articuno|Hurricane|p1a: Muk|[miss]
|-miss|p2a: Articuno|p1a: Muk
|
|-heal|p1a: Muk|388\/414|[from] item: Black Sludge
|upkeep
|turn|17
|choice|move poisonjab|switch 3
|
|switch|p2a: Gabite|Gabite, F|277\/277
|move|p1a: Muk|Poison Jab|p2a: Gabite
|-resisted|p2a: Gabite
|-damage|p2a: Gabite|235\/277
|-damage|p1a: Muk|337\/414|[from] ability: Rough Skin|[of] p2a: Gabite
|
|-heal|p1a: Muk|362\/414|[from] item: Black Sludge
|upkeep
|turn|18
|choice|switch 5|move toxic
|
|switch|p1a: Politoed|Politoed, F|384\/384
|-damage|p1a: Politoed|336\/384|[from] Stealth Rock
|move|p2a: Gabite|Toxic|p1a: Politoed
|-status|p1a: Politoed|tox
|
|-heal|p1a: Politoed|360\/384 tox|[from] item: Leftovers
|-damage|p1a: Politoed|336\/384 tox|[from] psn
|upkeep
|turn|19
|choice|switch 4|switch 4
|
|switch|p2a: Tentacool|Tentacool, M|284\/284
|switch|p1a: Vibrava|Vibrava, F|278\/303
|-damage|p1a: Vibrava|260\/303|[from] Stealth Rock
|
|upkeep
|turn|20
|choice|move defog|move scald
|
|move|p2a: Tentacool|Scald|p1a: Vibrava
|-damage|p1a: Vibrava|223\/303
|move|p1a: Vibrava|Defog|p2a: Tentacool
|-fail|p2a: Tentacool|unboost|[from] ability: Clear Body|[of] p2a: Tentacool
|-sideend|p1: irebel|Stealth Rock|[from] move: Defog|[of] p1a: Vibrava
|
|upkeep
|turn|21
|choice|move uturn|move scald
|
|move|p2a: Tentacool|Scald|p1a: Vibrava
|-damage|p1a: Vibrava|186\/303
|move|p1a: Vibrava|U-turn|p2a: Tentacool
|-resisted|p2a: Tentacool
|-damage|p2a: Tentacool|253\/284
|choice|switch 6|
|
|switch|p1a: Stoutland|Stoutland, M|173\/311
|
|upkeep
|turn|22
|c|☆irebel|burn
|choice|move return|switch 5
|
|switch|p2a: Zebstrika|Zebstrika, M|41\/291
|move|p1a: Stoutland|Return|p2a: Zebstrika
|-damage|p2a: Zebstrika|0 fnt
|faint|p2a: Zebstrika
|
|upkeep
|choice||switch 3
|
|switch|p2a: Articuno|Articuno|321\/321
|-ability|p2a: Articuno|Pressure
|turn|23
|choice|move return|move hurricane
|
|move|p2a: Articuno|Hurricane|p1a: Stoutland
|-damage|p1a: Stoutland|0 fnt
|faint|p1a: Stoutland
|
|upkeep
|choice|switch 5|
|
|switch|p1a: Muk|Muk, M|362\/414
|turn|24
|choice|switch 3|switch 6
|
|switch|p2a: Pawniard|Pawniard, M|231\/231
|switch|p1a: Articuno|Articuno|321\/321
|-ability|p1a: Articuno|Pressure
|
|upkeep
|turn|25
|choice|switch 2|switch 2
|
|switch|p1a: Probopass|Probopass, M|220\/261
|switch|p2a: Ursaring|Ursaring, F|336\/383
|
|-heal|p2a: Ursaring|359\/383|[from] item: Leftovers
|upkeep
|turn|26
|choice|move stealthrock|switch 5
|
|switch|p2a: Tentacool|Tentacool, M|253\/284
|move|p1a: Probopass|Stealth Rock|p2a: Tentacool
|-sidestart|p2: RawMelon|move: Stealth Rock
|
|upkeep
|turn|27
|choice|switch 2|move rapidspin
|
|switch|p1a: Articuno|Articuno|321\/321
|-ability|p1a: Articuno|Pressure
|move|p2a: Tentacool|Rapid Spin|p1a: Articuno
|-crit|p1a: Articuno
|-damage|p1a: Articuno|312\/321
|-sideend|p2: RawMelon|Stealth Rock|[from] move: Rapid Spin|[of] p2a: Tentacool
|
|-heal|p1a: Articuno|321\/321|[from] item: Leftovers
|upkeep
|turn|28
|choice|move freezedry|switch 5
|
|switch|p2a: Ursaring|Ursaring, F|359\/383
|move|p1a: Articuno|Freeze-Dry|p2a: Ursaring
|-damage|p2a: Ursaring|277\/383
|
|-heal|p2a: Ursaring|300\/383|[from] item: Leftovers
|upkeep
|turn|29
|choice|switch 2|move bulkup
|
|switch|p1a: Probopass|Probopass, M|220\/261
|move|p2a: Ursaring|Bulk Up|p2a: Ursaring
|-boost|p2a: Ursaring|atk|1
|-boost|p2a: Ursaring|def|1
|
|-heal|p2a: Ursaring|323\/383|[from] item: Leftovers
|upkeep
|turn|30
|choice|move earthpower|move frustration
|
|move|p1a: Probopass|Earth Power|p2a: Ursaring
|-crit|p2a: Ursaring
|-damage|p2a: Ursaring|223\/383
|move|p2a: Ursaring|Frustration|p1a: Probopass
|-resisted|p1a: Probopass
|-damage|p1a: Probopass|177\/261
|
|-heal|p2a: Ursaring|246\/383|[from] item: Leftovers
|upkeep
|turn|31
|c|☆irebel|cuno's so weak
|choice|move flashcannon|move frustration
|
|move|p1a: Probopass|Flash Cannon|p2a: Ursaring
|-damage|p2a: Ursaring|158\/383
|-unboost|p2a: Ursaring|spd|1
|move|p2a: Ursaring|Frustration|p1a: Probopass
|-resisted|p1a: Probopass
|-damage|p1a: Probopass|135\/261
|
|-heal|p2a: Ursaring|181\/383|[from] item: Leftovers
|upkeep
|turn|32
|choice|move flashcannon|move rest
|
|move|p1a: Probopass|Flash Cannon|p2a: Ursaring
|-damage|p2a: Ursaring|55\/383
|-unboost|p2a: Ursaring|spd|1
|move|p2a: Ursaring|Rest|p2a: Ursaring
|-status|p2a: Ursaring|slp
|-heal|p2a: Ursaring|383\/383 slp|[silent]
|-status|p2a: Ursaring|slp|[from] move: Rest
|
|upkeep
|turn|33
|choice|move flashcannon|switch 5
|
|switch|p2a: Tentacool|Tentacool, M|253\/284
|move|p1a: Probopass|Flash Cannon|p2a: Tentacool
|-resisted|p2a: Tentacool
|-damage|p2a: Tentacool|226\/284
|
|upkeep
|turn|34
|choice|move voltswitch|move scald
|
|move|p2a: Tentacool|Scald|p1a: Probopass
|-supereffective|p1a: Probopass
|-damage|p1a: Probopass|55\/261
|move|p1a: Probopass|Volt Switch|p2a: Tentacool
|-supereffective|p2a: Tentacool
|-crit|p2a: Tentacool
|-damage|p2a: Tentacool|120\/284
|choice|switch 2|
|
|switch|p1a: Articuno|Articuno|321\/321
|-ability|p1a: Articuno|Pressure
|
|upkeep
|turn|35
|choice|move freezedry|switch 6
|
|switch|p2a: Articuno|Articuno|321\/321
|-ability|p2a: Articuno|Pressure
|move|p1a: Articuno|Freeze-Dry|p2a: Articuno
|-damage|p2a: Articuno|245\/321
|
|-heal|p2a: Articuno|265\/321|[from] item: Leftovers
|upkeep
|turn|36
|choice|move freezedry|move freezedry
|
|move|p1a: Articuno|Freeze-Dry|p2a: Articuno
|-damage|p2a: Articuno|183\/321
|move|p2a: Articuno|Freeze-Dry|p1a: Articuno
|-damage|p1a: Articuno|237\/321
|
|-heal|p2a: Articuno|203\/321|[from] item: Leftovers
|-heal|p1a: Articuno|257\/321|[from] item: Leftovers
|upkeep
|turn|37
|choice|move freezedry|move roost
|
|move|p2a: Articuno|Roost|p2a: Articuno
|-heal|p2a: Articuno|321\/321
|move|p1a: Articuno|Freeze-Dry|p2a: Articuno
|-resisted|p2a: Articuno
|-damage|p2a: Articuno|276\/321
|
|-heal|p1a: Articuno|277\/321|[from] item: Leftovers
|-heal|p2a: Articuno|296\/321|[from] item: Leftovers
|upkeep
|turn|38
|choice|move roost|move hurricane
|
|move|p1a: Articuno|Roost|p1a: Articuno
|-heal|p1a: Articuno|321\/321
|move|p2a: Articuno|Hurricane|p1a: Articuno|[miss]
|-miss|p2a: Articuno|p1a: Articuno
|
|-heal|p2a: Articuno|316\/321|[from] item: Leftovers
|upkeep
|turn|39
|choice|switch 3|move freezedry
|
|switch|p1a: Muk|Muk, M|362\/414
|move|p2a: Articuno|Freeze-Dry|p1a: Muk
|-damage|p1a: Muk|295\/414
|
|-heal|p2a: Articuno|321\/321|[from] item: Leftovers
|-heal|p1a: Muk|320\/414|[from] item: Black Sludge
|upkeep
|turn|40
|choice|move poisonjab|switch 2
|
|switch|p2a: Pawniard|Pawniard, M|231\/231
|move|p1a: Muk|Poison Jab|p2a: Pawniard
|-immune|p2a: Pawniard|[msg]
|
|-heal|p1a: Muk|345\/414|[from] item: Black Sludge
|upkeep
|turn|41
|choice|switch 6|move ironhead
|
|switch|p1a: Vibrava|Vibrava, F|186\/303
|move|p2a: Pawniard|Iron Head|p1a: Vibrava
|-damage|p1a: Vibrava|51\/303
|
|upkeep
|turn|42
|c|☆irebel|gg
|choice|move earthquake|move knockoff
|
|move|p2a: Pawniard|Knock Off|p1a: Vibrava
|-damage|p1a: Vibrava|0 fnt
|-enditem|p1a: Vibrava|Eviolite|[from] move: Knock Off|[of] p2a: Pawniard
|faint|p1a: Vibrava
|
|upkeep
|c|☆RawMelon|gg
|choice|switch 2|
|
|switch|p1a: Probopass|Probopass, M|55\/261
|turn|43
|choice|move earthpower|move ironhead
|
|move|p2a: Pawniard|Iron Head|p1a: Probopass
|-damage|p1a: Probopass|0 fnt
|faint|p1a: Probopass
|
|upkeep
|-message|irebel forfeited.
|
|win|RawMelon
|l|irebel</script>
</div>
<div class="battle-log battle-log-inline"><div class="inner"><div class="battle-options"></div><div class="inner"><div class="chat"><small>irebel joined.</small></div><div class="chat"><small>RawMelon joined.</small></div><div class=""><small>Format:</small> <br><strong>PU</strong></div><div class=""><small><em>Sleep Clause Mod:</em> Limit one foe put to sleep</small></div><div class=""><small><em>Species Clause:</em> Limit one of each Pokémon</small></div><div class=""><small><em>OHKO Clause:</em> OHKO moves are banned</small></div><div class=""><small><em>Moody Clause:</em> Moody is banned</small></div><div class=""><small><em>Evasion Moves Clause:</em> Evasion moves are banned</small></div><div class=""><small><em>Endless Battle Clause:</em> Forcing endless battles is banned</small></div><div class=""><small><em>HP Percentage Mod:</em> HP is shown in percentages</small></div><div class=""><small><em>Swagger Clause:</em> Swagger is banned</small></div><div class=""><small><em>Baton Pass Clause:</em> Limit one Baton Passer, can't pass Spe and other stats simultaneously</small></div><div class="chat battle-history"><strong>irebel's team:</strong> <em style="color:#445566;display:block;">Muk / Probopass / Vibrava / Stoutland / Politoed / Articuno</em></div><div class="chat battle-history"><strong>RawMelon's team:</strong> <em style="color:#445566;display:block;">Gabite / Tentacool / Pawniard / Articuno / Zebstrika / Ursaring</em></div><div class="chat chatmessage-irebel"><strong style="color:hsl(235,62%,64.23733663114294%)"><small>☆</small><span class="username" data-name="irebel">irebel</span>:</strong> <em>sorry i was afk</em></div><div class="chat chatmessage-rawmelon"><strong style="color:hsl(223,45%,54.735457078935404%)"><small>☆</small><span class="username" data-name="RawMelon">RawMelon</span>:</strong> <em>hf</em></div><div class="chat chatmessage-irebel"><strong style="color:hsl(235,62%,64.23733663114294%)"><small>☆</small><span class="username" data-name="irebel">irebel</span>:</strong> <em>hf</em></div><div class="spacer battle-history"><br></div><div class="battle-history">Battle started between irebel and RawMelon!<br></div><div class="spacer battle-history"><br></div><div class="battle-history">Go! <strong>Stoutland</strong>!<br></div><div class="spacer battle-history"><br></div><div class="battle-history">RawMelon sent out <strong>Zebstrika</strong>!<br></div><div class="spacer battle-history"><br></div><h2 class="battle-history">Turn 1</h2><div class="spacer battle-history"><br></div><div class="battle-history">The opposing Zebstrika used <strong>Volt Switch</strong>!<br></div><div class="battle-history"><small>(Stoutland lost <abbr title="−138/311">44.4%</abbr> of its health!)</small><br></div><div class="battle-history"><small>The opposing Zebstrika lost some of its HP!</small><br></div><div class="spacer battle-history"><br></div><div class="battle-history"><small>(The opposing Zebstrika is being withdrawn...)</small><br></div><div class="spacer battle-history"><br></div><div class="battle-history">Stoutland used <strong>Pursuit</strong>!<br></div><div class="battle-history"><small>(The opposing Zebstrika lost <abbr title="−221/291">75.9%</abbr> of its health!)</small><br></div><div class="spacer battle-history"><br></div><div class="battle-history">The opposing Zebstrika went back to RawMelon!<br></div><div class="battle-history">RawMelon sent out <strong>Gabite</strong>!<br></div><div class="spacer battle-history"><br></div><h2 class="battle-history">Turn 2</h2><div class="spacer battle-history"><br></div><div class="battle-history">Stoutland, come back!<br></div><div class="battle-history">Go! <strong>Articuno</strong>!<br></div><div class="battle-history"><small>[Articuno's Pressure]</small><br><small>Articuno is exerting its pressure!</small><br></div><div class="spacer battle-history"><br></div><div class="battle-history">The opposing Gabite used <strong>Stealth Rock</strong>!<br></div><div class="battle-history"><small>Pointed stones float in the air around your team!</small><br></div><div class="spacer battle-history"><br></div><h2 class="battle-history">Turn 3</h2><div class="spacer battle-history"><br></div><div class="battle-history">RawMelon withdrew Gabite!<br></div><div class="battle-history">RawMelon sent out <strong>Ursaring</strong>!<br></div><div class="spacer battle-history"><br></div><div class="battle-history">Articuno used <strong>Freeze-Dry</strong>!<br></div><div class="battle-history"><small>(The opposing Ursaring lost <abbr title="−93/383">24.3%</abbr> of its health!)</small><br></div><div class="spacer battle-history"><br></div><div class="battle-history"><small>The opposing Ursaring restored a little HP using its Leftovers!</small><br></div><div class="spacer battle-history"><br></div><h2 class="battle-history">Turn 4</h2><div class="chat chatmessage-irebel"><strong style="color:hsl(235,62%,64.23733663114294%)"><small>☆</small><span class="username" data-name="irebel">irebel</span>:</strong> <em>wait</em></div><div class="chat chatmessage-irebel"><strong style="color:hsl(235,62%,64.23733663114294%)"><small>☆</small><span class="username" data-name="irebel">irebel</span>:</strong> <em>how</em></div><div class="spacer battle-history"><br></div><div class="battle-history">Articuno, come back!<br></div><div class="battle-history">Go! <strong>Probopass</strong>!<br></div><div class="battle-history"><small>Pointed stones dug into Probopass!</small><br></div><div class="battle-history"><small>Probopass floats in the air with its Air Balloon!</small><br></div><div class="spacer battle-history"><br></div><div class="battle-history">The opposing Ursaring used <strong>Frustration</strong>!<br></div><div class="battle-history"><small>It's not very effective...</small><br></div><div class="battle-history"><small>(Probopass lost <abbr title="−25/261">9.6%</abbr> of its health!)</small><br></div><div class="battle-history"><small>Probopass's Air Balloon popped!</small><br></div><div class="spacer battle-history"><br></div><div class="battle-history"><small>The opposing Ursaring restored a little HP using its Leftovers!</small><br></div><div class="spacer battle-history"><br></div><h2 class="battle-history">Turn 5</h2><div class="spacer battle-history"><br></div><div class="battle-history">RawMelon withdrew Ursaring!<br></div><div class="battle-history">RawMelon sent out <strong>Tentacool</strong>!<br></div><div class="spacer battle-history"><br></div><div class="battle-history">Probopass used <strong>Stealth Rock</strong>!<br></div><div class="battle-history"><small>Pointed stones float in the air around the opposing team!</small><br></div><div class="spacer battle-history"><br></div><h2 class="battle-history">Turn 6</h2><div class="spacer battle-history"><br></div><div class="battle-history">Probopass, come back!<br></div><div class="battle-history">Go! <strong>Vibrava</strong>!<br></div><div class="battle-history"><small>Pointed stones dug into Vibrava!</small><br></div><div class="spacer battle-history"><br></div><div class="battle-history">The opposing Tentacool used <strong>Rapid Spin</strong>!<br></div><div class="battle-history"><small>(Vibrava lost <abbr title="−7/303">2.3%</abbr> of its health!)</small><br></div><div class="battle-history"><small>The pointed stones disappeared from around the opposing team!</small><br></div><div class="spacer battle-history"><br></div><h2 class="battle-history">Turn 7</h2><div class="spacer battle-history"><br></div><div class="battle-history">The opposing Tentacool used <strong>Toxic Spikes</strong>!<br></div><div class="battle-history"><small>Poison spikes were scattered on the ground all around your team!</small><br></div><div class="spacer battle-history"><br></div><div class="battle-history">Vibrava used <strong>Defog</strong>!<br></div><div class="battle-history"><small>[The opposing Tentacool's Clear Body]</small><br><small>The opposing Tentacool's stats were not lowered!</small><br></div><div class="battle-history"><small>The poison spikes disappeared from the ground around your team!</small><br></div><div class="battle-history"><small>The pointed stones disappeared from around your team!</small><br></div><div class="spacer battle-history"><br></div><h2 class="battle-history">Turn 8</h2><div class="spacer battle-history"><br></div><div class="battle-history">RawMelon withdrew Tentacool!<br></div><div class="battle-history">RawMelon sent out <strong>Articuno</strong>!<br></div><div class="battle-history"><small>[The opposing Articuno's Pressure]</small><br><small>The opposing Articuno is exerting its pressure!</small><br></div><div class="spacer battle-history"><br></div><div class="battle-history">Vibrava used <strong>U-turn</strong>!<br></div><div class="battle-history"><small>It's not very effective...</small><br></div><div class="battle-history"><small>(The opposing Articuno lost <abbr title="−22/321">6.9%</abbr> of its health!)</small><br></div><div class="spacer battle-history"><br></div><div class="battle-history">Vibrava went back to irebel!<br></div><div class="battle-history">Go! <strong>Muk</strong>!<br></div><div class="spacer battle-history"><br></div><div class="battle-history"><small>The opposing Articuno restored a little HP using its Leftovers!</small><br></div><div class="spacer battle-history"><br></div><h2 class="battle-history">Turn 9</h2><div class="spacer battle-history"><br></div><div class="battle-history">RawMelon withdrew Articuno!<br></div><div class="battle-history">RawMelon sent out <strong>Pawniard</strong>!<br></div><div class="spacer battle-history"><br></div><div class="battle-history">Muk used <strong>Poison Jab</strong>!<br></div><div class="battle-history"><small>It doesn't affect the opposing Pawniard...</small><br></div><div class="spacer battle-history"><br></div><h2 class="battle-history">Turn 10</h2><div class="spacer battle-history"><br></div><div class="battle-history">RawMelon withdrew Pawniard!<br></div><div class="battle-history">RawMelon sent out <strong>Gabite</strong>!<br></div><div class="spacer battle-history"><br></div><div class="battle-history">Muk, come back!<br></div><div class="battle-history">Go! <strong>Probopass</strong>!<br></div><div class="spacer battle-history"><br></div><h2 class="battle-history">Turn 11</h2><div class="spacer battle-history"><br></div><div class="battle-history">Probopass, come back!<br></div><div class="battle-history">Go! <strong>Articuno</strong>!<br></div><div class="battle-history"><small>[Articuno's Pressure]</small><br><small>Articuno is exerting its pressure!</small><br></div><div class="spacer battle-history"><br></div><div class="battle-history">The opposing Gabite used <strong>Stealth Rock</strong>!<br></div><div class="battle-history"><small>Pointed stones float in the air around your team!</small><br></div><div class="spacer battle-history"><br></div><h2 class="battle-history">Turn 12</h2><div class="spacer battle-history"><br></div><div class="battle-history">RawMelon withdrew Gabite!<br></div><div class="battle-history">RawMelon sent out <strong>Articuno</strong>!<br></div><div class="battle-history"><small>[The opposing Articuno's Pressure]</small><br><small>The opposing Articuno is exerting its pressure!</small><br></div><div class="spacer battle-history"><br></div><div class="battle-history">Articuno used <strong>Freeze-Dry</strong>!<br></div><div class="battle-history"><small>(The opposing Articuno lost <abbr title="−84/321">26.2%</abbr> of its health!)</small><br></div><div class="spacer battle-history"><br></div><div class="battle-history"><small>The opposing Articuno restored a little HP using its Leftovers!</small><br></div><div class="spacer battle-history"><br></div><h2 class="battle-history">Turn 13</h2><div class="spacer battle-history"><br></div><div class="battle-history">Articuno used <strong>Substitute</strong>!<br></div><div class="battle-history"><small>Articuno put in a substitute!</small><br></div><div class="battle-history"><small>(Articuno lost <abbr title="−80/321">24.9%</abbr> of its health!)</small><br></div><div class="spacer battle-history"><br></div><div class="battle-history">The opposing Articuno used <strong>Hurricane</strong>!<br></div><div class="battle-history"><small>Articuno's substitute faded!</small><br></div><div class="spacer battle-history"><br></div><div class="battle-history"><small>Articuno restored a little HP using its Leftovers!</small><br></div><div class="battle-history"><small>The opposing Articuno restored a little HP using its Leftovers!</small><br></div><div class="spacer battle-history"><br></div><h2 class="battle-history">Turn 14</h2><div class="spacer battle-history"><br></div><div class="battle-history">Articuno used <strong>Freeze-Dry</strong>!<br></div><div class="battle-history"><small>(The opposing Articuno lost <abbr title="−81/321">25.2%</abbr> of its health!)</small><br></div><div class="spacer battle-history"><br></div><div class="battle-history">The opposing Articuno used <strong>Freeze-Dry</strong>!<br></div><div class="battle-history"><small>(Articuno lost <abbr title="−81/321">25.2%</abbr> of its health!)</small><br></div><div class="spacer battle-history"><br></div><div class="battle-history"><small>The opposing Articuno restored a little HP using its Leftovers!</small><br></div><div class="battle-history"><small>Articuno restored a little HP using its Leftovers!</small><br></div><div class="spacer battle-history"><br></div><h2 class="battle-history">Turn 15</h2><div class="spacer battle-history"><br></div><div class="battle-history">The opposing Articuno used <strong>Roost</strong>!<br></div><div class="battle-history"><small>The opposing Articuno restored its HP.</small><br></div><div class="spacer battle-history"><br></div><div class="battle-history">Articuno used <strong>Roost</strong>!<br></div><div class="battle-history"><small>Articuno restored its HP.</small><br></div><div class="spacer battle-history"><br></div><h2 class="battle-history">Turn 16</h2><div class="spacer battle-history"><br></div><div class="battle-history">Articuno, come back!<br></div><div class="battle-history">Go! <strong>Muk</strong>!<br></div><div class="battle-history"><small>Pointed stones dug into Muk!</small><br></div><div class="spacer battle-history"><br></div><div class="battle-history">The opposing Articuno used <strong>Hurricane</strong>!<br></div><div class="battle-history"><small>Muk avoided the attack!</small><br></div><div class="spacer battle-history"><br></div><div class="battle-history"><small>Muk restored a little HP using its Black Sludge!</small><br></div><div class="spacer battle-history"><br></div><h2 class="battle-history">Turn 17</h2><div class="spacer battle-history"><br></div><div class="battle-history">RawMelon withdrew Articuno!<br></div><div class="battle-history">RawMelon sent out <strong>Gabite</strong>!<br></div><div class="spacer battle-history"><br></div><div class="battle-history">Muk used <strong>Poison Jab</strong>!<br></div><div class="battle-history"><small>It's not very effective...</small><br></div><div class="battle-history"><small>(The opposing Gabite lost <abbr title="−42/277">15.2%</abbr> of its health!)</small><br></div><div class="battle-history"><small>[The opposing Gabite's Rough Skin]</small><br><small>Muk was hurt!</small><br></div><div class="spacer battle-history"><br></div><div class="battle-history"><small>Muk restored a little HP using its Black Sludge!</small><br></div><div class="spacer battle-history"><br></div><h2 class="battle-history">Turn 18</h2><div class="spacer battle-history"><br></div><div class="battle-history">Muk, come back!<br></div><div class="battle-history">Go! <strong>Politoed</strong>!<br></div><div class="battle-history"><small>Pointed stones dug into Politoed!</small><br></div><div class="spacer battle-history"><br></div><div class="battle-history">The opposing Gabite used <strong>Toxic</strong>!<br></div><div class="battle-history"><small>Politoed was badly poisoned!</small><br></div><div class="spacer battle-history"><br></div><div class="battle-history"><small>Politoed restored a little HP using its Leftovers!</small><br></div><div class="battle-history"><small>Politoed was hurt by poison!</small><br></div><div class="spacer battle-history"><br></div><h2 class="battle-history">Turn 19</h2><div class="spacer battle-history"><br></div><div class="battle-history">RawMelon withdrew Gabite!<br></div><div class="battle-history">RawMelon sent out <strong>Tentacool</strong>!<br></div><div class="spacer battle-history"><br></div><div class="battle-history">Politoed, come back!<br></div><div class="battle-history">Go! <strong>Vibrava</strong>!<br></div><div class="battle-history"><small>Pointed stones dug into Vibrava!</small><br></div><div class="spacer battle-history"><br></div><h2 class="battle-history">Turn 20</h2><div class="spacer battle-history"><br></div><div class="battle-history">The opposing Tentacool used <strong>Scald</strong>!<br></div><div class="battle-history"><small>(Vibrava lost <abbr title="−37/303">12.2%</abbr> of its health!)</small><br></div><div class="spacer battle-history"><br></div><div class="battle-history">Vibrava used <strong>Defog</strong>!<br></div><div class="battle-history"><small>[The opposing Tentacool's Clear Body]</small><br><small>The opposing Tentacool's stats were not lowered!</small><br></div><div class="battle-history"><small>The pointed stones disappeared from around your team!</small><br></div><div class="spacer battle-history"><br></div><h2 class="battle-history">Turn 21</h2><div class="spacer battle-history"><br></div><div class="battle-history">The opposing Tentacool used <strong>Scald</strong>!<br></div><div class="battle-history"><small>(Vibrava lost <abbr title="−37/303">12.2%</abbr> of its health!)</small><br></div><div class="spacer battle-history"><br></div><div class="battle-history">Vibrava used <strong>U-turn</strong>!<br></div><div class="battle-history"><small>It's not very effective...</small><br></div><div class="battle-history"><small>(The opposing Tentacool lost <abbr title="−31/284">10.9%</abbr> of its health!)</small><br></div><div class="spacer battle-history"><br></div><div class="battle-history">Vibrava went back to irebel!<br></div><div class="battle-history">Go! <strong>Stoutland</strong>!<br></div><div class="spacer battle-history"><br></div><h2 class="battle-history">Turn 22</h2><div class="chat chatmessage-irebel"><strong style="color:hsl(235,62%,64.23733663114294%)"><small>☆</small><span class="username" data-name="irebel">irebel</span>:</strong> <em>burn</em></div><div class="spacer battle-history"><br></div><div class="battle-history">RawMelon withdrew Tentacool!<br></div><div class="battle-history">RawMelon sent out <strong>Zebstrika</strong>!<br></div><div class="spacer battle-history"><br></div><div class="battle-history">Stoutland used <strong>Return</strong>!<br></div><div class="battle-history"><small>(The opposing Zebstrika lost <abbr title="−41/291">14.1%</abbr> of its health!)</small><br></div><div class="spacer battle-history"><br></div><div class="battle-history">The opposing Zebstrika fainted!<br></div><div class="spacer battle-history"><br></div><div class="battle-history">RawMelon sent out <strong>Articuno</strong>!<br></div><div class="battle-history"><small>[The opposing Articuno's Pressure]</small><br><small>The opposing Articuno is exerting its pressure!</small><br></div><div class="spacer battle-history"><br></div><h2 class="battle-history">Turn 23</h2><div class="spacer battle-history"><br></div><div class="battle-history">The opposing Articuno used <strong>Hurricane</strong>!<br></div><div class="battle-history"><small>(Stoutland lost <abbr title="−173/311">55.6%</abbr> of its health!)</small><br></div><div class="spacer battle-history"><br></div><div class="battle-history">Stoutland fainted!<br></div><div class="spacer battle-history"><br></div><div class="battle-history">Go! <strong>Muk</strong>!<br></div><div class="spacer battle-history"><br></div><h2 class="battle-history">Turn 24</h2><div class="spacer battle-history"><br></div><div class="battle-history">RawMelon withdrew Articuno!<br></div><div class="battle-history">RawMelon sent out <strong>Pawniard</strong>!<br></div><div class="spacer battle-history"><br></div><div class="battle-history">Muk, come back!<br></div><div class="battle-history">Go! <strong>Articuno</strong>!<br></div><div class="battle-history"><small>[Articuno's Pressure]</small><br><small>Articuno is exerting its pressure!</small><br></div><div class="spacer battle-history"><br></div><h2 class="battle-history">Turn 25</h2><div class="spacer battle-history"><br></div><div class="battle-history">Articuno, come back!<br></div><div class="battle-history">Go! <strong>Probopass</strong>!<br></div><div class="spacer battle-history"><br></div><div class="battle-history">RawMelon withdrew Pawniard!<br></div><div class="battle-history">RawMelon sent out <strong>Ursaring</strong>!<br></div><div class="spacer battle-history"><br></div><div class="battle-history"><small>The opposing Ursaring restored a little HP using its Leftovers!</small><br></div><div class="spacer battle-history"><br></div><h2 class="battle-history">Turn 26</h2><div class="spacer battle-history"><br></div><div class="battle-history">RawMelon withdrew Ursaring!<br></div><div class="battle-history">RawMelon sent out <strong>Tentacool</strong>!<br></div><div class="spacer battle-history"><br></div><div class="battle-history">Probopass used <strong>Stealth Rock</strong>!<br></div><div class="battle-history"><small>Pointed stones float in the air around the opposing team!</small><br></div><div class="spacer battle-history"><br></div><h2 class="battle-history">Turn 27</h2><div class="spacer battle-history"><br></div><div class="battle-history">Probopass, come back!<br></div><div class="battle-history">Go! <strong>Articuno</strong>!<br></div><div class="battle-history"><small>[Articuno's Pressure]</small><br><small>Articuno is exerting its pressure!</small><br></div><div class="spacer battle-history"><br></div><div class="battle-history">The opposing Tentacool used <strong>Rapid Spin</strong>!<br></div><div class="battle-history"><small>A critical hit!</small><br></div><div class="battle-history"><small>(Articuno lost <abbr title="−9/321">2.8%</abbr> of its health!)</small><br></div><div class="battle-history"><small>The pointed stones disappeared from around the opposing team!</small><br></div><div class="spacer battle-history"><br></div><div class="battle-history"><small>Articuno restored a little HP using its Leftovers!</small><br></div><div class="spacer battle-history"><br></div><h2 class="battle-history">Turn 28</h2><div class="spacer battle-history"><br></div><div class="battle-history">RawMelon withdrew Tentacool!<br></div><div class="battle-history">RawMelon sent out <strong>Ursaring</strong>!<br></div><div class="spacer battle-history"><br></div><div class="battle-history">Articuno used <strong>Freeze-Dry</strong>!<br></div><div class="battle-history"><small>(The opposing Ursaring lost <abbr title="−82/383">21.4%</abbr> of its health!)</small><br></div><div class="spacer battle-history"><br></div><div class="battle-history"><small>The opposing Ursaring restored a little HP using its Leftovers!</small><br></div><div class="spacer battle-history"><br></div><h2 class="battle-history">Turn 29</h2><div class="spacer battle-history"><br></div><div class="battle-history">Articuno, come back!<br></div><div class="battle-history">Go! <strong>Probopass</strong>!<br></div><div class="spacer battle-history"><br></div><div class="battle-history">The opposing Ursaring used <strong>Bulk Up</strong>!<br></div><div class="battle-history"><small>The opposing Ursaring's Attack rose!</small><br></div><div class="battle-history"><small>The opposing Ursaring's Defense rose!</small><br></div><div class="spacer battle-history"><br></div><div class="battle-history"><small>The opposing Ursaring restored a little HP using its Leftovers!</small><br></div><div class="spacer battle-history"><br></div><h2 class="battle-history">Turn 30</h2><div class="spacer battle-history"><br></div><div class="battle-history">Probopass used <strong>Earth Power</strong>!<br></div><div class="battle-history"><small>A critical hit!</small><br></div><div class="battle-history"><small>(The opposing Ursaring lost <abbr title="−100/383">26.1%</abbr> of its health!)</small><br></div><div class="spacer battle-history"><br></div><div class="battle-history">The opposing Ursaring used <strong>Frustration</strong>!<br></div><div class="battle-history"><small>It's not very effective...</small><br></div><div class="battle-history"><small>(Probopass lost <abbr title="−43/261">16.5%</abbr> of its health!)</small><br></div><div class="spacer battle-history"><br></div><div class="battle-history"><small>The opposing Ursaring restored a little HP using its Leftovers!</small><br></div><div class="spacer battle-history"><br></div><h2 class="battle-history">Turn 31</h2><div class="chat chatmessage-irebel"><strong style="color:hsl(235,62%,64.23733663114294%)"><small>☆</small><span class="username" data-name="irebel">irebel</span>:</strong> <em>cuno's so weak</em></div><div class="spacer battle-history"><br></div><div class="battle-history">Probopass used <strong>Flash Cannon</strong>!<br></div><div class="battle-history"><small>(The opposing Ursaring lost <abbr title="−88/383">23.0%</abbr> of its health!)</small><br></div><div class="battle-history"><small>The opposing Ursaring's Special Defense fell!</small><br></div><div class="spacer battle-history"><br></div><div class="battle-history">The opposing Ursaring used <strong>Frustration</strong>!<br></div><div class="battle-history"><small>It's not very effective...</small><br></div><div class="battle-history"><small>(Probopass lost <abbr title="−42/261">16.1%</abbr> of its health!)</small><br></div><div class="spacer battle-history"><br></div><div class="battle-history"><small>The opposing Ursaring restored a little HP using its Leftovers!</small><br></div><div class="spacer battle-history"><br></div><h2 class="battle-history">Turn 32</h2><div class="spacer battle-history"><br></div><div class="battle-history">Probopass used <strong>Flash Cannon</strong>!<br></div><div class="battle-history"><small>(The opposing Ursaring lost <abbr title="−126/383">32.9%</abbr> of its health!)</small><br></div><div class="battle-history"><small>The opposing Ursaring's Special Defense fell!</small><br></div><div class="spacer battle-history"><br></div><div class="battle-history">The opposing Ursaring used <strong>Rest</strong>!<br></div><div class="battle-history"><small>The opposing Ursaring fell asleep!</small><br></div><div class="battle-history"><small>The opposing Ursaring slept and became healthy!</small><br></div><div class="spacer battle-history"><br></div><h2 class="battle-history">Turn 33</h2><div class="spacer battle-history"><br></div><div class="battle-history">RawMelon withdrew Ursaring!<br></div><div class="battle-history">RawMelon sent out <strong>Tentacool</strong>!<br></div><div class="spacer battle-history"><br></div><div class="battle-history">Probopass used <strong>Flash Cannon</strong>!<br></div><div class="battle-history"><small>It's not very effective...</small><br></div><div class="battle-history"><small>(The opposing Tentacool lost <abbr title="−27/284">9.5%</abbr> of its health!)</small><br></div><div class="spacer battle-history"><br></div><h2 class="battle-history">Turn 34</h2><div class="spacer battle-history"><br></div><div class="battle-history">The opposing Tentacool used <strong>Scald</strong>!<br></div><div class="battle-history"><small>It's super effective!</small><br></div><div class="battle-history"><small>(Probopass lost <abbr title="−80/261">30.7%</abbr> of its health!)</small><br></div><div class="spacer battle-history"><br></div><div class="battle-history">Probopass used <strong>Volt Switch</strong>!<br></div><div class="battle-history"><small>It's super effective!</small><br></div><div class="battle-history"><small>A critical hit!</small><br></div><div class="battle-history"><small>(The opposing Tentacool lost <abbr title="−106/284">37.3%</abbr> of its health!)</small><br></div><div class="spacer battle-history"><br></div><div class="battle-history">Probopass went back to irebel!<br></div><div class="battle-history">Go! <strong>Articuno</strong>!<br></div><div class="battle-history"><small>[Articuno's Pressure]</small><br><small>Articuno is exerting its pressure!</small><br></div><div class="spacer battle-history"><br></div><h2 class="battle-history">Turn 35</h2><div class="spacer battle-history"><br></div><div class="battle-history">RawMelon withdrew Tentacool!<br></div><div class="battle-history">RawMelon sent out <strong>Articuno</strong>!<br></div><div class="battle-history"><small>[The opposing Articuno's Pressure]</small><br><small>The opposing Articuno is exerting its pressure!</small><br></div><div class="spacer battle-history"><br></div><div class="battle-history">Articuno used <strong>Freeze-Dry</strong>!<br></div><div class="battle-history"><small>(The opposing Articuno lost <abbr title="−76/321">23.7%</abbr> of its health!)</small><br></div><div class="spacer battle-history"><br></div><div class="battle-history"><small>The opposing Articuno restored a little HP using its Leftovers!</small><br></div><div class="spacer battle-history"><br></div><h2 class="battle-history">Turn 36</h2><div class="spacer battle-history"><br></div><div class="battle-history">Articuno used <strong>Freeze-Dry</strong>!<br></div><div class="battle-history"><small>(The opposing Articuno lost <abbr title="−82/321">25.5%</abbr> of its health!)</small><br></div><div class="spacer battle-history"><br></div><div class="battle-history">The opposing Articuno used <strong>Freeze-Dry</strong>!<br></div><div class="battle-history"><small>(Articuno lost <abbr title="−84/321">26.2%</abbr> of its health!)</small><br></div><div class="spacer battle-history"><br></div><div class="battle-history"><small>The opposing Articuno restored a little HP using its Leftovers!</small><br></div><div class="battle-history"><small>Articuno restored a little HP using its Leftovers!</small><br></div><div class="spacer battle-history"><br></div><h2 class="battle-history">Turn 37</h2><div class="spacer battle-history"><br></div><div class="battle-history">The opposing Articuno used <strong>Roost</strong>!<br></div><div class="battle-history"><small>The opposing Articuno restored its HP.</small><br></div><div class="spacer battle-history"><br></div><div class="battle-history">Articuno used <strong>Freeze-Dry</strong>!<br></div><div class="battle-history"><small>It's not very effective...</small><br></div><div class="battle-history"><small>(The opposing Articuno lost <abbr title="−45/321">14.0%</abbr> of its health!)</small><br></div><div class="spacer battle-history"><br></div><div class="battle-history"><small>Articuno restored a little HP using its Leftovers!</small><br></div><div class="battle-history"><small>The opposing Articuno restored a little HP using its Leftovers!</small><br></div><div class="spacer battle-history"><br></div><h2 class="battle-history">Turn 38</h2><div class="spacer battle-history"><br></div><div class="battle-history">Articuno used <strong>Roost</strong>!<br></div><div class="battle-history"><small>Articuno restored its HP.</small><br></div><div class="spacer battle-history"><br></div><div class="battle-history">The opposing Articuno used <strong>Hurricane</strong>!<br></div><div class="battle-history"><small>Articuno avoided the attack!</small><br></div><div class="spacer battle-history"><br></div><div class="battle-history"><small>The opposing Articuno restored a little HP using its Leftovers!</small><br></div><div class="spacer battle-history"><br></div><h2 class="battle-history">Turn 39</h2><div class="spacer battle-history"><br></div><div class="battle-history">Articuno, come back!<br></div><div class="battle-history">Go! <strong>Muk</strong>!<br></div><div class="spacer battle-history"><br></div><div class="battle-history">The opposing Articuno used <strong>Freeze-Dry</strong>!<br></div><div class="battle-history"><small>(Muk lost <abbr title="−67/414">16.2%</abbr> of its health!)</small><br></div><div class="spacer battle-history"><br></div><div class="battle-history"><small>The opposing Articuno restored a little HP using its Leftovers!</small><br></div><div class="battle-history"><small>Muk restored a little HP using its Black Sludge!</small><br></div><div class="spacer battle-history"><br></div><h2 class="battle-history">Turn 40</h2><div class="spacer battle-history"><br></div><div class="battle-history">RawMelon withdrew Articuno!<br></div><div class="battle-history">RawMelon sent out <strong>Pawniard</strong>!<br></div><div class="spacer battle-history"><br></div><div class="battle-history">Muk used <strong>Poison Jab</strong>!<br></div><div class="battle-history"><small>It doesn't affect the opposing Pawniard...</small><br></div><div class="spacer battle-history"><br></div><div class="battle-history"><small>Muk restored a little HP using its Black Sludge!</small><br></div><div class="spacer battle-history"><br></div><h2 class="battle-history">Turn 41</h2><div class="spacer battle-history"><br></div><div class="battle-history">Muk, come back!<br></div><div class="battle-history">Go! <strong>Vibrava</strong>!<br></div><div class="spacer battle-history"><br></div><div class="battle-history">The opposing Pawniard used <strong>Iron Head</strong>!<br></div><div class="battle-history"><small>(Vibrava lost <abbr title="−135/303">44.6%</abbr> of its health!)</small><br></div><div class="spacer battle-history"><br></div><h2 class="battle-history">Turn 42</h2><div class="chat chatmessage-irebel"><strong style="color:hsl(235,62%,64.23733663114294%)"><small>☆</small><span class="username" data-name="irebel">irebel</span>:</strong> <em>gg</em></div><div class="spacer battle-history"><br></div><div class="battle-history">The opposing Pawniard used <strong>Knock Off</strong>!<br></div><div class="battle-history"><small>(Vibrava lost <abbr title="−51/303">16.8%</abbr> of its health!)</small><br></div><div class="battle-history"><small>The opposing Pawniard knocked off Vibrava's Eviolite!</small><br></div><div class="spacer battle-history"><br></div><div class="battle-history">Vibrava fainted!<br></div><div class="chat chatmessage-rawmelon"><strong style="color:hsl(223,45%,54.735457078935404%)"><small>☆</small><span class="username" data-name="RawMelon">RawMelon</span>:</strong> <em>gg</em></div><div class="spacer battle-history"><br></div><div class="battle-history">Go! <strong>Probopass</strong>!<br></div><div class="spacer battle-history"><br></div><h2 class="battle-history">Turn 43</h2><div class="spacer battle-history"><br></div><div class="battle-history">The opposing Pawniard used <strong>Iron Head</strong>!<br></div><div class="battle-history"><small>(Probopass lost <abbr title="−55/261">21.1%</abbr> of its health!)</small><br></div><div class="spacer battle-history"><br></div><div class="battle-history">Probopass fainted!<br></div><div class="spacer battle-history"><br></div><div class="battle-history"><small>irebel forfeited.</small><br></div><div class="spacer battle-history"><br></div><div class="battle-history"><strong>RawMelon</strong> won the battle!<br></div><div class="chat"><small>irebel left.</small></div></div><div class="inner-preempt"></div></div></div>
</div>
<script>
let daily = Math.floor(Date.now()/1000/60/60/24);document.write('<script src="https://play.pokemonshowdown.com/js/replay-embed.js?version'+daily+'"></'+'script>');
</script>
