<!DOCTYPE html>
<meta charset="utf-8" />
<!-- version 1 -->
<title>PU replay: Slowbroth vs. hugepower1221</title>
<style>
html,body {font-family:Verdana, sans-serif;font-size:10pt;margin:0;padding:0;}body{padding:12px 0;} .battle-log {font-family:Verdana, sans-serif;font-size:10pt;} .battle-log-inline {border:1px solid #AAAAAA;background:#EEF2F5;color:black;max-width:640px;margin:0 auto 80px;padding-bottom:5px;} .battle-log .inner {padding:4px 8px 0px 8px;} .battle-log .inner-preempt {padding:0 8px 4px 8px;} .battle-log .inner-after {margin-top:0.5em;} .battle-log h2 {margin:0.5em -8px;padding:4px 8px;border:1px solid #AAAAAA;background:#E0E7EA;border-left:0;border-right:0;font-family:Verdana, sans-serif;font-size:13pt;} .battle-log .chat {vertical-align:middle;padding:3px 0 3px 0;font-size:8pt;} .battle-log .chat strong {color:#40576A;} .battle-log .chat em {padding:1px 4px 1px 3px;color:#000000;font-style:normal;} .chat.mine {background:rgba(0,0,0,0.05);margin-left:-8px;margin-right:-8px;padding-left:8px;padding-right:8px;} .spoiler {color:#BBBBBB;background:#BBBBBB;padding:0px 3px;} .spoiler:hover, .spoiler:active, .spoiler-shown {color:#000000;background:#E2E2E2;padding:0px 3px;} .spoiler a {color:#BBBBBB;} .spoiler:hover a, .spoiler:active a, .spoiler-shown a {color:#2288CC;} .chat code, .chat .spoiler:hover code, .chat .spoiler:active code, .chat .spoiler-shown code {border:1px solid #C0C0C0;background:#EEEEEE;color:black;padding:0 2px;} .chat .spoiler code {border:1px solid #CCCCCC;background:#CCCCCC;color:#CCCCCC;} .battle-log .rated {padding:3px 4px;} .battle-log .rated strong {color:white;background:#89A;padding:1px 4px;border-radius:4px;} .spacer {margin-top:0.5em;} .message-announce {background:#6688AA;color:white;padding:1px 4px 2px;} .message-announce a, .broadcast-green a, .broadcast-blue a, .broadcast-red a {color:#DDEEFF;} .broadcast-green {background-color:#559955;color:white;padding:2px 4px;} .broadcast-blue {background-color:#6688AA;color:white;padding:2px 4px;} .infobox {border:1px solid #6688AA;padding:2px 4px;} .infobox-limited {max-height:200px;overflow:auto;overflow-x:hidden;} .broadcast-red {background-color:#AA5544;color:white;padding:2px 4px;} .message-learn-canlearn {font-weight:bold;color:#228822;text-decoration:underline;} .message-learn-cannotlearn {font-weight:bold;color:#CC2222;text-decoration:underline;} .message-effect-weak {font-weight:bold;color:#CC2222;} .message-effect-resist {font-weight:bold;color:#6688AA;} .message-effect-immune {font-weight:bold;color:#666666;} .message-learn-list {margin-top:0;margin-bottom:0;} .message-throttle-notice, .message-error {color:#992222;} .message-overflow, .chat small.message-overflow {font-size:0pt;} .message-overflow::before {font-size:9pt;content:'...';} .subtle {color:#3A4A66;}
</style>
<div class="wrapper replay-wrapper" style="max-width:1180px;margin:0 auto">
<input type="hidden" name="replayid" value="pu-583858199" />
<div class="battle"></div><div class="battle-log"></div><div class="replay-controls"></div><div class="replay-controls-2"></div>
<h1 style="font-weight:normal;text-align:center"><strong>PU</strong><br /><a href="http://pokemonshowdown.com/users/slowbroth" class="subtle" target="_blank">Slowbroth</a> vs. <a href="http://pokemonshowdown.com/users/hugepower1221" class="subtle" target="_blank">hugepower1221</a></h1>
<script type="text/plain" class="battle-log-data">|j|Slowbroth
|j|hugepower1221
|player|p1|Slowbroth|277
|teamsize|p1|6
|player|p2|hugepower1221|265
|teamsize|p2|6
|gametype|singles
|gen|6
|tier|PU
|seed|16694,10016,50935,8989
|rule|Sleep Clause Mod: Limit one foe put to sleep
|rule|Species Clause: Limit one of each Pokémon
|rule|OHKO Clause: OHKO moves are banned
|rule|Moody Clause: Moody is banned
|rule|Evasion Moves Clause: Evasion moves are banned
|rule|Endless Battle Clause: Forcing endless battles is banned
|rule|HP Percentage Mod: HP is shown in percentages
|clearpoke
|poke|p1|Audino, M|item
|poke|p1|Dusclops, M|item
|poke|p1|Altaria, M|item
|poke|p1|Torkoal, F|item
|poke|p1|Golem, M|item
|poke|p1|Tangela, M|item
|poke|p2|Arbok, M, shiny|item
|poke|p2|Basculin-Blue-Striped, M, shiny|item
|poke|p2|Simisear, M, shiny|item
|poke|p2|Swoobat, M, shiny|item
|poke|p2|Armaldo, M, shiny|item
|poke|p2|Electabuzz, M, shiny|item
|rule|Swagger Clause: Swagger is banned
|rule|Baton Pass Clause: Limit one Baton Passer, can't pass Spe and other stats simultaneously
|teampreview
|j|kay
|choice|team 5, team 2, team 3, team 4, team 1, team 6|team 2, team 1, team 3, team 4, team 5, team 6
|
|start
|switch|p1a: Golem|Golem, M|364\/364
|switch|p2a: Basculin|Basculin-Blue-Striped, M, shiny|289\/289
|turn|1
|choice|switch 6|move waterfall
|
|switch|p1a: Tangela|Tangela, M|334\/334
|move|p2a: Basculin|Waterfall|p1a: Tangela
|-resisted|p1a: Tangela
|-damage|p1a: Tangela|279\/334
|
|upkeep
|turn|2
|j|PokemonMasterTJ
|j|GeneralAnnoyance
|choice|move leechseed|switch 5
|
|switch|p2a: Armaldo|Armaldo, M, shiny|330\/330
|move|p1a: Tangela|Leech Seed|p2a: Armaldo
|-start|p2a: Armaldo|move: Leech Seed
|
|-damage|p2a: Armaldo|289\/330|[from] Leech Seed|[of] p1a: Tangela
|-heal|p1a: Tangela|320\/334|[silent]
|upkeep
|turn|3
|c|%PokemonMasterTJ|are u kay
|c|%PokemonMasterTJ|slowbroth
|c|%kay|that team looks familiar.... :O
|c|%PokemonMasterTJ|ikr
|choice|switch 6|move xscissor
|
|switch|p1a: Golem|Golem, M|364\/364
|move|p2a: Armaldo|X-Scissor|p1a: Golem
|-damage|p1a: Golem|246\/364
|
|-heal|p1a: Golem|268\/364|[from] item: Leftovers
|-damage|p2a: Armaldo|248\/330|[from] Leech Seed|[of] p1a: Golem
|-heal|p1a: Golem|309\/364|[silent]
|upkeep
|turn|4
|l|GeneralAnnoyance
|choice|move stealthrock|move superpower
|
|move|p2a: Armaldo|Superpower|p1a: Golem
|-supereffective|p1a: Golem
|-damage|p1a: Golem|105\/364
|-unboost|p2a: Armaldo|atk|1
|-unboost|p2a: Armaldo|def|1
|move|p1a: Golem|Stealth Rock|p2a: Armaldo
|-sidestart|p2: hugepower1221|move: Stealth Rock
|
|-heal|p1a: Golem|127\/364|[from] item: Leftovers
|-damage|p2a: Armaldo|207\/330|[from] Leech Seed|[of] p1a: Golem
|-heal|p1a: Golem|168\/364|[silent]
|upkeep
|turn|5
|choice|switch 5|switch 5
|
|switch|p2a: Basculin|Basculin-Blue-Striped, M, shiny|289\/289
|-damage|p2a: Basculin|253\/289|[from] Stealth Rock
|switch|p1a: Audino|Audino, M|410\/410
|
|upkeep
|turn|6
|choice|move protect|move waterfall
|
|move|p1a: Audino|Protect|p1a: Audino
|-singleturn|p1a: Audino|Protect
|move|p2a: Basculin|Waterfall|p1a: Audino
|-activate|p1a: Audino|move: Protect
|
|upkeep
|turn|7
|choice|switch 6|switch 3
|
|switch|p2a: Simisear|Simisear, M, shiny|291\/291
|-damage|p2a: Simisear|219\/291|[from] Stealth Rock
|switch|p1a: Tangela|Tangela, M|334\/334
|
|upkeep
|turn|8
|j|Briseis
|choice|switch 3|move knockoff
|
|switch|p1a: Altaria|Altaria, M|353\/353
|move|p2a: Simisear|Knock Off|p1a: Altaria
|-damage|p1a: Altaria|262\/353
|-enditem|p1a: Altaria|Leftovers|[from] move: Knock Off|[of] p2a: Simisear
|-damage|p2a: Simisear|190\/291|[from] item: Life Orb
|
|upkeep
|turn|9
|choice|switch 6|move gunkshot
|
|switch|p1a: Audino|Audino, M|410\/410
|move|p2a: Simisear|Gunk Shot|p1a: Audino
|-damage|p1a: Audino|250\/410
|-status|p1a: Audino|psn
|-damage|p2a: Simisear|161\/291|[from] item: Life Orb
|
|-heal|p1a: Audino|275\/410 psn|[from] item: Leftovers
|-damage|p1a: Audino|224\/410 psn|[from] psn
|upkeep
|turn|10
|choice|switch 6|move knockoff
|
|switch|p1a: Altaria|Altaria, M|262\/353
|move|p2a: Simisear|Knock Off|p1a: Altaria
|-damage|p1a: Altaria|198\/353
|-damage|p2a: Simisear|132\/291|[from] item: Life Orb
|
|upkeep
|turn|11
|inactive|Battle timer is ON: inactive players will automatically lose when time's up. (requested by Slowbroth)
|choice|move roost|move knockoff
|
|move|p2a: Simisear|Knock Off|p1a: Altaria
|-damage|p1a: Altaria|132\/353
|-damage|p2a: Simisear|103\/291|[from] item: Life Orb
|move|p1a: Altaria|Roost|p1a: Altaria
|-heal|p1a: Altaria|309\/353
|
|upkeep
|turn|12
|choice|move healbell|switch 4
|
|switch|p2a: Swoobat|Swoobat, M, shiny|338\/338
|-damage|p2a: Swoobat|254\/338|[from] Stealth Rock
|move|p1a: Altaria|Heal Bell|p1a: Altaria
|-activate|p1a: Altaria|move: Heal Bell
|-curestatus|p1: Audino|psn|[msg]
|
|upkeep
|turn|13
|choice|move haze|move calmmind
|
|move|p2a: Swoobat|Calm Mind|p2a: Swoobat
|-boost|p2a: Swoobat|spa|2
|-boost|p2a: Swoobat|spd|2
|move|p1a: Altaria|Haze|p1a: Altaria
|-clearallboost
|
|upkeep
|turn|14
|j|ZeitoKrabby
|c| ZeitoKrabby|ew
|c|☆hugepower1221|?
|choice|move haze|move airslash
|
|move|p2a: Swoobat|Air Slash|p1a: Altaria
|-damage|p1a: Altaria|237\/353
|cant|p1a: Altaria|flinch
|
|upkeep
|turn|15
|c| ZeitoKrabby|look at the team you're facing hugepower1221
|c|☆hugepower1221|yes I know
|choice|switch 6|move calmmind
|
|switch|p1a: Audino|Audino, M|360\/410
|move|p2a: Swoobat|Calm Mind|p2a: Swoobat
|-boost|p2a: Swoobat|spa|2
|-boost|p2a: Swoobat|spd|2
|
|-heal|p1a: Audino|385\/410|[from] item: Leftovers
|upkeep
|turn|16
|c| ZeitoKrabby|good luck
|j|therealslap
|c|☆hugepower1221|thanks
|choice|move encore|move psychic
|
|move|p2a: Swoobat|Psychic|p1a: Audino
|-damage|p1a: Audino|247\/410
|move|p1a: Audino|Encore|p2a: Swoobat
|-start|p2a: Swoobat|Encore
|
|-heal|p1a: Audino|272\/410|[from] item: Leftovers
|upkeep
|turn|17
|choice|move knockoff|move psychic
|
|move|p2a: Swoobat|Psychic|p1a: Audino
|-damage|p1a: Audino|143\/410
|move|p1a: Audino|Knock Off|p2a: Swoobat
|-supereffective|p2a: Swoobat
|-damage|p2a: Swoobat|78\/338
|-enditem|p2a: Swoobat|Focus Sash|[from] move: Knock Off|[of] p1a: Audino
|
|-heal|p1a: Audino|168\/410|[from] item: Leftovers
|upkeep
|turn|18
|c|☆hugepower1221|so
|c|☆hugepower1221|bulky
|choice|move wish|move psychic
|
|move|p2a: Swoobat|Psychic|p1a: Audino
|-damage|p1a: Audino|23\/410
|move|p1a: Audino|Wish|p1a: Audino
|
|-heal|p1a: Audino|48\/410|[from] item: Leftovers
|upkeep
|turn|19
|choice|move protect|move psychic
|
|move|p1a: Audino|Protect|p1a: Audino
|-singleturn|p1a: Audino|Protect
|move|p2a: Swoobat|Psychic|p1a: Audino
|-activate|p1a: Audino|move: Protect
|
|-heal|p1a: Audino|253\/410|[from] move: Wish|[wisher] Audino
|-heal|p1a: Audino|278\/410|[from] item: Leftovers
|-end|p2a: Swoobat|Encore
|upkeep
|turn|20
|choice|move encore|move psychic
|
|move|p2a: Swoobat|Psychic|p1a: Audino
|-damage|p1a: Audino|139\/410
|move|p1a: Audino|Encore|p2a: Swoobat
|-start|p2a: Swoobat|Encore
|
|-heal|p1a: Audino|164\/410|[from] item: Leftovers
|upkeep
|turn|21
|choice|move protect|move psychic
|
|move|p1a: Audino|Protect|p1a: Audino
|-singleturn|p1a: Audino|Protect
|move|p2a: Swoobat|Psychic|p1a: Audino
|-activate|p1a: Audino|move: Protect
|
|-heal|p1a: Audino|189\/410|[from] item: Leftovers
|upkeep
|turn|22
|choice|move knockoff|move psychic
|
|move|p2a: Swoobat|Psychic|p1a: Audino
|-damage|p1a: Audino|60\/410
|move|p1a: Audino|Knock Off|p2a: Swoobat
|-supereffective|p2a: Swoobat
|-damage|p2a: Swoobat|0 fnt
|faint|p2a: Swoobat
|
|-heal|p1a: Audino|85\/410|[from] item: Leftovers
|upkeep
|choice||switch 6
|
|switch|p2a: Electabuzz|Electabuzz, M, shiny|272\/272
|-damage|p2a: Electabuzz|238\/272|[from] Stealth Rock
|turn|23
|j|klasjd
|choice|move protect|move brickbreak
|
|move|p1a: Audino|Protect|p1a: Audino
|-singleturn|p1a: Audino|Protect
|move|p2a: Electabuzz|Brick Break|p1a: Audino
|-activate|p1a: Audino|move: Protect
|
|-heal|p1a: Audino|110\/410|[from] item: Leftovers
|upkeep
|turn|24
|l|klasjd
|l|Briseis
|choice|switch 3|move thunderpunch
|
|switch|p1a: Tangela|Tangela, M|334\/334
|move|p2a: Electabuzz|Thunder Punch|p1a: Tangela
|-resisted|p1a: Tangela
|-damage|p1a: Tangela|313\/334
|
|upkeep
|turn|25
|choice|move leechseed|move icepunch
|
|move|p2a: Electabuzz|Ice Punch|p1a: Tangela
|-supereffective|p1a: Tangela
|-damage|p1a: Tangela|259\/334
|move|p1a: Tangela|Leech Seed|p2a: Electabuzz
|-start|p2a: Electabuzz|move: Leech Seed
|
|-damage|p2a: Electabuzz|204\/272|[from] Leech Seed|[of] p1a: Tangela
|-heal|p1a: Tangela|293\/334|[silent]
|upkeep
|turn|26
|c|☆hugepower1221|you were right zeito
|choice|move leechseed|move icepunch
|
|move|p2a: Electabuzz|Ice Punch|p1a: Tangela
|-supereffective|p1a: Tangela
|-damage|p1a: Tangela|235\/334
|move|p1a: Tangela|Leech Seed|p2a: Electabuzz
|-fail|p2a: Electabuzz
|
|-damage|p2a: Electabuzz|170\/272|[from] Leech Seed|[of] p1a: Tangela
|-heal|p1a: Tangela|269\/334|[silent]
|upkeep
|turn|27
|choice|move gigadrain|move icepunch
|
|move|p2a: Electabuzz|Ice Punch|p1a: Tangela
|-supereffective|p1a: Tangela
|-damage|p1a: Tangela|215\/334
|move|p1a: Tangela|Giga Drain|p2a: Electabuzz
|-damage|p2a: Electabuzz|98\/272
|-heal|p1a: Tangela|251\/334|[from] drain|[of] p2a: Electabuzz
|
|-damage|p2a: Electabuzz|64\/272|[from] Leech Seed|[of] p1a: Tangela
|-heal|p1a: Tangela|285\/334|[silent]
|upkeep
|turn|28
|choice|move gigadrain|move icepunch
|
|move|p2a: Electabuzz|Ice Punch|p1a: Tangela
|-supereffective|p1a: Tangela
|-damage|p1a: Tangela|223\/334
|-status|p1a: Tangela|frz
|-curestatus|p1a: Tangela|frz|[msg]
|move|p1a: Tangela|Giga Drain|p2a: Electabuzz
|-damage|p2a: Electabuzz|0 fnt
|-heal|p1a: Tangela|255\/334|[from] drain|[of] p2a: Electabuzz
|faint|p2a: Electabuzz
|
|upkeep
|c| ZeitoKrabby|i know
|c| ZeitoKrabby|slowbroth is mean ;-;
|c|☆hugepower1221|Yes
|choice||switch 2
|
|switch|p2a: Arbok|Arbok, M, shiny|290\/290
|-damage|p2a: Arbok|254\/290|[from] Stealth Rock
|-ability|p2a: Arbok|Intimidate|boost
|-unboost|p1a: Tangela|atk|1
|turn|29
|c|☆Slowbroth|just testin some teams
|choice|switch 2|move coil
|
|switch|p1a: Dusclops|Dusclops, M|284\/284
|-ability|p1a: Dusclops|Pressure
|move|p2a: Arbok|Coil|p2a: Arbok
|-boost|p2a: Arbok|atk|1
|-boost|p2a: Arbok|def|1
|-boost|p2a: Arbok|accuracy|1
|
|upkeep
|turn|30
|c|☆hugepower1221|they work
|c| ZeitoKrabby|ah the corporate machine
|choice|move willowisp|move coil
|
|move|p2a: Arbok|Coil|p2a: Arbok
|-boost|p2a: Arbok|atk|1
|-boost|p2a: Arbok|def|1
|-boost|p2a: Arbok|accuracy|1
|move|p1a: Dusclops|Will-O-Wisp|p2a: Arbok
|-status|p2a: Arbok|brn
|
|-damage|p2a: Arbok|218\/290 brn|[from] brn
|upkeep
|turn|31
|c| ZeitoKrabby|no mercy, slowbroth!
|choice|move seismictoss|move coil
|
|move|p2a: Arbok|Coil|p2a: Arbok
|-boost|p2a: Arbok|atk|1
|-boost|p2a: Arbok|def|1
|-boost|p2a: Arbok|accuracy|1
|move|p1a: Dusclops|Seismic Toss|p2a: Arbok
|-damage|p2a: Arbok|118\/290 brn
|
|-damage|p2a: Arbok|82\/290 brn|[from] brn
|upkeep
|turn|32
|choice|move seismictoss|move crunch
|
|move|p2a: Arbok|Crunch|p1a: Dusclops
|-supereffective|p1a: Dusclops
|-damage|p1a: Dusclops|176\/284
|-unboost|p1a: Dusclops|def|1
|-damage|p2a: Arbok|53\/290 brn|[from] item: Life Orb
|move|p1a: Dusclops|Seismic Toss|p2a: Arbok
|-damage|p2a: Arbok|0 fnt
|faint|p2a: Arbok
|
|upkeep
|choice||switch 3
|
|switch|p2a: Basculin|Basculin-Blue-Striped, M, shiny|253\/289
|-damage|p2a: Basculin|217\/289|[from] Stealth Rock
|turn|33
|choice|switch 2|move doubleedge
|
|switch|p1a: Tangela|Tangela, M|334\/334
|move|p2a: Basculin|Double-Edge|p1a: Tangela
|-damage|p1a: Tangela|254\/334
|-damage|p2a: Basculin|191\/289|[from] Recoil|[of] p1a: Tangela
|
|upkeep
|turn|34
|c|☆Slowbroth|he even double-edge a dusclops
|choice|move gigadrain|move doubleedge
|
|move|p2a: Basculin|Double-Edge|p1a: Tangela
|-damage|p1a: Tangela|169\/334
|-damage|p2a: Basculin|163\/289|[from] Recoil|[of] p1a: Tangela
|move|p1a: Tangela|Giga Drain|p2a: Basculin
|-supereffective|p2a: Basculin
|-damage|p2a: Basculin|0 fnt
|-heal|p1a: Tangela|251\/334|[from] drain|[of] p2a: Basculin
|faint|p2a: Basculin
|
|upkeep
|choice||switch 5
|
|switch|p2a: Armaldo|Armaldo, M, shiny|207\/330
|-damage|p2a: Armaldo|125\/330|[from] Stealth Rock
|turn|35
|c| ZeitoKrabby|dont worry
|choice|move leechseed|move xscissor
|
|move|p1a: Tangela|Leech Seed|p2a: Armaldo
|-start|p2a: Armaldo|move: Leech Seed
|move|p2a: Armaldo|X-Scissor|p1a: Tangela
|-supereffective|p1a: Tangela
|-damage|p1a: Tangela|129\/334
|
|-damage|p2a: Armaldo|84\/330|[from] Leech Seed|[of] p1a: Tangela
|-heal|p1a: Tangela|170\/334|[silent]
|upkeep
|turn|36
|c| ZeitoKrabby|im sure slowbroth will let u take out one mon
|c|☆hugepower1221|nope
|choice|move synthesis|move xscissor
|
|move|p1a: Tangela|Synthesis|p1a: Tangela
|-heal|p1a: Tangela|334\/334
|move|p2a: Armaldo|X-Scissor|p1a: Tangela
|-supereffective|p1a: Tangela
|-damage|p1a: Tangela|208\/334
|
|-damage|p2a: Armaldo|43\/330|[from] Leech Seed|[of] p1a: Tangela
|-heal|p1a: Tangela|249\/334|[silent]
|upkeep
|turn|37
|c|%kay|nvr
|c|☆hugepower1221|I'm starting to not really like slowbroth
|c| ZeitoKrabby|im sure he will! i believe in him!
|choice|move gigadrain|move xscissor
|
|move|p1a: Tangela|Giga Drain|p2a: Armaldo
|-damage|p2a: Armaldo|0 fnt
|-heal|p1a: Tangela|271\/334|[from] drain|[of] p2a: Armaldo
|faint|p2a: Armaldo
|
|upkeep
|choice||switch 4
|
|switch|p2a: Simisear|Simisear, M, shiny|103\/291
|-damage|p2a: Simisear|31\/291|[from] Stealth Rock
|turn|38
|c|☆Slowbroth|i'll let you kill tangela
|c|%kay|watch him miss
|choice|switch 6|move fireblast
|
|switch|p1a: Altaria|Altaria, M|237\/353
|move|p2a: Simisear|Fire Blast|p1a: Altaria
|-resisted|p1a: Altaria
|-damage|p1a: Altaria|104\/353
|-damage|p2a: Simisear|2\/291|[from] item: Life Orb
|
|upkeep
|turn|39
|c| ZeitoKrabby|oh my he actually did it
|c| ZeitoKrabby|wait
|c|%kay|dirty.
|c| ZeitoKrabby|that's so mean!
|choice|switch 4|move fireblast
|
|switch|p1a: Torkoal|Torkoal, F|343\/343
|move|p2a: Simisear|Fire Blast|p1a: Torkoal
|-resisted|p1a: Torkoal
|-damage|p1a: Torkoal|171\/343
|-damage|p2a: Simisear|0 fnt|[from] item: Life Orb
|faint|p2a: Simisear
|
|win|Slowbroth
|l|Slowbroth
|c| ZeitoKrabby|oh no!!
|c|☆hugepower1221|that was bad
|l|kay
|l|hugepower1221
|l|ZeitoKrabby
|l|therealslap
|j|Slowbroth</script>
</div>
<div class="battle-log battle-log-inline"><div class="inner"><div class="battle-options"></div><div class="inner"><div class="chat"><small>Slowbroth joined.</small></div><div class="chat"><small>hugepower1221 joined.</small></div><div class=""><small>Format:</small> <br><strong>PU</strong></div><div class=""><small><em>Sleep Clause Mod:</em> Limit one foe put to sleep</small></div><div class=""><small><em>Species Clause:</em> Limit one of each Pokémon</small></div><div class=""><small><em>OHKO Clause:</em> OHKO moves are banned</small></div><div class=""><small><em>Moody Clause:</em> Moody is banned</small></div><div class=""><small><em>Evasion Moves Clause:</em> Evasion moves are banned</small></div><div class=""><small><em>Endless Battle Clause:</em> Forcing endless battles is banned</small></div><div class=""><small><em>HP Percentage Mod:</em> HP is shown in percentages</small></div><div class=""><small><em>Swagger Clause:</em> Swagger is banned</small></div><div class=""><small><em>Baton Pass Clause:</em> Limit one Baton Passer, can't pass Spe and other stats simultaneously</small></div><div class="chat battle-history"><strong>Slowbroth's team:</strong> <em style="color:#445566;display:block;">Audino / Dusclops / Altaria / Torkoal / Golem / Tangela</em></div><div class="chat battle-history"><strong>hugepower1221's team:</strong> <em style="color:#445566;display:block;">Arbok / Basculin-Blue-Striped / Simisear / Swoobat / Armaldo / Electabuzz</em></div><div class="chat"><small>kay joined.</small></div><div class="spacer battle-history"><br></div><div class="battle-history">Battle started between Slowbroth and hugepower1221!<br></div><div class="spacer battle-history"><br></div><div class="battle-history">Go! <strong>Golem</strong>!<br></div><div class="spacer battle-history"><br></div><div class="battle-history">hugepower1221 sent out Basculin (<strong>Basculin-Blue-Striped</strong>)!<br></div><div class="spacer battle-history"><br></div><h2 class="battle-history">Turn 1</h2><div class="spacer battle-history"><br></div><div class="battle-history">Golem, come back!<br></div><div class="battle-history">Go! <strong>Tangela</strong>!<br></div><div class="spacer battle-history"><br></div><div class="battle-history">The opposing Basculin used <strong>Waterfall</strong>!<br></div><div class="battle-history"><small>It's not very effective...</small><br></div><div class="battle-history"><small>(Tangela lost <abbr title="−55/334">16.5%</abbr> of its health!)</small><br></div><div class="spacer battle-history"><br></div><h2 class="battle-history">Turn 2</h2><div class="chat"><small>PokemonMasterTJ joined.</small></div><div class="chat"><small>GeneralAnnoyance joined.</small></div><div class="spacer battle-history"><br></div><div class="battle-history">hugepower1221 withdrew Basculin!<br></div><div class="battle-history">hugepower1221 sent out <strong>Armaldo</strong>!<br></div><div class="spacer battle-history"><br></div><div class="battle-history">Tangela used <strong>Leech Seed</strong>!<br></div><div class="battle-history"><small>The opposing Armaldo was seeded!</small><br></div><div class="spacer battle-history"><br></div><div class="battle-history"><small>The opposing Armaldo's health is sapped by Leech Seed!</small><br></div><div class="spacer battle-history"><br></div><h2 class="battle-history">Turn 3</h2><div class="chat chatmessage-pokemonmastertj"><strong style="color:hsl(26,75%,48%)"><small>%</small><span class="username" data-name="PokemonMasterTJ">PokemonMasterTJ</span>:</strong> <em>are u kay</em></div><div class="chat chatmessage-pokemonmastertj"><strong style="color:hsl(26,75%,48%)"><small>%</small><span class="username" data-name="PokemonMasterTJ">PokemonMasterTJ</span>:</strong> <em>slowbroth</em></div><div class="chat chatmessage-kay"><strong style="color:hsl(255,66%,56.8105735479296%)"><small>%</small><span class="username" data-name="kay">kay</span>:</strong> <em>that team looks familiar.... :O</em></div><div class="chat chatmessage-pokemonmastertj"><strong style="color:hsl(26,75%,48%)"><small>%</small><span class="username" data-name="PokemonMasterTJ">PokemonMasterTJ</span>:</strong> <em>ikr</em></div><div class="spacer battle-history"><br></div><div class="battle-history">Tangela, come back!<br></div><div class="battle-history">Go! <strong>Golem</strong>!<br></div><div class="spacer battle-history"><br></div><div class="battle-history">The opposing Armaldo used <strong>X-Scissor</strong>!<br></div><div class="battle-history"><small>(Golem lost <abbr title="−118/364">32.4%</abbr> of its health!)</small><br></div><div class="spacer battle-history"><br></div><div class="battle-history"><small>Golem restored a little HP using its Leftovers!</small><br></div><div class="battle-history"><small>The opposing Armaldo's health is sapped by Leech Seed!</small><br></div><div class="spacer battle-history"><br></div><h2 class="battle-history">Turn 4</h2><div class="chat"><small>GeneralAnnoyance left.</small></div><div class="spacer battle-history"><br></div><div class="battle-history">The opposing Armaldo used <strong>Superpower</strong>!<br></div><div class="battle-history"><small>It's super effective!</small><br></div><div class="battle-history"><small>(Golem lost <abbr title="−204/364">56.0%</abbr> of its health!)</small><br></div><div class="battle-history"><small>The opposing Armaldo's Attack fell!</small><br></div><div class="battle-history"><small>The opposing Armaldo's Defense fell!</small><br></div><div class="spacer battle-history"><br></div><div class="battle-history">Golem used <strong>Stealth Rock</strong>!<br></div><div class="battle-history"><small>Pointed stones float in the air around the opposing team!</small><br></div><div class="spacer battle-history"><br></div><div class="battle-history"><small>Golem restored a little HP using its Leftovers!</small><br></div><div class="battle-history"><small>The opposing Armaldo's health is sapped by Leech Seed!</small><br></div><div class="spacer battle-history"><br></div><h2 class="battle-history">Turn 5</h2><div class="spacer battle-history"><br></div><div class="battle-history">hugepower1221 withdrew Armaldo!<br></div><div class="battle-history">hugepower1221 sent out Basculin (<strong>Basculin-Blue-Striped</strong>)!<br></div><div class="battle-history"><small>Pointed stones dug into the opposing Basculin!</small><br></div><div class="spacer battle-history"><br></div><div class="battle-history">Golem, come back!<br></div><div class="battle-history">Go! <strong>Audino</strong>!<br></div><div class="spacer battle-history"><br></div><h2 class="battle-history">Turn 6</h2><div class="spacer battle-history"><br></div><div class="battle-history">Audino used <strong>Protect</strong>!<br></div><div class="battle-history"><small>Audino protected itself!</small><br></div><div class="spacer battle-history"><br></div><div class="battle-history">The opposing Basculin used <strong>Waterfall</strong>!<br></div><div class="battle-history"><small>Audino protected itself!</small><br></div><div class="spacer battle-history"><br></div><h2 class="battle-history">Turn 7</h2><div class="spacer battle-history"><br></div><div class="battle-history">hugepower1221 withdrew Basculin!<br></div><div class="battle-history">hugepower1221 sent out <strong>Simisear</strong>!<br></div><div class="battle-history"><small>Pointed stones dug into the opposing Simisear!</small><br></div><div class="spacer battle-history"><br></div><div class="battle-history">Audino, come back!<br></div><div class="battle-history">Go! <strong>Tangela</strong>!<br></div><div class="spacer battle-history"><br></div><h2 class="battle-history">Turn 8</h2><div class="chat"><small>Briseis joined.</small></div><div class="spacer battle-history"><br></div><div class="battle-history">Tangela, come back!<br></div><div class="battle-history">Go! <strong>Altaria</strong>!<br></div><div class="spacer battle-history"><br></div><div class="battle-history">The opposing Simisear used <strong>Knock Off</strong>!<br></div><div class="battle-history"><small>(Altaria lost <abbr title="−91/353">25.8%</abbr> of its health!)</small><br></div><div class="battle-history"><small>The opposing Simisear knocked off Altaria's Leftovers!</small><br></div><div class="battle-history"><small>The opposing Simisear lost some of its HP!</small><br></div><div class="spacer battle-history"><br></div><h2 class="battle-history">Turn 9</h2><div class="spacer battle-history"><br></div><div class="battle-history">Altaria, come back!<br></div><div class="battle-history">Go! <strong>Audino</strong>!<br></div><div class="spacer battle-history"><br></div><div class="battle-history">The opposing Simisear used <strong>Gunk Shot</strong>!<br></div><div class="battle-history"><small>(Audino lost <abbr title="−160/410">39.0%</abbr> of its health!)</small><br></div><div class="battle-history"><small>Audino was poisoned!</small><br></div><div class="battle-history"><small>The opposing Simisear lost some of its HP!</small><br></div><div class="spacer battle-history"><br></div><div class="battle-history"><small>Audino restored a little HP using its Leftovers!</small><br></div><div class="battle-history"><small>Audino was hurt by poison!</small><br></div><div class="spacer battle-history"><br></div><h2 class="battle-history">Turn 10</h2><div class="spacer battle-history"><br></div><div class="battle-history">Audino, come back!<br></div><div class="battle-history">Go! <strong>Altaria</strong>!<br></div><div class="spacer battle-history"><br></div><div class="battle-history">The opposing Simisear used <strong>Knock Off</strong>!<br></div><div class="battle-history"><small>(Altaria lost <abbr title="−64/353">18.1%</abbr> of its health!)</small><br></div><div class="battle-history"><small>The opposing Simisear lost some of its HP!</small><br></div><div class="spacer battle-history"><br></div><h2 class="battle-history">Turn 11</h2><div class="chat message-error">Battle timer is ON: inactive players will automatically lose when time's up. (requested by Slowbroth)</div><div class="spacer battle-history"><br></div><div class="battle-history">The opposing Simisear used <strong>Knock Off</strong>!<br></div><div class="battle-history"><small>(Altaria lost <abbr title="−66/353">18.7%</abbr> of its health!)</small><br></div><div class="battle-history"><small>The opposing Simisear lost some of its HP!</small><br></div><div class="spacer battle-history"><br></div><div class="battle-history">Altaria used <strong>Roost</strong>!<br></div><div class="battle-history"><small>Altaria restored its HP.</small><br></div><div class="spacer battle-history"><br></div><h2 class="battle-history">Turn 12</h2><div class="spacer battle-history"><br></div><div class="battle-history">hugepower1221 withdrew Simisear!<br></div><div class="battle-history">hugepower1221 sent out <strong>Swoobat</strong>!<br></div><div class="battle-history"><small>Pointed stones dug into the opposing Swoobat!</small><br></div><div class="spacer battle-history"><br></div><div class="battle-history">Altaria used <strong>Heal Bell</strong>!<br></div><div class="battle-history"><small>A bell chimed!</small><br></div><div class="battle-history"><small>Audino was cured of its poisoning.</small><br></div><div class="spacer battle-history"><br></div><h2 class="battle-history">Turn 13</h2><div class="spacer battle-history"><br></div><div class="battle-history">The opposing Swoobat used <strong>Calm Mind</strong>!<br></div><div class="battle-history"><small>The opposing Swoobat's Special Attack rose sharply!</small><br></div><div class="battle-history"><small>The opposing Swoobat's Special Defense rose sharply!</small><br></div><div class="spacer battle-history"><br></div><div class="battle-history">Altaria used <strong>Haze</strong>!<br></div><div class="battle-history"><small>All stat changes were eliminated!</small><br></div><div class="spacer battle-history"><br></div><h2 class="battle-history">Turn 14</h2><div class="chat"><small>ZeitoKrabby joined.</small></div><div class="chat chatmessage-zeitokrabby"><strong style="color:hsl(200,68%,41.48624787647148%)"><small> </small><span class="username" data-name="ZeitoKrabby">ZeitoKrabby</span>:</strong> <em>ew</em></div><div class="chat chatmessage-hugepower1221"><strong style="color:hsl(319,73%,49%)"><small>☆</small><span class="username" data-name="hugepower1221">hugepower1221</span>:</strong> <em>?</em></div><div class="spacer battle-history"><br></div><div class="battle-history">The opposing Swoobat used <strong>Air Slash</strong>!<br></div><div class="battle-history"><small>(Altaria lost <abbr title="−72/353">20.4%</abbr> of its health!)</small><br></div><div class="spacer battle-history"><br></div><div class="battle-history">Altaria flinched and couldn't move!<br></div><div class="spacer battle-history"><br></div><h2 class="battle-history">Turn 15</h2><div class="chat chatmessage-zeitokrabby"><strong style="color:hsl(200,68%,41.48624787647148%)"><small> </small><span class="username" data-name="ZeitoKrabby">ZeitoKrabby</span>:</strong> <em>look at the team you're facing hugepower1221</em></div><div class="chat chatmessage-hugepower1221"><strong style="color:hsl(319,73%,49%)"><small>☆</small><span class="username" data-name="hugepower1221">hugepower1221</span>:</strong> <em>yes I know</em></div><div class="spacer battle-history"><br></div><div class="battle-history">Altaria, come back!<br></div><div class="battle-history">Go! <strong>Audino</strong>!<br></div><div class="spacer battle-history"><br></div><div class="battle-history">The opposing Swoobat used <strong>Calm Mind</strong>!<br></div><div class="battle-history"><small>The opposing Swoobat's Special Attack rose sharply!</small><br></div><div class="battle-history"><small>The opposing Swoobat's Special Defense rose sharply!</small><br></div><div class="spacer battle-history"><br></div><div class="battle-history"><small>Audino restored a little HP using its Leftovers!</small><br></div><div class="spacer battle-history"><br></div><h2 class="battle-history">Turn 16</h2><div class="chat chatmessage-zeitokrabby"><strong style="color:hsl(200,68%,41.48624787647148%)"><small> </small><span class="username" data-name="ZeitoKrabby">ZeitoKrabby</span>:</strong> <em>good luck</em></div><div class="chat"><small>therealslap joined.</small></div><div class="chat chatmessage-hugepower1221"><strong style="color:hsl(319,73%,49%)"><small>☆</small><span class="username" data-name="hugepower1221">hugepower1221</span>:</strong> <em>thanks</em></div><div class="spacer battle-history"><br></div><div class="battle-history">The opposing Swoobat used <strong>Psychic</strong>!<br></div><div class="battle-history"><small>(Audino lost <abbr title="−138/410">33.7%</abbr> of its health!)</small><br></div><div class="spacer battle-history"><br></div><div class="battle-history">Audino used <strong>Encore</strong>!<br></div><div class="battle-history"><small>The opposing Swoobat received an encore!</small><br></div><div class="spacer battle-history"><br></div><div class="battle-history"><small>Audino restored a little HP using its Leftovers!</small><br></div><div class="spacer battle-history"><br></div><h2 class="battle-history">Turn 17</h2><div class="spacer battle-history"><br></div><div class="battle-history">The opposing Swoobat used <strong>Psychic</strong>!<br></div><div class="battle-history"><small>(Audino lost <abbr title="−129/410">31.5%</abbr> of its health!)</small><br></div><div class="spacer battle-history"><br></div><div class="battle-history">Audino used <strong>Knock Off</strong>!<br></div><div class="battle-history"><small>It's super effective!</small><br></div><div class="battle-history"><small>(The opposing Swoobat lost <abbr title="−176/338">52.1%</abbr> of its health!)</small><br></div><div class="battle-history"><small>Audino knocked off the opposing Swoobat's Focus Sash!</small><br></div><div class="spacer battle-history"><br></div><div class="battle-history"><small>Audino restored a little HP using its Leftovers!</small><br></div><div class="spacer battle-history"><br></div><h2 class="battle-history">Turn 18</h2><div class="chat chatmessage-hugepower1221"><strong style="color:hsl(319,73%,49%)"><small>☆</small><span class="username" data-name="hugepower1221">hugepower1221</span>:</strong> <em>so</em></div><div class="chat chatmessage-hugepower1221"><strong style="color:hsl(319,73%,49%)"><small>☆</small><span class="username" data-name="hugepower1221">hugepower1221</span>:</strong> <em>bulky</em></div><div class="spacer battle-history"><br></div><div class="battle-history">The opposing Swoobat used <strong>Psychic</strong>!<br></div><div class="battle-history"><small>(Audino lost <abbr title="−145/410">35.4%</abbr> of its health!)</small><br></div><div class="spacer battle-history"><br></div><div class="battle-history">Audino used <strong>Wish</strong>!<br></div><div class="spacer battle-history"><br></div><div class="battle-history"><small>Audino restored a little HP using its Leftovers!</small><br></div><div class="spacer battle-history"><br></div><h2 class="battle-history">Turn 19</h2><div class="spacer battle-history"><br></div><div class="battle-history">Audino used <strong>Protect</strong>!<br></div><div class="battle-history"><small>Audino protected itself!</small><br></div><div class="spacer battle-history"><br></div><div class="battle-history">The opposing Swoobat used <strong>Psychic</strong>!<br></div><div class="battle-history"><small>Audino protected itself!</small><br></div><div class="spacer battle-history"><br></div><div class="battle-history"><small>Audino's wish came true!</small><br></div><div class="battle-history"><small>Audino restored a little HP using its Leftovers!</small><br></div><div class="battle-history"><small>The opposing Swoobat's encore ended!</small><br></div><div class="spacer battle-history"><br></div><h2 class="battle-history">Turn 20</h2><div class="spacer battle-history"><br></div><div class="battle-history">The opposing Swoobat used <strong>Psychic</strong>!<br></div><div class="battle-history"><small>(Audino lost <abbr title="−139/410">33.9%</abbr> of its health!)</small><br></div><div class="spacer battle-history"><br></div><div class="battle-history">Audino used <strong>Encore</strong>!<br></div><div class="battle-history"><small>The opposing Swoobat received an encore!</small><br></div><div class="spacer battle-history"><br></div><div class="battle-history"><small>Audino restored a little HP using its Leftovers!</small><br></div><div class="spacer battle-history"><br></div><h2 class="battle-history">Turn 21</h2><div class="spacer battle-history"><br></div><div class="battle-history">Audino used <strong>Protect</strong>!<br></div><div class="battle-history"><small>Audino protected itself!</small><br></div><div class="spacer battle-history"><br></div><div class="battle-history">The opposing Swoobat used <strong>Psychic</strong>!<br></div><div class="battle-history"><small>Audino protected itself!</small><br></div><div class="spacer battle-history"><br></div><div class="battle-history"><small>Audino restored a little HP using its Leftovers!</small><br></div><div class="spacer battle-history"><br></div><h2 class="battle-history">Turn 22</h2><div class="spacer battle-history"><br></div><div class="battle-history">The opposing Swoobat used <strong>Psychic</strong>!<br></div><div class="battle-history"><small>(Audino lost <abbr title="−129/410">31.5%</abbr> of its health!)</small><br></div><div class="spacer battle-history"><br></div><div class="battle-history">Audino used <strong>Knock Off</strong>!<br></div><div class="battle-history"><small>It's super effective!</small><br></div><div class="battle-history"><small>(The opposing Swoobat lost <abbr title="−78/338">23.1%</abbr> of its health!)</small><br></div><div class="spacer battle-history"><br></div><div class="battle-history">The opposing Swoobat fainted!<br></div><div class="spacer battle-history"><br></div><div class="battle-history"><small>Audino restored a little HP using its Leftovers!</small><br></div><div class="spacer battle-history"><br></div><div class="battle-history">hugepower1221 sent out <strong>Electabuzz</strong>!<br></div><div class="battle-history"><small>Pointed stones dug into the opposing Electabuzz!</small><br></div><div class="spacer battle-history"><br></div><h2 class="battle-history">Turn 23</h2><div class="chat"><small>klasjd joined.</small></div><div class="spacer battle-history"><br></div><div class="battle-history">Audino used <strong>Protect</strong>!<br></div><div class="battle-history"><small>Audino protected itself!</small><br></div><div class="spacer battle-history"><br></div><div class="battle-history">The opposing Electabuzz used <strong>Brick Break</strong>!<br></div><div class="battle-history"><small>Audino protected itself!</small><br></div><div class="spacer battle-history"><br></div><div class="battle-history"><small>Audino restored a little HP using its Leftovers!</small><br></div><div class="spacer battle-history"><br></div><h2 class="battle-history">Turn 24</h2><div class="chat"><small>klasjd left.</small></div><div class="chat"><small>Briseis left.</small></div><div class="spacer battle-history"><br></div><div class="battle-history">Audino, come back!<br></div><div class="battle-history">Go! <strong>Tangela</strong>!<br></div><div class="spacer battle-history"><br></div><div class="battle-history">The opposing Electabuzz used <strong>Thunder Punch</strong>!<br></div><div class="battle-history"><small>It's not very effective...</small><br></div><div class="battle-history"><small>(Tangela lost <abbr title="−21/334">6.3%</abbr> of its health!)</small><br></div><div class="spacer battle-history"><br></div><h2 class="battle-history">Turn 25</h2><div class="spacer battle-history"><br></div><div class="battle-history">The opposing Electabuzz used <strong>Ice Punch</strong>!<br></div><div class="battle-history"><small>It's super effective!</small><br></div><div class="battle-history"><small>(Tangela lost <abbr title="−54/334">16.2%</abbr> of its health!)</small><br></div><div class="spacer battle-history"><br></div><div class="battle-history">Tangela used <strong>Leech Seed</strong>!<br></div><div class="battle-history"><small>The opposing Electabuzz was seeded!</small><br></div><div class="spacer battle-history"><br></div><div class="battle-history"><small>The opposing Electabuzz's health is sapped by Leech Seed!</small><br></div><div class="spacer battle-history"><br></div><h2 class="battle-history">Turn 26</h2><div class="chat chatmessage-hugepower1221"><strong style="color:hsl(319,73%,49%)"><small>☆</small><span class="username" data-name="hugepower1221">hugepower1221</span>:</strong> <em>you were right zeito</em></div><div class="spacer battle-history"><br></div><div class="battle-history">The opposing Electabuzz used <strong>Ice Punch</strong>!<br></div><div class="battle-history"><small>It's super effective!</small><br></div><div class="battle-history"><small>(Tangela lost <abbr title="−58/334">17.4%</abbr> of its health!)</small><br></div><div class="spacer battle-history"><br></div><div class="battle-history">Tangela used <strong>Leech Seed</strong>!<br></div><div class="battle-history"><small>But it failed!</small><br></div><div class="spacer battle-history"><br></div><div class="battle-history"><small>The opposing Electabuzz's health is sapped by Leech Seed!</small><br></div><div class="spacer battle-history"><br></div><h2 class="battle-history">Turn 27</h2><div class="spacer battle-history"><br></div><div class="battle-history">The opposing Electabuzz used <strong>Ice Punch</strong>!<br></div><div class="battle-history"><small>It's super effective!</small><br></div><div class="battle-history"><small>(Tangela lost <abbr title="−54/334">16.2%</abbr> of its health!)</small><br></div><div class="spacer battle-history"><br></div><div class="battle-history">Tangela used <strong>Giga Drain</strong>!<br></div><div class="battle-history"><small>(The opposing Electabuzz lost <abbr title="−72/272">26.5%</abbr> of its health!)</small><br></div><div class="battle-history"><small>The opposing Electabuzz had its energy drained!</small><br></div><div class="spacer battle-history"><br></div><div class="battle-history"><small>The opposing Electabuzz's health is sapped by Leech Seed!</small><br></div><div class="spacer battle-history"><br></div><h2 class="battle-history">Turn 28</h2><div class="spacer battle-history"><br></div><div class="battle-history">The opposing Electabuzz used <strong>Ice Punch</strong>!<br></div><div class="battle-history"><small>It's super effective!</small><br></div><div class="battle-history"><small>(Tangela lost <abbr title="−62/334">18.6%</abbr> of its health!)</small><br></div><div class="battle-history"><small>Tangela was frozen solid!</small><br></div><div class="battle-history"><small>Tangela thawed out!</small><br></div><div class="spacer battle-history"><br></div><div class="battle-history">Tangela used <strong>Giga Drain</strong>!<br></div><div class="battle-history"><small>(The opposing Electabuzz lost <abbr title="−64/272">23.5%</abbr> of its health!)</small><br></div><div class="battle-history"><small>The opposing Electabuzz had its energy drained!</small><br></div><div class="spacer battle-history"><br></div><div class="battle-history">The opposing Electabuzz fainted!<br></div><div class="chat chatmessage-zeitokrabby"><strong style="color:hsl(200,68%,41.48624787647148%)"><small> </small><span class="username" data-name="ZeitoKrabby">ZeitoKrabby</span>:</strong> <em>i know</em></div><div class="chat chatmessage-zeitokrabby"><strong style="color:hsl(200,68%,41.48624787647148%)"><small> </small><span class="username" data-name="ZeitoKrabby">ZeitoKrabby</span>:</strong> <em>slowbroth is mean ;-;</em></div><div class="chat chatmessage-hugepower1221"><strong style="color:hsl(319,73%,49%)"><small>☆</small><span class="username" data-name="hugepower1221">hugepower1221</span>:</strong> <em>Yes</em></div><div class="spacer battle-history"><br></div><div class="battle-history">hugepower1221 sent out <strong>Arbok</strong>!<br></div><div class="battle-history"><small>Pointed stones dug into the opposing Arbok!</small><br></div><div class="battle-history"><small>[The opposing Arbok's Intimidate]</small><br></div><div class="battle-history"><small>Tangela's Attack fell!</small><br></div><div class="spacer battle-history"><br></div><h2 class="battle-history">Turn 29</h2><div class="chat chatmessage-slowbroth"><strong style="color:hsl(317,62%,48.816815154816716%)"><small>☆</small><span class="username" data-name="Slowbroth">Slowbroth</span>:</strong> <em>just testin some teams</em></div><div class="spacer battle-history"><br></div><div class="battle-history">Tangela, come back!<br></div><div class="battle-history">Go! <strong>Dusclops</strong>!<br></div><div class="battle-history"><small>[Dusclops's Pressure]</small><br><small>Dusclops is exerting its pressure!</small><br></div><div class="spacer battle-history"><br></div><div class="battle-history">The opposing Arbok used <strong>Coil</strong>!<br></div><div class="battle-history"><small>The opposing Arbok's Attack rose!</small><br></div><div class="battle-history"><small>The opposing Arbok's Defense rose!</small><br></div><div class="battle-history"><small>The opposing Arbok's accuracy rose!</small><br></div><div class="spacer battle-history"><br></div><h2 class="battle-history">Turn 30</h2><div class="chat chatmessage-hugepower1221"><strong style="color:hsl(319,73%,49%)"><small>☆</small><span class="username" data-name="hugepower1221">hugepower1221</span>:</strong> <em>they work</em></div><div class="chat chatmessage-zeitokrabby"><strong style="color:hsl(200,68%,41.48624787647148%)"><small> </small><span class="username" data-name="ZeitoKrabby">ZeitoKrabby</span>:</strong> <em>ah the corporate machine</em></div><div class="spacer battle-history"><br></div><div class="battle-history">The opposing Arbok used <strong>Coil</strong>!<br></div><div class="battle-history"><small>The opposing Arbok's Attack rose!</small><br></div><div class="battle-history"><small>The opposing Arbok's Defense rose!</small><br></div><div class="battle-history"><small>The opposing Arbok's accuracy rose!</small><br></div><div class="spacer battle-history"><br></div><div class="battle-history">Dusclops used <strong>Will-O-Wisp</strong>!<br></div><div class="battle-history"><small>The opposing Arbok was burned!</small><br></div><div class="spacer battle-history"><br></div><div class="battle-history"><small>The opposing Arbok was hurt by its burn!</small><br></div><div class="spacer battle-history"><br></div><h2 class="battle-history">Turn 31</h2><div class="chat chatmessage-zeitokrabby"><strong style="color:hsl(200,68%,41.48624787647148%)"><small> </small><span class="username" data-name="ZeitoKrabby">ZeitoKrabby</span>:</strong> <em>no mercy, slowbroth!</em></div><div class="spacer battle-history"><br></div><div class="battle-history">The opposing Arbok used <strong>Coil</strong>!<br></div><div class="battle-history"><small>The opposing Arbok's Attack rose!</small><br></div><div class="battle-history"><small>The opposing Arbok's Defense rose!</small><br></div><div class="battle-history"><small>The opposing Arbok's accuracy rose!</small><br></div><div class="spacer battle-history"><br></div><div class="battle-history">Dusclops used <strong>Seismic Toss</strong>!<br></div><div class="battle-history"><small>(The opposing Arbok lost <abbr title="−100/290">34.5%</abbr> of its health!)</small><br></div><div class="spacer battle-history"><br></div><div class="battle-history"><small>The opposing Arbok was hurt by its burn!</small><br></div><div class="spacer battle-history"><br></div><h2 class="battle-history">Turn 32</h2><div class="spacer battle-history"><br></div><div class="battle-history">The opposing Arbok used <strong>Crunch</strong>!<br></div><div class="battle-history"><small>It's super effective!</small><br></div><div class="battle-history"><small>(Dusclops lost <abbr title="−108/284">38.0%</abbr> of its health!)</small><br></div><div class="battle-history"><small>Dusclops's Defense fell!</small><br></div><div class="battle-history"><small>The opposing Arbok lost some of its HP!</small><br></div><div class="spacer battle-history"><br></div><div class="battle-history">Dusclops used <strong>Seismic Toss</strong>!<br></div><div class="battle-history"><small>(The opposing Arbok lost <abbr title="−53/290">18.3%</abbr> of its health!)</small><br></div><div class="spacer battle-history"><br></div><div class="battle-history">The opposing Arbok fainted!<br></div><div class="spacer battle-history"><br></div><div class="battle-history">hugepower1221 sent out Basculin (<strong>Basculin-Blue-Striped</strong>)!<br></div><div class="battle-history"><small>Pointed stones dug into the opposing Basculin!</small><br></div><div class="spacer battle-history"><br></div><h2 class="battle-history">Turn 33</h2><div class="spacer battle-history"><br></div><div class="battle-history">Dusclops, come back!<br></div><div class="battle-history">Go! <strong>Tangela</strong>!<br></div><div class="spacer battle-history"><br></div><div class="battle-history">The opposing Basculin used <strong>Double-Edge</strong>!<br></div><div class="battle-history"><small>(Tangela lost <abbr title="−80/334">24.0%</abbr> of its health!)</small><br></div><div class="battle-history"><small>The opposing Basculin is damaged by the recoil!</small><br></div><div class="spacer battle-history"><br></div><h2 class="battle-history">Turn 34</h2><div class="chat chatmessage-slowbroth"><strong style="color:hsl(317,62%,48.816815154816716%)"><small>☆</small><span class="username" data-name="Slowbroth">Slowbroth</span>:</strong> <em>he even double-edge a dusclops</em></div><div class="spacer battle-history"><br></div><div class="battle-history">The opposing Basculin used <strong>Double-Edge</strong>!<br></div><div class="battle-history"><small>(Tangela lost <abbr title="−85/334">25.4%</abbr> of its health!)</small><br></div><div class="battle-history"><small>The opposing Basculin is damaged by the recoil!</small><br></div><div class="spacer battle-history"><br></div><div class="battle-history">Tangela used <strong>Giga Drain</strong>!<br></div><div class="battle-history"><small>It's super effective!</small><br></div><div class="battle-history"><small>(The opposing Basculin lost <abbr title="−163/289">56.4%</abbr> of its health!)</small><br></div><div class="battle-history"><small>The opposing Basculin had its energy drained!</small><br></div><div class="spacer battle-history"><br></div><div class="battle-history">The opposing Basculin fainted!<br></div><div class="spacer battle-history"><br></div><div class="battle-history">hugepower1221 sent out <strong>Armaldo</strong>!<br></div><div class="battle-history"><small>Pointed stones dug into the opposing Armaldo!</small><br></div><div class="spacer battle-history"><br></div><h2 class="battle-history">Turn 35</h2><div class="chat chatmessage-zeitokrabby"><strong style="color:hsl(200,68%,41.48624787647148%)"><small> </small><span class="username" data-name="ZeitoKrabby">ZeitoKrabby</span>:</strong> <em>dont worry</em></div><div class="spacer battle-history"><br></div><div class="battle-history">Tangela used <strong>Leech Seed</strong>!<br></div><div class="battle-history"><small>The opposing Armaldo was seeded!</small><br></div><div class="spacer battle-history"><br></div><div class="battle-history">The opposing Armaldo used <strong>X-Scissor</strong>!<br></div><div class="battle-history"><small>It's super effective!</small><br></div><div class="battle-history"><small>(Tangela lost <abbr title="−122/334">36.5%</abbr> of its health!)</small><br></div><div class="spacer battle-history"><br></div><div class="battle-history"><small>The opposing Armaldo's health is sapped by Leech Seed!</small><br></div><div class="spacer battle-history"><br></div><h2 class="battle-history">Turn 36</h2><div class="chat chatmessage-zeitokrabby"><strong style="color:hsl(200,68%,41.48624787647148%)"><small> </small><span class="username" data-name="ZeitoKrabby">ZeitoKrabby</span>:</strong> <em>im sure slowbroth will let u take out one mon</em></div><div class="chat chatmessage-hugepower1221"><strong style="color:hsl(319,73%,49%)"><small>☆</small><span class="username" data-name="hugepower1221">hugepower1221</span>:</strong> <em>nope</em></div><div class="spacer battle-history"><br></div><div class="battle-history">Tangela used <strong>Synthesis</strong>!<br></div><div class="battle-history"><small>Tangela restored its HP.</small><br></div><div class="spacer battle-history"><br></div><div class="battle-history">The opposing Armaldo used <strong>X-Scissor</strong>!<br></div><div class="battle-history"><small>It's super effective!</small><br></div><div class="battle-history"><small>(Tangela lost <abbr title="−126/334">37.7%</abbr> of its health!)</small><br></div><div class="spacer battle-history"><br></div><div class="battle-history"><small>The opposing Armaldo's health is sapped by Leech Seed!</small><br></div><div class="spacer battle-history"><br></div><h2 class="battle-history">Turn 37</h2><div class="chat chatmessage-kay"><strong style="color:hsl(255,66%,56.8105735479296%)"><small>%</small><span class="username" data-name="kay">kay</span>:</strong> <em>nvr</em></div><div class="chat chatmessage-hugepower1221"><strong style="color:hsl(319,73%,49%)"><small>☆</small><span class="username" data-name="hugepower1221">hugepower1221</span>:</strong> <em>I'm starting to not really like slowbroth</em></div><div class="chat chatmessage-zeitokrabby"><strong style="color:hsl(200,68%,41.48624787647148%)"><small> </small><span class="username" data-name="ZeitoKrabby">ZeitoKrabby</span>:</strong> <em>im sure he will! i believe in him!</em></div><div class="spacer battle-history"><br></div><div class="battle-history">Tangela used <strong>Giga Drain</strong>!<br></div><div class="battle-history"><small>(The opposing Armaldo lost <abbr title="−43/330">13.0%</abbr> of its health!)</small><br></div><div class="battle-history"><small>The opposing Armaldo had its energy drained!</small><br></div><div class="spacer battle-history"><br></div><div class="battle-history">The opposing Armaldo fainted!<br></div><div class="spacer battle-history"><br></div><div class="battle-history">hugepower1221 sent out <strong>Simisear</strong>!<br></div><div class="battle-history"><small>Pointed stones dug into the opposing Simisear!</small><br></div><div class="spacer battle-history"><br></div><h2 class="battle-history">Turn 38</h2><div class="chat chatmessage-slowbroth"><strong style="color:hsl(317,62%,48.816815154816716%)"><small>☆</small><span class="username" data-name="Slowbroth">Slowbroth</span>:</strong> <em>i'll let you kill tangela</em></div><div class="chat chatmessage-kay"><strong style="color:hsl(255,66%,56.8105735479296%)"><small>%</small><span class="username" data-name="kay">kay</span>:</strong> <em>watch him miss</em></div><div class="spacer battle-history"><br></div><div class="battle-history">Tangela, come back!<br></div><div class="battle-history">Go! <strong>Altaria</strong>!<br></div><div class="spacer battle-history"><br></div><div class="battle-history">The opposing Simisear used <strong>Fire Blast</strong>!<br></div><div class="battle-history"><small>It's not very effective...</small><br></div><div class="battle-history"><small>(Altaria lost <abbr title="−133/353">37.7%</abbr> of its health!)</small><br></div><div class="battle-history"><small>The opposing Simisear lost some of its HP!</small><br></div><div class="spacer battle-history"><br></div><h2 class="battle-history">Turn 39</h2><div class="chat chatmessage-zeitokrabby"><strong style="color:hsl(200,68%,41.48624787647148%)"><small> </small><span class="username" data-name="ZeitoKrabby">ZeitoKrabby</span>:</strong> <em>oh my he actually did it</em></div><div class="chat chatmessage-zeitokrabby"><strong style="color:hsl(200,68%,41.48624787647148%)"><small> </small><span class="username" data-name="ZeitoKrabby">ZeitoKrabby</span>:</strong> <em>wait</em></div><div class="chat chatmessage-kay"><strong style="color:hsl(255,66%,56.8105735479296%)"><small>%</small><span class="username" data-name="kay">kay</span>:</strong> <em>dirty.</em></div><div class="chat chatmessage-zeitokrabby"><strong style="color:hsl(200,68%,41.48624787647148%)"><small> </small><span class="username" data-name="ZeitoKrabby">ZeitoKrabby</span>:</strong> <em>that's so mean!</em></div><div class="spacer battle-history"><br></div><div class="battle-history">Altaria, come back!<br></div><div class="battle-history">Go! <strong>Torkoal</strong>!<br></div><div class="spacer battle-history"><br></div><div class="battle-history">The opposing Simisear used <strong>Fire Blast</strong>!<br></div><div class="battle-history"><small>It's not very effective...</small><br></div><div class="battle-history"><small>(Torkoal lost <abbr title="−172/343">50.1%</abbr> of its health!)</small><br></div><div class="battle-history"><small>The opposing Simisear lost some of its HP!</small><br></div><div class="spacer battle-history"><br></div><div class="battle-history">The opposing Simisear fainted!<br></div><div class="spacer battle-history"><br></div><div class="battle-history"><strong>Slowbroth</strong> won the battle!<br></div><div class="chat"><small>Slowbroth left.</small></div><div class="chat chatmessage-zeitokrabby"><strong style="color:hsl(200,68%,41.48624787647148%)"><small> </small><span class="username" data-name="ZeitoKrabby">ZeitoKrabby</span>:</strong> <em>oh no!!</em></div><div class="chat chatmessage-hugepower1221"><strong style="color:hsl(319,73%,49%)"><small>☆</small><span class="username" data-name="hugepower1221">hugepower1221</span>:</strong> <em>that was bad</em></div><div class="chat"><small>kay left.</small></div><div class="chat"><small>hugepower1221 left.</small></div><div class="chat"><small>ZeitoKrabby left.</small></div><div class="chat"><small>therealslap left.</small></div><div class="chat"><small>Slowbroth joined.</small></div></div><div class="inner-preempt"></div></div></div>
</div>
<script>
let daily = Math.floor(Date.now()/1000/60/60/24);document.write('<script src="https://play.pokemonshowdown.com/js/replay-embed.js?version'+daily+'"></'+'script>');
</script>
