<!DOCTYPE html>
<meta charset="utf-8" />
<!-- version 1 -->
<title>PU replay: Erragon vs. victinipoke2</title>
<style>
html,body {font-family:Verdana, sans-serif;font-size:10pt;margin:0;padding:0;}body{padding:12px 0;} .battle-log {font-family:Verdana, sans-serif;font-size:10pt;} .battle-log-inline {border:1px solid #AAAAAA;background:#EEF2F5;color:black;max-width:640px;margin:0 auto 80px;padding-bottom:5px;} .battle-log .inner {padding:4px 8px 0px 8px;} .battle-log .inner-preempt {padding:0 8px 4px 8px;} .battle-log .inner-after {margin-top:0.5em;} .battle-log h2 {margin:0.5em -8px;padding:4px 8px;border:1px solid #AAAAAA;background:#E0E7EA;border-left:0;border-right:0;font-family:Verdana, sans-serif;font-size:13pt;} .battle-log .chat {vertical-align:middle;padding:3px 0 3px 0;font-size:8pt;} .battle-log .chat strong {color:#40576A;} .battle-log .chat em {padding:1px 4px 1px 3px;color:#000000;font-style:normal;} .chat.mine {background:rgba(0,0,0,0.05);margin-left:-8px;margin-right:-8px;padding-left:8px;padding-right:8px;} .spoiler {color:#BBBBBB;background:#BBBBBB;padding:0px 3px;} .spoiler:hover, .spoiler:active, .spoiler-shown {color:#000000;background:#E2E2E2;padding:0px 3px;} .spoiler a {color:#BBBBBB;} .spoiler:hover a, .spoiler:active a, .spoiler-shown a {color:#2288CC;} .chat code, .chat .spoiler:hover code, .chat .spoiler:active code, .chat .spoiler-shown code {border:1px solid #C0C0C0;background:#EEEEEE;color:black;padding:0 2px;} .chat .spoiler code {border:1px solid #CCCCCC;background:#CCCCCC;color:#CCCCCC;} .battle-log .rated {padding:3px 4px;} .battle-log .rated strong {color:white;background:#89A;padding:1px 4px;border-radius:4px;} .spacer {margin-top:0.5em;} .message-announce {background:#6688AA;color:white;padding:1px 4px 2px;} .message-announce a, .broadcast-green a, .broadcast-blue a, .broadcast-red a {color:#DDEEFF;} .broadcast-green {background-color:#559955;color:white;padding:2px 4px;} .broadcast-blue {background-color:#6688AA;color:white;padding:2px 4px;} .infobox {border:1px solid #6688AA;padding:2px 4px;} .infobox-limited {max-height:200px;overflow:auto;overflow-x:hidden;} .broadcast-red {background-color:#AA5544;color:white;padding:2px 4px;} .message-learn-canlearn {font-weight:bold;color:#228822;text-decoration:underline;} .message-learn-cannotlearn {font-weight:bold;color:#CC2222;text-decoration:underline;} .message-effect-weak {font-weight:bold;color:#CC2222;} .message-effect-resist {font-weight:bold;color:#6688AA;} .message-effect-immune {font-weight:bold;color:#666666;} .message-learn-list {margin-top:0;margin-bottom:0;} .message-throttle-notice, .message-error {color:#992222;} .message-overflow, .chat small.message-overflow {font-size:0pt;} .message-overflow::before {font-size:9pt;content:'...';} .subtle {color:#3A4A66;}
</style>
<div class="wrapper replay-wrapper" style="max-width:1180px;margin:0 auto">
<input type="hidden" name="replayid" value="pokestrat-pu-4117" />
<div class="battle"></div><div class="battle-log"></div><div class="replay-controls"></div><div class="replay-controls-2"></div>
<h1 style="font-weight:normal;text-align:center"><strong>PU</strong><br /><a href="http://pokemonshowdown.com/users/erragon" class="subtle" target="_blank">Erragon</a> vs. <a href="http://pokemonshowdown.com/users/victinipoke2" class="subtle" target="_blank">victinipoke2</a></h1>
<script type="text/plain" class="battle-log-data">|j|Erragon
|j|victinipoke2
|player|p1|Erragon|#zinnia
|player|p2|victinipoke2|209
|gametype|singles
|gen|6
|tier|PU
|seed|27734,10967,46879,7435
|rule|Sleep Clause Mod: Limit one foe put to sleep
|rule|Species Clause: Limit one of each Pokémon
|rule|OHKO Clause: OHKO moves are banned
|rule|Moody Clause: Moody is banned
|rule|Evasion Moves Clause: Evasion moves are banned
|rule|Endless Battle Clause: Forcing endless battles is banned
|rule|HP Percentage Mod: HP is shown in percentages
|clearpoke
|poke|p1|Floatzel, F|item
|poke|p1|Zebstrika, M|item
|poke|p1|Golem, M|item
|poke|p1|Gourgeist-*, M|item
|poke|p1|Audino, F|item
|poke|p1|Swanna, M|item
|poke|p2|Golduck, F|item
|poke|p2|Gabite, M|item
|poke|p2|Articuno|item
|poke|p2|Meowstic, M|item
|poke|p2|Stoutland, M|item
|poke|p2|Avalugg, F|item
|rule|Swagger Clause: Swagger is banned
|rule|Baton Pass Clause: Limit one Baton Passer, can't pass Spe and other stats simultaneously
|teampreview
|c|☆Erragon|bonne chance
|j|Greenheroes
|c|☆Erragon|oh c'est une mono bleue ? :D
|l|Greenheroes
|choice|team 3, team 2, team 1, team 4, team 5, team 6|team 3, team 2, team 1, team 4, team 5, team 6
|
|start
|switch|p1a: Golem|Golem, M|301\/301
|switch|p2a: Articuno|Articuno|321\/321
|-ability|p2a: Articuno|Pressure
|turn|1
|c|☆victinipoke2|ouai bonne chance
|choice|move stealthrock|switch 6
|
|switch|p2a: Avalugg|Avalugg, F|393\/393
|move|p1a: Golem|Stealth Rock|p2a: Avalugg
|-sidestart|p2: victinipoke2|move: Stealth Rock
|
|upkeep
|turn|2
|choice|move stoneedge|move toxic
|
|move|p1a: Golem|Stone Edge|p2a: Avalugg
|-supereffective|p2a: Avalugg
|-damage|p2a: Avalugg|229\/393
|move|p2a: Avalugg|Toxic|p1a: Golem
|-status|p1a: Golem|tox
|
|-heal|p2a: Avalugg|253\/393|[from] item: Leftovers
|-damage|p1a: Golem|283\/301 tox|[from] psn
|upkeep
|turn|3
|choice|move stoneedge|move avalanche
|
|move|p1a: Golem|Stone Edge|p2a: Avalugg|[miss]
|-miss|p1a: Golem|p2a: Avalugg
|move|p2a: Avalugg|Avalanche|p1a: Golem
|-supereffective|p1a: Golem
|-damage|p1a: Golem|145\/301 tox
|-enditem|p1a: Golem|Weakness Policy
|-boost|p1a: Golem|atk|2
|-boost|p1a: Golem|spa|2
|
|-heal|p2a: Avalugg|277\/393|[from] item: Leftovers
|-damage|p1a: Golem|109\/301 tox|[from] psn
|upkeep
|turn|4
|choice|move stoneedge|move rapidspin
|
|move|p1a: Golem|Stone Edge|p2a: Avalugg
|-supereffective|p2a: Avalugg
|-damage|p2a: Avalugg|0 fnt
|faint|p2a: Avalugg
|
|-damage|p1a: Golem|55\/301 tox|[from] psn
|upkeep
|choice||switch 2
|
|switch|p2a: Gabite|Gabite, M|339\/339
|-damage|p2a: Gabite|318\/339|[from] Stealth Rock
|turn|5
|choice|move suckerpunch|move dragonclaw
|
|move|p1a: Golem|Sucker Punch|p2a: Gabite
|-damage|p2a: Gabite|129\/339
|-damage|p1a: Golem|18\/301 tox|[from] ability: Rough Skin|[of] p2a: Gabite
|move|p2a: Gabite|Dragon Claw|p1a: Golem
|-damage|p1a: Golem|0 fnt
|faint|p1a: Golem
|
|upkeep
|choice|switch 4|
|
|switch|p1a: Gourgeist|Gourgeist-Super, M|374\/374
|-item|p2a: Gabite|Eviolite|[from] ability: Frisk|[of] p1a: Gourgeist|[identify]
|turn|6
|choice|move willowisp|move stealthrock
|
|move|p2a: Gabite|Stealth Rock|p1a: Gourgeist
|-sidestart|p1: Erragon|move: Stealth Rock
|move|p1a: Gourgeist|Will-O-Wisp|p2a: Gabite
|-status|p2a: Gabite|brn
|
|-damage|p2a: Gabite|87\/339 brn|[from] brn
|upkeep
|turn|7
|choice|move leechseed|move toxic
|
|move|p2a: Gabite|Toxic|p1a: Gourgeist
|-status|p1a: Gourgeist|tox
|move|p1a: Gourgeist|Leech Seed|p2a: Gabite
|-start|p2a: Gabite|move: Leech Seed
|
|-damage|p2a: Gabite|45\/339 brn|[from] Leech Seed|[of] p1a: Gourgeist
|-damage|p2a: Gabite|3\/339 brn|[from] brn
|-damage|p1a: Gourgeist|351\/374 tox|[from] psn
|upkeep
|turn|8
|choice|switch 5|move dragonclaw
|
|switch|p1a: Audino|Audino, F|410\/410
|-damage|p1a: Audino|359\/410|[from] Stealth Rock
|move|p2a: Gabite|Dragon Claw|p1a: Audino
|-damage|p1a: Audino|290\/410
|
|-heal|p1a: Audino|315\/410|[from] item: Leftovers
|-damage|p2a: Gabite|0 fnt|[from] Leech Seed|[of] p1a: Audino
|-heal|p1a: Audino|318\/410|[silent]
|upkeep
|faint|p2a: Gabite
|choice||switch 5
|
|switch|p2a: Stoutland|Stoutland, M|311\/311
|-damage|p2a: Stoutland|273\/311|[from] Stealth Rock
|turn|9
|j|S poi re
|choice|move healbell|move frustration
|
|move|p2a: Stoutland|Frustration|p1a: Audino
|-damage|p1a: Audino|108\/410
|move|p1a: Audino|Heal Bell|p1a: Audino
|-activate|p1a: Audino|move: Heal Bell
|-curestatus|p1: Gourgeist|tox|[msg]
|
|-heal|p1a: Audino|133\/410|[from] item: Leftovers
|upkeep
|turn|10
|l|S poi re
|choice|move protect|move pursuit
|
|move|p1a: Audino|Protect|p1a: Audino
|-singleturn|p1a: Audino|Protect
|move|p2a: Stoutland|Pursuit|p1a: Audino
|-activate|p1a: Audino|move: Protect
|
|-heal|p1a: Audino|158\/410|[from] item: Leftovers
|upkeep
|turn|11
|choice|move wish|switch 6
|
|switch|p2a: Articuno|Articuno|321\/321
|-damage|p2a: Articuno|161\/321|[from] Stealth Rock
|-ability|p2a: Articuno|Pressure
|move|p1a: Audino|Wish|p1a: Audino
|
|-heal|p1a: Audino|183\/410|[from] item: Leftovers
|upkeep
|turn|12
|choice|move protect|move freezedry
|
|move|p1a: Audino|Protect|p1a: Audino
|-singleturn|p1a: Audino|Protect
|move|p2a: Articuno|Freeze-Dry|p1a: Audino
|-activate|p1a: Audino|move: Protect
|
|-heal|p1a: Audino|388\/410|[from] move: Wish|[wisher] Audino
|-heal|p1a: Audino|410\/410|[from] item: Leftovers
|upkeep
|turn|13
|choice|move knockoff|move freezedry
|
|move|p2a: Articuno|Freeze-Dry|p1a: Audino
|-damage|p1a: Audino|299\/410
|move|p1a: Audino|Knock Off|p2a: Articuno
|-damage|p2a: Articuno|114\/321
|-enditem|p2a: Articuno|Choice Specs|[from] move: Knock Off|[of] p1a: Audino
|
|-heal|p1a: Audino|324\/410|[from] item: Leftovers
|upkeep
|turn|14
|j|Imparfait
|choice|move wish|move hurricane
|
|move|p2a: Articuno|Hurricane|p1a: Audino
|-damage|p1a: Audino|200\/410
|-start|p1a: Audino|confusion
|-activate|p1a: Audino|confusion
|move|p1a: Audino|Wish|p1a: Audino
|
|-heal|p1a: Audino|225\/410|[from] item: Leftovers
|upkeep
|turn|15
|choice|move protect|move hurricane
|
|-end|p1a: Audino|confusion
|move|p1a: Audino|Protect|p1a: Audino
|-singleturn|p1a: Audino|Protect
|move|p2a: Articuno|Hurricane|p1a: Audino
|-activate|p1a: Audino|move: Protect
|
|-heal|p1a: Audino|410\/410|[from] move: Wish|[wisher] Audino
|upkeep
|turn|16
|choice|switch 5|move hurricane
|
|switch|p1a: Gourgeist|Gourgeist-Super, M|351\/374
|-damage|p1a: Gourgeist|305\/374|[from] Stealth Rock
|move|p2a: Articuno|Hurricane|p1a: Gourgeist
|-supereffective|p1a: Gourgeist
|-damage|p1a: Gourgeist|0 fnt
|faint|p1a: Gourgeist
|
|upkeep
|choice|switch 2|
|
|switch|p1a: Zebstrika|Zebstrika, M|291\/291
|-damage|p1a: Zebstrika|255\/291|[from] Stealth Rock
|turn|17
|choice|move voltswitch|move icebeam
|
|move|p1a: Zebstrika|Volt Switch|p2a: Articuno
|-supereffective|p2a: Articuno
|-damage|p2a: Articuno|0 fnt
|-damage|p1a: Zebstrika|226\/291|[from] item: Life Orb
|faint|p2a: Articuno
|choice|switch 5|
|
|switch|p1a: Audino|Audino, F|410\/410
|-damage|p1a: Audino|359\/410|[from] Stealth Rock
|
|-heal|p1a: Audino|384\/410|[from] item: Leftovers
|upkeep
|choice||switch 6
|
|switch|p2a: Stoutland|Stoutland, M|273\/311
|-damage|p2a: Stoutland|235\/311|[from] Stealth Rock
|turn|18
|choice|move knockoff|move superpower
|
|move|p2a: Stoutland|Superpower|p1a: Audino
|-supereffective|p1a: Audino
|-damage|p1a: Audino|96\/410
|-unboost|p2a: Stoutland|atk|1
|-unboost|p2a: Stoutland|def|1
|move|p1a: Audino|Knock Off|p2a: Stoutland
|-damage|p2a: Stoutland|152\/311
|-enditem|p2a: Stoutland|Silk Scarf|[from] move: Knock Off|[of] p1a: Audino
|
|-heal|p1a: Audino|121\/410|[from] item: Leftovers
|upkeep
|turn|19
|choice|move protect|move superpower
|
|move|p1a: Audino|Protect|p1a: Audino
|-singleturn|p1a: Audino|Protect
|move|p2a: Stoutland|Superpower|p1a: Audino
|-activate|p1a: Audino|move: Protect
|
|-heal|p1a: Audino|146\/410|[from] item: Leftovers
|upkeep
|turn|20
|choice|switch 6|move superpower
|
|switch|p1a: Swanna|Swanna, M|291\/291
|-damage|p1a: Swanna|219\/291|[from] Stealth Rock
|move|p2a: Stoutland|Superpower|p1a: Swanna
|-resisted|p1a: Swanna
|-damage|p1a: Swanna|162\/291
|-unboost|p2a: Stoutland|atk|1
|-unboost|p2a: Stoutland|def|1
|
|-heal|p1a: Swanna|180\/291|[from] item: Leftovers
|upkeep
|turn|21
|l|Imparfait
|choice|move defog|switch 4
|
|switch|p2a: Meowstic|Meowstic, M|352\/352
|-damage|p2a: Meowstic|308\/352|[from] Stealth Rock
|move|p1a: Swanna|Defog|p2a: Meowstic
|-unboost|p2a: Meowstic|evasion|1
|-sideend|p2: victinipoke2|Stealth Rock|[from] move: Defog|[of] p2a: Meowstic
|-sideend|p1: Erragon|Stealth Rock|[from] move: Defog|[of] p1a: Swanna
|
|-heal|p1a: Swanna|198\/291|[from] item: Leftovers
|upkeep
|turn|22
|choice|move hurricane|move thunderwave
|
|move|p2a: Meowstic|Thunder Wave|p1a: Swanna
|-status|p1a: Swanna|par
|move|p1a: Swanna|Hurricane|p2a: Meowstic
|-damage|p2a: Meowstic|142\/352
|
|-heal|p1a: Swanna|216\/291 par|[from] item: Leftovers
|upkeep
|turn|23
|choice|switch 6|move lightscreen
|
|switch|p1a: Audino|Audino, F|282\/410
|move|p2a: Meowstic|Light Screen|p2a: Meowstic
|-sidestart|p2: victinipoke2|move: Light Screen
|
|-heal|p1a: Audino|307\/410|[from] item: Leftovers
|upkeep
|turn|24
|choice|move healbell|move psychic
|
|move|p2a: Meowstic|Psychic|p1a: Audino
|-damage|p1a: Audino|231\/410
|move|p1a: Audino|Heal Bell|p1a: Audino
|-activate|p1a: Audino|move: Heal Bell
|-curestatus|p1: Swanna|par|[msg]
|
|-heal|p1a: Audino|256\/410|[from] item: Leftovers
|upkeep
|turn|25
|choice|move knockoff|move reflect
|
|move|p2a: Meowstic|Reflect|p2a: Meowstic
|-sidestart|p2: victinipoke2|Reflect
|move|p1a: Audino|Knock Off|p2a: Meowstic
|-supereffective|p2a: Meowstic
|-damage|p2a: Meowstic|96\/352
|-enditem|p2a: Meowstic|Light Clay|[from] move: Knock Off|[of] p1a: Audino
|
|-heal|p1a: Audino|281\/410|[from] item: Leftovers
|upkeep
|turn|26
|choice|move wish|move thunderwave
|
|move|p2a: Meowstic|Thunder Wave|p1a: Audino
|-status|p1a: Audino|par
|move|p1a: Audino|Wish|p1a: Audino
|
|-heal|p1a: Audino|306\/410 par|[from] item: Leftovers
|upkeep
|turn|27
|choice|move healbell|switch 4
|
|switch|p2a: Stoutland|Stoutland, M|152\/311
|move|p1a: Audino|Heal Bell|p1a: Audino
|-activate|p1a: Audino|move: Heal Bell
|-curestatus|p1a: Audino|par|[msg]
|
|-heal|p1a: Audino|410\/410|[from] move: Wish|[wisher] Audino
|upkeep
|turn|28
|choice|move protect|move frustration
|
|move|p1a: Audino|Protect|p1a: Audino
|-singleturn|p1a: Audino|Protect
|move|p2a: Stoutland|Frustration|p1a: Audino
|-activate|p1a: Audino|move: Protect
|
|upkeep
|turn|29
|choice|move wish|move frustration
|
|move|p2a: Stoutland|Frustration|p1a: Audino
|-crit|p1a: Audino
|-damage|p1a: Audino|149\/410
|move|p1a: Audino|Wish|p1a: Audino
|
|-heal|p1a: Audino|174\/410|[from] item: Leftovers
|upkeep
|turn|30
|choice|move protect|move frustration
|
|move|p1a: Audino|Protect|p1a: Audino
|-singleturn|p1a: Audino|Protect
|move|p2a: Stoutland|Frustration|p1a: Audino
|-activate|p1a: Audino|move: Protect
|
|-heal|p1a: Audino|379\/410|[from] move: Wish|[wisher] Audino
|-heal|p1a: Audino|404\/410|[from] item: Leftovers
|-sideend|p2: victinipoke2|move: Light Screen
|upkeep
|turn|31
|choice|move wish|move frustration
|
|move|p2a: Stoutland|Frustration|p1a: Audino
|-damage|p1a: Audino|218\/410
|move|p1a: Audino|Wish|p1a: Audino
|
|-heal|p1a: Audino|243\/410|[from] item: Leftovers
|upkeep
|turn|32
|choice|move protect|move superpower
|
|move|p1a: Audino|Protect|p1a: Audino
|-singleturn|p1a: Audino|Protect
|move|p2a: Stoutland|Superpower|p1a: Audino
|-activate|p1a: Audino|move: Protect
|
|-heal|p1a: Audino|410\/410|[from] move: Wish|[wisher] Audino
|-sideend|p2: victinipoke2|Reflect
|upkeep
|turn|33
|choice|move wish|move frustration
|
|move|p2a: Stoutland|Frustration|p1a: Audino
|-damage|p1a: Audino|241\/410
|move|p1a: Audino|Wish|p1a: Audino
|
|-heal|p1a: Audino|266\/410|[from] item: Leftovers
|upkeep
|turn|34
|choice|switch 6|move frustration
|
|switch|p1a: Swanna|Swanna, M|216\/291
|move|p2a: Stoutland|Frustration|p1a: Swanna
|-damage|p1a: Swanna|0 fnt
|faint|p1a: Swanna
|
|upkeep
|choice|switch 3|
|
|switch|p1a: Floatzel|Floatzel, F|311\/311
|turn|35
|choice|move return|switch 4
|
|switch|p2a: Meowstic|Meowstic, M|96\/352
|move|p1a: Floatzel|Return|p2a: Meowstic
|-damage|p2a: Meowstic|0 fnt
|faint|p2a: Meowstic
|
|upkeep
|choice||switch 3
|
|switch|p2a: Golduck|Golduck, F|301\/301
|turn|36
|choice|move return|move hydropump
|
|move|p1a: Floatzel|Return|p2a: Golduck
|-damage|p2a: Golduck|116\/301
|move|p2a: Golduck|Hydro Pump|p1a: Floatzel
|-resisted|p1a: Floatzel
|-damage|p1a: Floatzel|103\/311
|-damage|p2a: Golduck|86\/301|[from] item: Life Orb
|
|upkeep
|turn|37
|choice|move return|move hydropump
|
|move|p1a: Floatzel|Return|p2a: Golduck
|-damage|p2a: Golduck|0 fnt
|faint|p2a: Golduck
|
|upkeep
|choice||switch 4
|
|switch|p2a: Stoutland|Stoutland, M|152\/311
|turn|38
|choice|move return|move frustration
|
|move|p1a: Floatzel|Return|p2a: Stoutland
|-damage|p2a: Stoutland|0 fnt
|faint|p2a: Stoutland
|
|win|Erragon
|c|☆victinipoke2|gg
|c|☆Erragon|gg !
|l|Erragon</script>
</div>
<div class="battle-log battle-log-inline"><div class="inner"><div class="battle-options"></div><div class="inner"><div class="chat"><small>Erragon joined.</small></div><div class="chat"><small>victinipoke2 joined.</small></div><div class=""><small>Format:</small> <br><strong>PU</strong></div><div class=""><small><em>Sleep Clause Mod:</em> Limit one foe put to sleep</small></div><div class=""><small><em>Species Clause:</em> Limit one of each Pokémon</small></div><div class=""><small><em>OHKO Clause:</em> OHKO moves are banned</small></div><div class=""><small><em>Moody Clause:</em> Moody is banned</small></div><div class=""><small><em>Evasion Moves Clause:</em> Evasion moves are banned</small></div><div class=""><small><em>Endless Battle Clause:</em> Forcing endless battles is banned</small></div><div class=""><small><em>HP Percentage Mod:</em> HP is shown in percentages</small></div><div class=""><small><em>Swagger Clause:</em> Swagger is banned</small></div><div class=""><small><em>Baton Pass Clause:</em> Limit one Baton Passer, can't pass Spe and other stats simultaneously</small></div><div class="chat battle-history"><strong>Erragon's team:</strong> <em style="color:#445566;display:block;">Floatzel / Zebstrika / Golem / Gourgeist-* / Audino / Swanna</em></div><div class="chat battle-history"><strong>victinipoke2's team:</strong> <em style="color:#445566;display:block;">Golduck / Gabite / Articuno / Meowstic / Stoutland / Avalugg</em></div><div class="chat chatmessage-erragon"><strong style="color:hsl(195,45%,42.705264127999996%)"><small>☆</small><span class="username" data-name="Erragon">Erragon</span>:</strong> <em>bonne chance</em></div><div class="chat"><small>Greenheroes joined.</small></div><div class="chat chatmessage-erragon"><strong style="color:hsl(195,45%,42.705264127999996%)"><small>☆</small><span class="username" data-name="Erragon">Erragon</span>:</strong> <em>oh c'est une mono bleue ? :D</em></div><div class="chat"><small>Greenheroes left.</small></div><div class="spacer battle-history"><br></div><div class="battle-history">Battle started between Erragon and victinipoke2!<br></div><div class="spacer battle-history"><br></div><div class="battle-history">Go! <strong>Golem</strong>!<br></div><div class="spacer battle-history"><br></div><div class="battle-history">victinipoke2 sent out <strong>Articuno</strong>!<br></div><div class="battle-history"><small>[The opposing Articuno's Pressure]</small><br><small>The opposing Articuno is exerting its pressure!</small><br></div><div class="spacer battle-history"><br></div><h2 class="battle-history">Turn 1</h2><div class="chat chatmessage-victinipoke2"><strong style="color:hsl(20,45%,48.868856981250005%)"><small>☆</small><span class="username" data-name="victinipoke2">victinipoke2</span>:</strong> <em>ouai bonne chance</em></div><div class="spacer battle-history"><br></div><div class="battle-history">victinipoke2 withdrew Articuno!<br></div><div class="battle-history">victinipoke2 sent out <strong>Avalugg</strong>!<br></div><div class="spacer battle-history"><br></div><div class="battle-history">Golem used <strong>Stealth Rock</strong>!<br></div><div class="battle-history"><small>Pointed stones float in the air around the opposing team!</small><br></div><div class="spacer battle-history"><br></div><h2 class="battle-history">Turn 2</h2><div class="spacer battle-history"><br></div><div class="battle-history">Golem used <strong>Stone Edge</strong>!<br></div><div class="battle-history"><small>It's super effective!</small><br></div><div class="battle-history"><small>(The opposing Avalugg lost <abbr title="−164/393">41.7%</abbr> of its health!)</small><br></div><div class="spacer battle-history"><br></div><div class="battle-history">The opposing Avalugg used <strong>Toxic</strong>!<br></div><div class="battle-history"><small>Golem was badly poisoned!</small><br></div><div class="spacer battle-history"><br></div><div class="battle-history"><small>The opposing Avalugg restored a little HP using its Leftovers!</small><br></div><div class="battle-history"><small>Golem was hurt by poison!</small><br></div><div class="spacer battle-history"><br></div><h2 class="battle-history">Turn 3</h2><div class="spacer battle-history"><br></div><div class="battle-history">Golem used <strong>Stone Edge</strong>!<br></div><div class="battle-history"><small>The opposing Avalugg avoided the attack!</small><br></div><div class="spacer battle-history"><br></div><div class="battle-history">The opposing Avalugg used <strong>Avalanche</strong>!<br></div><div class="battle-history"><small>It's super effective!</small><br></div><div class="battle-history"><small>(Golem lost <abbr title="−138/301">45.8%</abbr> of its health!)</small><br></div><div class="battle-history"><small>(Golem used its Weakness Policy!)</small><br></div><div class="battle-history"><small>Golem's Attack rose sharply!</small><br></div><div class="battle-history"><small>Golem's Special Attack rose sharply!</small><br></div><div class="spacer battle-history"><br></div><div class="battle-history"><small>The opposing Avalugg restored a little HP using its Leftovers!</small><br></div><div class="battle-history"><small>Golem was hurt by poison!</small><br></div><div class="spacer battle-history"><br></div><h2 class="battle-history">Turn 4</h2><div class="spacer battle-history"><br></div><div class="battle-history">Golem used <strong>Stone Edge</strong>!<br></div><div class="battle-history"><small>It's super effective!</small><br></div><div class="battle-history"><small>(The opposing Avalugg lost <abbr title="−277/393">70.5%</abbr> of its health!)</small><br></div><div class="spacer battle-history"><br></div><div class="battle-history">The opposing Avalugg fainted!<br></div><div class="spacer battle-history"><br></div><div class="battle-history"><small>Golem was hurt by poison!</small><br></div><div class="spacer battle-history"><br></div><div class="battle-history">victinipoke2 sent out <strong>Gabite</strong>!<br></div><div class="battle-history"><small>Pointed stones dug into the opposing Gabite!</small><br></div><div class="spacer battle-history"><br></div><h2 class="battle-history">Turn 5</h2><div class="spacer battle-history"><br></div><div class="battle-history">Golem used <strong>Sucker Punch</strong>!<br></div><div class="battle-history"><small>(The opposing Gabite lost <abbr title="−189/339">55.8%</abbr> of its health!)</small><br></div><div class="battle-history"><small>[The opposing Gabite's Rough Skin]</small><br><small>Golem was hurt!</small><br></div><div class="spacer battle-history"><br></div><div class="battle-history">The opposing Gabite used <strong>Dragon Claw</strong>!<br></div><div class="battle-history"><small>(Golem lost <abbr title="−18/301">6.0%</abbr> of its health!)</small><br></div><div class="spacer battle-history"><br></div><div class="battle-history">Golem fainted!<br></div><div class="spacer battle-history"><br></div><div class="battle-history">Go! Gourgeist (<strong>Gourgeist-Super</strong>)!<br></div><div class="battle-history"><small>[Gourgeist's Frisk]</small><br><small>Gourgeist frisked the opposing Gabite and found its Eviolite!</small><br></div><div class="spacer battle-history"><br></div><h2 class="battle-history">Turn 6</h2><div class="spacer battle-history"><br></div><div class="battle-history">The opposing Gabite used <strong>Stealth Rock</strong>!<br></div><div class="battle-history"><small>Pointed stones float in the air around your team!</small><br></div><div class="spacer battle-history"><br></div><div class="battle-history">Gourgeist used <strong>Will-O-Wisp</strong>!<br></div><div class="battle-history"><small>The opposing Gabite was burned!</small><br></div><div class="spacer battle-history"><br></div><div class="battle-history"><small>The opposing Gabite was hurt by its burn!</small><br></div><div class="spacer battle-history"><br></div><h2 class="battle-history">Turn 7</h2><div class="spacer battle-history"><br></div><div class="battle-history">The opposing Gabite used <strong>Toxic</strong>!<br></div><div class="battle-history"><small>Gourgeist was badly poisoned!</small><br></div><div class="spacer battle-history"><br></div><div class="battle-history">Gourgeist used <strong>Leech Seed</strong>!<br></div><div class="battle-history"><small>The opposing Gabite was seeded!</small><br></div><div class="spacer battle-history"><br></div><div class="battle-history"><small>The opposing Gabite's health is sapped by Leech Seed!</small><br></div><div class="battle-history"><small>The opposing Gabite was hurt by its burn!</small><br></div><div class="battle-history"><small>Gourgeist was hurt by poison!</small><br></div><div class="spacer battle-history"><br></div><h2 class="battle-history">Turn 8</h2><div class="spacer battle-history"><br></div><div class="battle-history">Gourgeist, come back!<br></div><div class="battle-history">Go! <strong>Audino</strong>!<br></div><div class="battle-history"><small>Pointed stones dug into Audino!</small><br></div><div class="spacer battle-history"><br></div><div class="battle-history">The opposing Gabite used <strong>Dragon Claw</strong>!<br></div><div class="battle-history"><small>(Audino lost <abbr title="−69/410">16.8%</abbr> of its health!)</small><br></div><div class="spacer battle-history"><br></div><div class="battle-history"><small>Audino restored a little HP using its Leftovers!</small><br></div><div class="battle-history"><small>The opposing Gabite's health is sapped by Leech Seed!</small><br></div><div class="spacer battle-history"><br></div><div class="battle-history">The opposing Gabite fainted!<br></div><div class="spacer battle-history"><br></div><div class="battle-history">victinipoke2 sent out <strong>Stoutland</strong>!<br></div><div class="battle-history"><small>Pointed stones dug into the opposing Stoutland!</small><br></div><div class="spacer battle-history"><br></div><h2 class="battle-history">Turn 9</h2><div class="chat"><small>S poi re joined.</small></div><div class="spacer battle-history"><br></div><div class="battle-history">The opposing Stoutland used <strong>Frustration</strong>!<br></div><div class="battle-history"><small>(Audino lost <abbr title="−210/410">51.2%</abbr> of its health!)</small><br></div><div class="spacer battle-history"><br></div><div class="battle-history">Audino used <strong>Heal Bell</strong>!<br></div><div class="battle-history"><small>A bell chimed!</small><br></div><div class="battle-history"><small>Gourgeist was cured of its poisoning.</small><br></div><div class="spacer battle-history"><br></div><div class="battle-history"><small>Audino restored a little HP using its Leftovers!</small><br></div><div class="spacer battle-history"><br></div><h2 class="battle-history">Turn 10</h2><div class="chat"><small>S poi re left.</small></div><div class="spacer battle-history"><br></div><div class="battle-history">Audino used <strong>Protect</strong>!<br></div><div class="battle-history"><small>Audino protected itself!</small><br></div><div class="spacer battle-history"><br></div><div class="battle-history">The opposing Stoutland used <strong>Pursuit</strong>!<br></div><div class="battle-history"><small>Audino protected itself!</small><br></div><div class="spacer battle-history"><br></div><div class="battle-history"><small>Audino restored a little HP using its Leftovers!</small><br></div><div class="spacer battle-history"><br></div><h2 class="battle-history">Turn 11</h2><div class="spacer battle-history"><br></div><div class="battle-history">victinipoke2 withdrew Stoutland!<br></div><div class="battle-history">victinipoke2 sent out <strong>Articuno</strong>!<br></div><div class="battle-history"><small>Pointed stones dug into the opposing Articuno!</small><br></div><div class="battle-history"><small>[The opposing Articuno's Pressure]</small><br><small>The opposing Articuno is exerting its pressure!</small><br></div><div class="spacer battle-history"><br></div><div class="battle-history">Audino used <strong>Wish</strong>!<br></div><div class="spacer battle-history"><br></div><div class="battle-history"><small>Audino restored a little HP using its Leftovers!</small><br></div><div class="spacer battle-history"><br></div><h2 class="battle-history">Turn 12</h2><div class="spacer battle-history"><br></div><div class="battle-history">Audino used <strong>Protect</strong>!<br></div><div class="battle-history"><small>Audino protected itself!</small><br></div><div class="spacer battle-history"><br></div><div class="battle-history">The opposing Articuno used <strong>Freeze-Dry</strong>!<br></div><div class="battle-history"><small>Audino protected itself!</small><br></div><div class="spacer battle-history"><br></div><div class="battle-history"><small>Audino's wish came true!</small><br></div><div class="battle-history"><small>Audino restored a little HP using its Leftovers!</small><br></div><div class="spacer battle-history"><br></div><h2 class="battle-history">Turn 13</h2><div class="spacer battle-history"><br></div><div class="battle-history">The opposing Articuno used <strong>Freeze-Dry</strong>!<br></div><div class="battle-history"><small>(Audino lost <abbr title="−111/410">27.1%</abbr> of its health!)</small><br></div><div class="spacer battle-history"><br></div><div class="battle-history">Audino used <strong>Knock Off</strong>!<br></div><div class="battle-history"><small>(The opposing Articuno lost <abbr title="−47/321">14.6%</abbr> of its health!)</small><br></div><div class="battle-history"><small>Audino knocked off the opposing Articuno's Choice Specs!</small><br></div><div class="spacer battle-history"><br></div><div class="battle-history"><small>Audino restored a little HP using its Leftovers!</small><br></div><div class="spacer battle-history"><br></div><h2 class="battle-history">Turn 14</h2><div class="chat"><small>Imparfait joined.</small></div><div class="spacer battle-history"><br></div><div class="battle-history">The opposing Articuno used <strong>Hurricane</strong>!<br></div><div class="battle-history"><small>(Audino lost <abbr title="−124/410">30.2%</abbr> of its health!)</small><br></div><div class="battle-history"><small>Audino became confused!</small><br></div><div class="spacer battle-history"><br></div><div class="battle-history"><small>Audino is confused!</small><br></div><div class="battle-history">Audino used <strong>Wish</strong>!<br></div><div class="spacer battle-history"><br></div><div class="battle-history"><small>Audino restored a little HP using its Leftovers!</small><br></div><div class="spacer battle-history"><br></div><h2 class="battle-history">Turn 15</h2><div class="spacer battle-history"><br></div><div class="battle-history"><small>Audino snapped out of its confusion!</small><br></div><div class="spacer battle-history"><br></div><div class="battle-history">Audino used <strong>Protect</strong>!<br></div><div class="battle-history"><small>Audino protected itself!</small><br></div><div class="spacer battle-history"><br></div><div class="battle-history">The opposing Articuno used <strong>Hurricane</strong>!<br></div><div class="battle-history"><small>Audino protected itself!</small><br></div><div class="spacer battle-history"><br></div><div class="battle-history"><small>Audino's wish came true!</small><br></div><div class="spacer battle-history"><br></div><h2 class="battle-history">Turn 16</h2><div class="spacer battle-history"><br></div><div class="battle-history">Audino, come back!<br></div><div class="battle-history">Go! Gourgeist (<strong>Gourgeist-Super</strong>)!<br></div><div class="battle-history"><small>Pointed stones dug into Gourgeist!</small><br></div><div class="spacer battle-history"><br></div><div class="battle-history">The opposing Articuno used <strong>Hurricane</strong>!<br></div><div class="battle-history"><small>It's super effective!</small><br></div><div class="battle-history"><small>(Gourgeist lost <abbr title="−305/374">81.6%</abbr> of its health!)</small><br></div><div class="spacer battle-history"><br></div><div class="battle-history">Gourgeist fainted!<br></div><div class="spacer battle-history"><br></div><div class="battle-history">Go! <strong>Zebstrika</strong>!<br></div><div class="battle-history"><small>Pointed stones dug into Zebstrika!</small><br></div><div class="spacer battle-history"><br></div><h2 class="battle-history">Turn 17</h2><div class="spacer battle-history"><br></div><div class="battle-history">Zebstrika used <strong>Volt Switch</strong>!<br></div><div class="battle-history"><small>It's super effective!</small><br></div><div class="battle-history"><small>(The opposing Articuno lost <abbr title="−114/321">35.5%</abbr> of its health!)</small><br></div><div class="battle-history"><small>Zebstrika lost some of its HP!</small><br></div><div class="spacer battle-history"><br></div><div class="battle-history">The opposing Articuno fainted!<br></div><div class="spacer battle-history"><br></div><div class="battle-history">Zebstrika went back to Erragon!<br></div><div class="battle-history">Go! <strong>Audino</strong>!<br></div><div class="battle-history"><small>Pointed stones dug into Audino!</small><br></div><div class="spacer battle-history"><br></div><div class="battle-history"><small>Audino restored a little HP using its Leftovers!</small><br></div><div class="spacer battle-history"><br></div><div class="battle-history">victinipoke2 sent out <strong>Stoutland</strong>!<br></div><div class="battle-history"><small>Pointed stones dug into the opposing Stoutland!</small><br></div><div class="spacer battle-history"><br></div><h2 class="battle-history">Turn 18</h2><div class="spacer battle-history"><br></div><div class="battle-history">The opposing Stoutland used <strong>Superpower</strong>!<br></div><div class="battle-history"><small>It's super effective!</small><br></div><div class="battle-history"><small>(Audino lost <abbr title="−288/410">70.2%</abbr> of its health!)</small><br></div><div class="battle-history"><small>The opposing Stoutland's Attack fell!</small><br></div><div class="battle-history"><small>The opposing Stoutland's Defense fell!</small><br></div><div class="spacer battle-history"><br></div><div class="battle-history">Audino used <strong>Knock Off</strong>!<br></div><div class="battle-history"><small>(The opposing Stoutland lost <abbr title="−83/311">26.7%</abbr> of its health!)</small><br></div><div class="battle-history"><small>Audino knocked off the opposing Stoutland's Silk Scarf!</small><br></div><div class="spacer battle-history"><br></div><div class="battle-history"><small>Audino restored a little HP using its Leftovers!</small><br></div><div class="spacer battle-history"><br></div><h2 class="battle-history">Turn 19</h2><div class="spacer battle-history"><br></div><div class="battle-history">Audino used <strong>Protect</strong>!<br></div><div class="battle-history"><small>Audino protected itself!</small><br></div><div class="spacer battle-history"><br></div><div class="battle-history">The opposing Stoutland used <strong>Superpower</strong>!<br></div><div class="battle-history"><small>Audino protected itself!</small><br></div><div class="spacer battle-history"><br></div><div class="battle-history"><small>Audino restored a little HP using its Leftovers!</small><br></div><div class="spacer battle-history"><br></div><h2 class="battle-history">Turn 20</h2><div class="spacer battle-history"><br></div><div class="battle-history">Audino, come back!<br></div><div class="battle-history">Go! <strong>Swanna</strong>!<br></div><div class="battle-history"><small>Pointed stones dug into Swanna!</small><br></div><div class="spacer battle-history"><br></div><div class="battle-history">The opposing Stoutland used <strong>Superpower</strong>!<br></div><div class="battle-history"><small>It's not very effective...</small><br></div><div class="battle-history"><small>(Swanna lost <abbr title="−57/291">19.6%</abbr> of its health!)</small><br></div><div class="battle-history"><small>The opposing Stoutland's Attack fell!</small><br></div><div class="battle-history"><small>The opposing Stoutland's Defense fell!</small><br></div><div class="spacer battle-history"><br></div><div class="battle-history"><small>Swanna restored a little HP using its Leftovers!</small><br></div><div class="spacer battle-history"><br></div><h2 class="battle-history">Turn 21</h2><div class="chat"><small>Imparfait left.</small></div><div class="spacer battle-history"><br></div><div class="battle-history">victinipoke2 withdrew Stoutland!<br></div><div class="battle-history">victinipoke2 sent out <strong>Meowstic</strong>!<br></div><div class="battle-history"><small>Pointed stones dug into the opposing Meowstic!</small><br></div><div class="spacer battle-history"><br></div><div class="battle-history">Swanna used <strong>Defog</strong>!<br></div><div class="battle-history"><small>The opposing Meowstic's evasiveness fell!</small><br></div><div class="battle-history"><small>The pointed stones disappeared from around the opposing team!</small><br></div><div class="battle-history"><small>The pointed stones disappeared from around your team!</small><br></div><div class="spacer battle-history"><br></div><div class="battle-history"><small>Swanna restored a little HP using its Leftovers!</small><br></div><div class="spacer battle-history"><br></div><h2 class="battle-history">Turn 22</h2><div class="spacer battle-history"><br></div><div class="battle-history">The opposing Meowstic used <strong>Thunder Wave</strong>!<br></div><div class="battle-history"><small>Swanna is paralyzed! It may be unable to move!</small><br></div><div class="spacer battle-history"><br></div><div class="battle-history">Swanna used <strong>Hurricane</strong>!<br></div><div class="battle-history"><small>(The opposing Meowstic lost <abbr title="−166/352">47.2%</abbr> of its health!)</small><br></div><div class="spacer battle-history"><br></div><div class="battle-history"><small>Swanna restored a little HP using its Leftovers!</small><br></div><div class="spacer battle-history"><br></div><h2 class="battle-history">Turn 23</h2><div class="spacer battle-history"><br></div><div class="battle-history">Swanna, come back!<br></div><div class="battle-history">Go! <strong>Audino</strong>!<br></div><div class="spacer battle-history"><br></div><div class="battle-history">The opposing Meowstic used <strong>Light Screen</strong>!<br></div><div class="battle-history"><small>Light Screen made the opposing team stronger against special moves!</small><br></div><div class="spacer battle-history"><br></div><div class="battle-history"><small>Audino restored a little HP using its Leftovers!</small><br></div><div class="spacer battle-history"><br></div><h2 class="battle-history">Turn 24</h2><div class="spacer battle-history"><br></div><div class="battle-history">The opposing Meowstic used <strong>Psychic</strong>!<br></div><div class="battle-history"><small>(Audino lost <abbr title="−76/410">18.5%</abbr> of its health!)</small><br></div><div class="spacer battle-history"><br></div><div class="battle-history">Audino used <strong>Heal Bell</strong>!<br></div><div class="battle-history"><small>A bell chimed!</small><br></div><div class="battle-history"><small>Swanna was cured of paralysis.</small><br></div><div class="spacer battle-history"><br></div><div class="battle-history"><small>Audino restored a little HP using its Leftovers!</small><br></div><div class="spacer battle-history"><br></div><h2 class="battle-history">Turn 25</h2><div class="spacer battle-history"><br></div><div class="battle-history">The opposing Meowstic used <strong>Reflect</strong>!<br></div><div class="battle-history"><small>Reflect made the opposing team stronger against physical moves!</small><br></div><div class="spacer battle-history"><br></div><div class="battle-history">Audino used <strong>Knock Off</strong>!<br></div><div class="battle-history"><small>It's super effective!</small><br></div><div class="battle-history"><small>(The opposing Meowstic lost <abbr title="−46/352">13.1%</abbr> of its health!)</small><br></div><div class="battle-history"><small>Audino knocked off the opposing Meowstic's Light Clay!</small><br></div><div class="spacer battle-history"><br></div><div class="battle-history"><small>Audino restored a little HP using its Leftovers!</small><br></div><div class="spacer battle-history"><br></div><h2 class="battle-history">Turn 26</h2><div class="spacer battle-history"><br></div><div class="battle-history">The opposing Meowstic used <strong>Thunder Wave</strong>!<br></div><div class="battle-history"><small>Audino is paralyzed! It may be unable to move!</small><br></div><div class="spacer battle-history"><br></div><div class="battle-history">Audino used <strong>Wish</strong>!<br></div><div class="spacer battle-history"><br></div><div class="battle-history"><small>Audino restored a little HP using its Leftovers!</small><br></div><div class="spacer battle-history"><br></div><h2 class="battle-history">Turn 27</h2><div class="spacer battle-history"><br></div><div class="battle-history">victinipoke2 withdrew Meowstic!<br></div><div class="battle-history">victinipoke2 sent out <strong>Stoutland</strong>!<br></div><div class="spacer battle-history"><br></div><div class="battle-history">Audino used <strong>Heal Bell</strong>!<br></div><div class="battle-history"><small>A bell chimed!</small><br></div><div class="battle-history"><small>Audino was cured of paralysis.</small><br></div><div class="spacer battle-history"><br></div><div class="battle-history"><small>Audino's wish came true!</small><br></div><div class="spacer battle-history"><br></div><h2 class="battle-history">Turn 28</h2><div class="spacer battle-history"><br></div><div class="battle-history">Audino used <strong>Protect</strong>!<br></div><div class="battle-history"><small>Audino protected itself!</small><br></div><div class="spacer battle-history"><br></div><div class="battle-history">The opposing Stoutland used <strong>Frustration</strong>!<br></div><div class="battle-history"><small>Audino protected itself!</small><br></div><div class="spacer battle-history"><br></div><h2 class="battle-history">Turn 29</h2><div class="spacer battle-history"><br></div><div class="battle-history">The opposing Stoutland used <strong>Frustration</strong>!<br></div><div class="battle-history"><small>A critical hit!</small><br></div><div class="battle-history"><small>(Audino lost <abbr title="−261/410">63.7%</abbr> of its health!)</small><br></div><div class="spacer battle-history"><br></div><div class="battle-history">Audino used <strong>Wish</strong>!<br></div><div class="spacer battle-history"><br></div><div class="battle-history"><small>Audino restored a little HP using its Leftovers!</small><br></div><div class="spacer battle-history"><br></div><h2 class="battle-history">Turn 30</h2><div class="spacer battle-history"><br></div><div class="battle-history">Audino used <strong>Protect</strong>!<br></div><div class="battle-history"><small>Audino protected itself!</small><br></div><div class="spacer battle-history"><br></div><div class="battle-history">The opposing Stoutland used <strong>Frustration</strong>!<br></div><div class="battle-history"><small>Audino protected itself!</small><br></div><div class="spacer battle-history"><br></div><div class="battle-history"><small>Audino's wish came true!</small><br></div><div class="battle-history"><small>Audino restored a little HP using its Leftovers!</small><br></div><div class="battle-history"><small>The opposing team's Light Screen wore off!</small><br></div><div class="spacer battle-history"><br></div><h2 class="battle-history">Turn 31</h2><div class="spacer battle-history"><br></div><div class="battle-history">The opposing Stoutland used <strong>Frustration</strong>!<br></div><div class="battle-history"><small>(Audino lost <abbr title="−186/410">45.4%</abbr> of its health!)</small><br></div><div class="spacer battle-history"><br></div><div class="battle-history">Audino used <strong>Wish</strong>!<br></div><div class="spacer battle-history"><br></div><div class="battle-history"><small>Audino restored a little HP using its Leftovers!</small><br></div><div class="spacer battle-history"><br></div><h2 class="battle-history">Turn 32</h2><div class="spacer battle-history"><br></div><div class="battle-history">Audino used <strong>Protect</strong>!<br></div><div class="battle-history"><small>Audino protected itself!</small><br></div><div class="spacer battle-history"><br></div><div class="battle-history">The opposing Stoutland used <strong>Superpower</strong>!<br></div><div class="battle-history"><small>Audino protected itself!</small><br></div><div class="spacer battle-history"><br></div><div class="battle-history"><small>Audino's wish came true!</small><br></div><div class="battle-history"><small>The opposing team's Reflect wore off!</small><br></div><div class="spacer battle-history"><br></div><h2 class="battle-history">Turn 33</h2><div class="spacer battle-history"><br></div><div class="battle-history">The opposing Stoutland used <strong>Frustration</strong>!<br></div><div class="battle-history"><small>(Audino lost <abbr title="−169/410">41.2%</abbr> of its health!)</small><br></div><div class="spacer battle-history"><br></div><div class="battle-history">Audino used <strong>Wish</strong>!<br></div><div class="spacer battle-history"><br></div><div class="battle-history"><small>Audino restored a little HP using its Leftovers!</small><br></div><div class="spacer battle-history"><br></div><h2 class="battle-history">Turn 34</h2><div class="spacer battle-history"><br></div><div class="battle-history">Audino, come back!<br></div><div class="battle-history">Go! <strong>Swanna</strong>!<br></div><div class="spacer battle-history"><br></div><div class="battle-history">The opposing Stoutland used <strong>Frustration</strong>!<br></div><div class="battle-history"><small>(Swanna lost <abbr title="−216/291">74.2%</abbr> of its health!)</small><br></div><div class="spacer battle-history"><br></div><div class="battle-history">Swanna fainted!<br></div><div class="spacer battle-history"><br></div><div class="battle-history">Go! <strong>Floatzel</strong>!<br></div><div class="spacer battle-history"><br></div><h2 class="battle-history">Turn 35</h2><div class="spacer battle-history"><br></div><div class="battle-history">victinipoke2 withdrew Stoutland!<br></div><div class="battle-history">victinipoke2 sent out <strong>Meowstic</strong>!<br></div><div class="spacer battle-history"><br></div><div class="battle-history">Floatzel used <strong>Return</strong>!<br></div><div class="battle-history"><small>(The opposing Meowstic lost <abbr title="−96/352">27.3%</abbr> of its health!)</small><br></div><div class="spacer battle-history"><br></div><div class="battle-history">The opposing Meowstic fainted!<br></div><div class="spacer battle-history"><br></div><div class="battle-history">victinipoke2 sent out <strong>Golduck</strong>!<br></div><div class="spacer battle-history"><br></div><h2 class="battle-history">Turn 36</h2><div class="spacer battle-history"><br></div><div class="battle-history">Floatzel used <strong>Return</strong>!<br></div><div class="battle-history"><small>(The opposing Golduck lost <abbr title="−185/301">61.5%</abbr> of its health!)</small><br></div><div class="spacer battle-history"><br></div><div class="battle-history">The opposing Golduck used <strong>Hydro Pump</strong>!<br></div><div class="battle-history"><small>It's not very effective...</small><br></div><div class="battle-history"><small>(Floatzel lost <abbr title="−208/311">66.9%</abbr> of its health!)</small><br></div><div class="battle-history"><small>The opposing Golduck lost some of its HP!</small><br></div><div class="spacer battle-history"><br></div><h2 class="battle-history">Turn 37</h2><div class="spacer battle-history"><br></div><div class="battle-history">Floatzel used <strong>Return</strong>!<br></div><div class="battle-history"><small>(The opposing Golduck lost <abbr title="−86/301">28.6%</abbr> of its health!)</small><br></div><div class="spacer battle-history"><br></div><div class="battle-history">The opposing Golduck fainted!<br></div><div class="spacer battle-history"><br></div><div class="battle-history">victinipoke2 sent out <strong>Stoutland</strong>!<br></div><div class="spacer battle-history"><br></div><h2 class="battle-history">Turn 38</h2><div class="spacer battle-history"><br></div><div class="battle-history">Floatzel used <strong>Return</strong>!<br></div><div class="battle-history"><small>(The opposing Stoutland lost <abbr title="−152/311">48.9%</abbr> of its health!)</small><br></div><div class="spacer battle-history"><br></div><div class="battle-history">The opposing Stoutland fainted!<br></div><div class="spacer battle-history"><br></div><div class="battle-history"><strong>Erragon</strong> won the battle!<br></div><div class="chat chatmessage-victinipoke2"><strong style="color:hsl(20,45%,48.868856981250005%)"><small>☆</small><span class="username" data-name="victinipoke2">victinipoke2</span>:</strong> <em>gg</em></div><div class="chat chatmessage-erragon"><strong style="color:hsl(195,45%,42.705264127999996%)"><small>☆</small><span class="username" data-name="Erragon">Erragon</span>:</strong> <em>gg !</em></div><div class="chat"><small>Erragon left.</small></div></div><div class="inner-preempt"></div></div></div>
</div>
<script>
let daily = Math.floor(Date.now()/1000/60/60/24);document.write('<script src="https://play.pokemonshowdown.com/js/replay-embed.js?version'+daily+'"></'+'script>');
</script>
