<!DOCTYPE html>
<meta charset="utf-8" />
<!-- version 1 -->
<title>PU replay: yCocokie✱ vs. lcezasfuck</title>
<style>
html,body {font-family:Verdana, sans-serif;font-size:10pt;margin:0;padding:0;}body{padding:12px 0;} .battle-log {font-family:Verdana, sans-serif;font-size:10pt;} .battle-log-inline {border:1px solid #AAAAAA;background:#EEF2F5;color:black;max-width:640px;margin:0 auto 80px;padding-bottom:5px;} .battle-log .inner {padding:4px 8px 0px 8px;} .battle-log .inner-preempt {padding:0 8px 4px 8px;} .battle-log .inner-after {margin-top:0.5em;} .battle-log h2 {margin:0.5em -8px;padding:4px 8px;border:1px solid #AAAAAA;background:#E0E7EA;border-left:0;border-right:0;font-family:Verdana, sans-serif;font-size:13pt;} .battle-log .chat {vertical-align:middle;padding:3px 0 3px 0;font-size:8pt;} .battle-log .chat strong {color:#40576A;} .battle-log .chat em {padding:1px 4px 1px 3px;color:#000000;font-style:normal;} .chat.mine {background:rgba(0,0,0,0.05);margin-left:-8px;margin-right:-8px;padding-left:8px;padding-right:8px;} .spoiler {color:#BBBBBB;background:#BBBBBB;padding:0px 3px;} .spoiler:hover, .spoiler:active, .spoiler-shown {color:#000000;background:#E2E2E2;padding:0px 3px;} .spoiler a {color:#BBBBBB;} .spoiler:hover a, .spoiler:active a, .spoiler-shown a {color:#2288CC;} .chat code, .chat .spoiler:hover code, .chat .spoiler:active code, .chat .spoiler-shown code {border:1px solid #C0C0C0;background:#EEEEEE;color:black;padding:0 2px;} .chat .spoiler code {border:1px solid #CCCCCC;background:#CCCCCC;color:#CCCCCC;} .battle-log .rated {padding:3px 4px;} .battle-log .rated strong {color:white;background:#89A;padding:1px 4px;border-radius:4px;} .spacer {margin-top:0.5em;} .message-announce {background:#6688AA;color:white;padding:1px 4px 2px;} .message-announce a, .broadcast-green a, .broadcast-blue a, .broadcast-red a {color:#DDEEFF;} .broadcast-green {background-color:#559955;color:white;padding:2px 4px;} .broadcast-blue {background-color:#6688AA;color:white;padding:2px 4px;} .infobox {border:1px solid #6688AA;padding:2px 4px;} .infobox-limited {max-height:200px;overflow:auto;overflow-x:hidden;} .broadcast-red {background-color:#AA5544;color:white;padding:2px 4px;} .message-learn-canlearn {font-weight:bold;color:#228822;text-decoration:underline;} .message-learn-cannotlearn {font-weight:bold;color:#CC2222;text-decoration:underline;} .message-effect-weak {font-weight:bold;color:#CC2222;} .message-effect-resist {font-weight:bold;color:#6688AA;} .message-effect-immune {font-weight:bold;color:#666666;} .message-learn-list {margin-top:0;margin-bottom:0;} .message-throttle-notice, .message-error {color:#992222;} .message-overflow, .chat small.message-overflow {font-size:0pt;} .message-overflow::before {font-size:9pt;content:'...';} .subtle {color:#3A4A66;}
</style>
<div class="wrapper replay-wrapper" style="max-width:1180px;margin:0 auto">
<input type="hidden" name="replayid" value="pu-576113541" />
<div class="battle"></div><div class="battle-log"></div><div class="replay-controls"></div><div class="replay-controls-2"></div>
<h1 style="font-weight:normal;text-align:center"><strong>PU</strong><br /><a href="http://pokemonshowdown.com/users/ycocokie" class="subtle" target="_blank">yCocokie✱</a> vs. <a href="http://pokemonshowdown.com/users/lcezasfuck" class="subtle" target="_blank">lcezasfuck</a></h1>
<script type="text/plain" class="battle-log-data">|j|yCocokie✱
|j|lcezasfuck
|player|p1|yCocokie✱|#teamrocket
|player|p2|lcezasfuck|#teamrocket
|gametype|singles
|gen|6
|tier|PU
|seed|10632,53070,13201,42015
|rule|Sleep Clause Mod: Limit one foe put to sleep
|rule|Species Clause: Limit one of each Pokémon
|rule|OHKO Clause: OHKO moves are banned
|rule|Moody Clause: Moody is banned
|rule|Evasion Moves Clause: Evasion moves are banned
|rule|Endless Battle Clause: Forcing endless battles is banned
|rule|HP Percentage Mod: HP is shown in percentages
|clearpoke
|poke|p1|Ursaring, M|item
|poke|p1|Gourgeist-*, M, shiny|item
|poke|p1|Probopass, M|item
|poke|p1|Combusken, M|item
|poke|p1|Lumineon, F|item
|poke|p1|Zebstrika, F|item
|poke|p2|Grovyle, M|item
|poke|p2|Monferno, F|item
|poke|p2|Seadra, F|item
|poke|p2|Gothorita, M|item
|poke|p2|Venipede, F|item
|poke|p2|Magnemite|item
|rule|Swagger Clause: Swagger is banned
|rule|Baton Pass Clause: Limit one Baton Passer, can't pass Spe and other stats simultaneously
|teampreview
|choice|team 4, team 2, team 3, team 1, team 5, team 6|team 6, team 2, team 3, team 4, team 5, team 1
|
|start
|switch|p1a: Combusken|Combusken, M|261\/261
|switch|p2a: :P|Magnemite|191\/191
|turn|1
|choice|move shadowclaw|move voltswitch
|
|move|p1a: Combusken|Shadow Claw|p2a: :P
|-crit|p2a: :P
|-damage|p2a: :P|57\/191
|move|p2a: :P|Volt Switch|p1a: Combusken
|-damage|p1a: Combusken|102\/261
|choice||switch 5
|
|switch|p2a: Venipede|Venipede, F|201\/201
|
|-ability|p1a: Combusken|Speed Boost|boost
|-boost|p1a: Combusken|spe|1
|upkeep
|turn|2
|choice|move swordsdance|move toxicspikes
|
|move|p1a: Combusken|Swords Dance|p1a: Combusken
|-boost|p1a: Combusken|atk|2
|move|p2a: Venipede|Toxic Spikes|p1a: Combusken
|-sidestart|p1: yCocokie✱|move: Toxic Spikes
|
|-ability|p1a: Combusken|Speed Boost|boost
|-boost|p1a: Combusken|spe|1
|-ability|p2a: Venipede|Speed Boost|boost
|-boost|p2a: Venipede|spe|1
|upkeep
|turn|3
|choice|move shadowclaw|move endeavor
|
|move|p1a: Combusken|Shadow Claw|p2a: Venipede
|-damage|p2a: Venipede|15\/201
|move|p2a: Venipede|Endeavor|p1a: Combusken
|-damage|p1a: Combusken|15\/261
|
|-ability|p1a: Combusken|Speed Boost|boost
|-boost|p1a: Combusken|spe|1
|-ability|p2a: Venipede|Speed Boost|boost
|-boost|p2a: Venipede|spe|1
|upkeep
|turn|4
|choice|move shadowclaw|move toxicspikes
|
|move|p1a: Combusken|Shadow Claw|p2a: Venipede
|-damage|p2a: Venipede|0 fnt
|faint|p2a: Venipede
|
|-ability|p1a: Combusken|Speed Boost|boost
|-boost|p1a: Combusken|spe|1
|upkeep
|choice||switch 2
|
|switch|p2a: PIGNITE fast|Monferno, F|269\/269
|turn|5
|choice|switch 5|move machpunch
|
|switch|p1a: Lumineon|Lumineon, F|341\/341
|-status|p1a: Lumineon|psn
|move|p2a: PIGNITE fast|Mach Punch|p1a: Lumineon
|-damage|p1a: Lumineon|284\/341 psn
|
|-heal|p1a: Lumineon|305\/341 psn|[from] item: Leftovers
|-damage|p1a: Lumineon|263\/341 psn|[from] psn
|upkeep
|turn|6
|choice|move defog|move closecombat
|
|move|p2a: PIGNITE fast|Close Combat|p1a: Lumineon
|-damage|p1a: Lumineon|128\/341 psn
|-unboost|p2a: PIGNITE fast|def|1
|-unboost|p2a: PIGNITE fast|spd|1
|move|p1a: Lumineon|Defog|p2a: PIGNITE fast
|-unboost|p2a: PIGNITE fast|evasion|1
|-sideend|p1: yCocokie✱|toxicspikes|[from] move: Defog|[of] p1a: Lumineon
|
|-heal|p1a: Lumineon|149\/341 psn|[from] item: Leftovers
|-damage|p1a: Lumineon|107\/341 psn|[from] psn
|upkeep
|turn|7
|choice|move scald|move closecombat
|
|move|p2a: PIGNITE fast|Close Combat|p1a: Lumineon
|-damage|p1a: Lumineon|0 fnt
|-unboost|p2a: PIGNITE fast|def|1
|-unboost|p2a: PIGNITE fast|spd|1
|faint|p1a: Lumineon
|
|upkeep
|choice|switch 6|
|
|switch|p1a: Zebstrika|Zebstrika, F|291\/291
|turn|8
|choice|move voltswitch|switch 5
|
|switch|p2a: :P|Magnemite|57\/191
|move|p1a: Zebstrika|Volt Switch|p2a: :P
|-resisted|p2a: :P
|-damage|p2a: :P|0 fnt
|-damage|p1a: Zebstrika|262\/291|[from] item: Life Orb
|faint|p2a: :P
|choice|switch 2|
|
|switch|p1a: Gourgeist|Gourgeist-Super, M, shiny|374\/374
|
|upkeep
|choice||switch 5
|
|switch|p2a: PIGNITE fast|Monferno, F|269\/269
|turn|9
|choice|move leechseed|move uturn
|
|move|p2a: PIGNITE fast|U-turn|p1a: Gourgeist
|-damage|p1a: Gourgeist|331\/374
|choice||switch 6
|
|switch|p2a: RIP Water|Grovyle, M|241\/241
|move|p1a: Gourgeist|Leech Seed|p2a: RIP Water|[miss]
|-miss|p1a: Gourgeist|p2a: RIP Water
|
|-heal|p1a: Gourgeist|354\/374|[from] item: Leftovers
|upkeep
|turn|10
|choice|move willowisp|move substitute
|
|move|p2a: RIP Water|Substitute|p2a: RIP Water
|-start|p2a: RIP Water|Substitute
|-damage|p2a: RIP Water|181\/241
|move|p1a: Gourgeist|Will-O-Wisp|p2a: RIP Water
|-fail|p2a: RIP Water
|
|-heal|p1a: Gourgeist|374\/374|[from] item: Leftovers
|upkeep
|turn|11
|choice|move foulplay|move swordsdance
|
|move|p2a: RIP Water|Swords Dance|p2a: RIP Water
|-boost|p2a: RIP Water|atk|2
|move|p1a: Gourgeist|Foul Play|p2a: RIP Water
|-end|p2a: RIP Water|Substitute
|
|upkeep
|turn|12
|choice|move foulplay|move rockslide
|
|move|p2a: RIP Water|Rock Slide|p1a: Gourgeist
|-damage|p1a: Gourgeist|274\/374
|-damage|p2a: RIP Water|157\/241|[from] item: Life Orb
|cant|p1a: Gourgeist|flinch
|
|-heal|p1a: Gourgeist|297\/374|[from] item: Leftovers
|upkeep
|turn|13
|c|☆lcezasfuck|lol
|c|☆lcezasfuck|even life orb
|choice|move foulplay|switch 6
|
|switch|p2a: PIGNITE fast|Monferno, F|269\/269
|move|p1a: Gourgeist|Foul Play|p2a: PIGNITE fast
|-resisted|p2a: PIGNITE fast
|-damage|p2a: PIGNITE fast|198\/269
|
|-heal|p1a: Gourgeist|320\/374|[from] item: Leftovers
|upkeep
|turn|14
|choice|switch 5|move firepunch
|
|switch|p1a: Combusken|Combusken, M|15\/261
|move|p2a: PIGNITE fast|Fire Punch|p1a: Combusken
|-resisted|p1a: Combusken
|-damage|p1a: Combusken|0 fnt
|faint|p1a: Combusken
|
|upkeep
|choice|switch 2|
|
|switch|p1a: Zebstrika|Zebstrika, F|262\/291
|turn|15
|choice|move thunderbolt|switch 6
|
|switch|p2a: RIP Water|Grovyle, M|157\/241
|move|p1a: Zebstrika|Thunderbolt|p2a: RIP Water
|-resisted|p2a: RIP Water
|-damage|p2a: RIP Water|41\/241
|-damage|p1a: Zebstrika|233\/291|[from] item: Life Orb
|
|upkeep
|turn|16
|c|☆yCocokie✱|yea
|choice|move hiddenpower|move seedbomb
|
|move|p1a: Zebstrika|Hidden Power|p2a: RIP Water
|-supereffective|p2a: RIP Water
|-damage|p2a: RIP Water|0 fnt
|-damage|p1a: Zebstrika|204\/291|[from] item: Life Orb
|faint|p2a: RIP Water
|
|upkeep
|c|☆yCocokie✱|!dt grovyle
|c|~|\/data-pokemon Grovyle
|raw|<font size="1"><font color="#686868">Dex#:<\/font> 253&nbsp;|&ThickSpace;<font color="#686868">Gen:<\/font> 3&nbsp;|&ThickSpace;<font color="#686868">Height:<\/font> 0.9 m&nbsp;|&ThickSpace;<font color="#686868">Weight:<\/font> 21.6 kg <em>(40 BP)<\/em>&nbsp;|&ThickSpace;<font color="#686868">Dex Colour:<\/font> Green&nbsp;|&ThickSpace;<font color="#686868">Egg Group(s):<\/font> Monster, Dragon&nbsp;|&ThickSpace;<font color="#686868">Evolution:<\/font> Sceptile (36)<\/font>
|choice||switch 4
|
|switch|p2a: Gothorita|Gothorita, M|324\/324
|-item|p1a: Zebstrika|Life Orb|[from] ability: Frisk|[of] p2a: Gothorita|[identify]
|turn|17
|c|☆yCocokie✱|65 atk is quite low to hurt Gourgeist
|choice|move voltswitch|move psyshock
|
|move|p1a: Zebstrika|Volt Switch|p2a: Gothorita
|-damage|p2a: Gothorita|198\/324
|-damage|p1a: Zebstrika|175\/291|[from] item: Life Orb
|choice|switch 3|
|
|switch|p1a: Probopass|Probopass, M|304\/304
|move|p2a: Gothorita|Psyshock|p1a: Probopass
|-resisted|p1a: Probopass
|-damage|p1a: Probopass|274\/304
|
|-heal|p2a: Gothorita|218\/324|[from] item: Leftovers
|-heal|p1a: Probopass|293\/304|[from] item: Leftovers
|upkeep
|turn|18
|choice|move toxic|move calmmind
|
|move|p2a: Gothorita|Calm Mind|p2a: Gothorita
|-boost|p2a: Gothorita|spa|1
|-boost|p2a: Gothorita|spd|1
|move|p1a: Probopass|Toxic|p2a: Gothorita
|-status|p2a: Gothorita|tox
|
|-heal|p2a: Gothorita|238\/324 tox|[from] item: Leftovers
|-heal|p1a: Probopass|304\/304|[from] item: Leftovers
|-damage|p2a: Gothorita|218\/324 tox|[from] psn
|upkeep
|turn|19
|c|☆lcezasfuck|This is middle cup team
|c|☆lcezasfuck|It banned Eviiolite
|choice|move stealthrock|move calmmind
|
|move|p2a: Gothorita|Calm Mind|p2a: Gothorita
|-boost|p2a: Gothorita|spa|1
|-boost|p2a: Gothorita|spd|1
|move|p1a: Probopass|Stealth Rock|p2a: Gothorita
|-sidestart|p2: lcezasfuck|move: Stealth Rock
|
|-heal|p2a: Gothorita|238\/324 tox|[from] item: Leftovers
|-damage|p2a: Gothorita|198\/324 tox|[from] psn
|upkeep
|turn|20
|choice|move earthpower|move psyshock
|
|move|p2a: Gothorita|Psyshock|p1a: Probopass
|-resisted|p1a: Probopass
|-damage|p1a: Probopass|251\/304
|move|p1a: Probopass|Earth Power|p2a: Gothorita
|-crit|p2a: Gothorita
|-damage|p2a: Gothorita|70\/324 tox
|
|-heal|p2a: Gothorita|90\/324 tox|[from] item: Leftovers
|-heal|p1a: Probopass|270\/304|[from] item: Leftovers
|-damage|p2a: Gothorita|30\/324 tox|[from] psn
|upkeep
|turn|21
|c|☆yCocokie✱|why don't you use a serious team lol
|choice|move earthpower|move rest
|
|move|p2a: Gothorita|Rest|p2a: Gothorita
|-status|p2a: Gothorita|slp
|-heal|p2a: Gothorita|324\/324 slp|[silent]
|-status|p2a: Gothorita|slp|[from] move: Rest
|move|p1a: Probopass|Earth Power|p2a: Gothorita
|-damage|p2a: Gothorita|277\/324 slp
|-unboost|p2a: Gothorita|spd|1
|
|-heal|p2a: Gothorita|297\/324 slp|[from] item: Leftovers
|-heal|p1a: Probopass|289\/304|[from] item: Leftovers
|upkeep
|turn|22
|c|☆lcezasfuck|ok
|c|☆lcezasfuck|aftr this
|choice|switch 5|move psyshock
|
|switch|p1a: Gourgeist|Gourgeist-Super, M, shiny|320\/374
|-item|p2a: Gothorita|Leftovers|[from] ability: Frisk|[of] p1a: Gourgeist|[identify]
|cant|p2a: Gothorita|slp
|
|-heal|p2a: Gothorita|317\/324 slp|[from] item: Leftovers
|-heal|p1a: Gourgeist|343\/374|[from] item: Leftovers
|upkeep
|turn|23
|choice|move leechseed|move calmmind
|
|cant|p2a: Gothorita|slp
|move|p1a: Gourgeist|Leech Seed|p2a: Gothorita
|-start|p2a: Gothorita|move: Leech Seed
|
|-heal|p2a: Gothorita|324\/324 slp|[from] item: Leftovers
|-heal|p1a: Gourgeist|366\/374|[from] item: Leftovers
|-damage|p2a: Gothorita|284\/324 slp|[from] leechseed|[of] p1a: Gourgeist
|-heal|p1a: Gourgeist|374\/374|[silent]
|upkeep
|turn|24
|choice|move foulplay|move calmmind
|
|-curestatus|p2a: Gothorita|slp|[msg]
|move|p2a: Gothorita|Calm Mind|p2a: Gothorita
|-boost|p2a: Gothorita|spa|1
|-boost|p2a: Gothorita|spd|1
|move|p1a: Gourgeist|Foul Play|p2a: Gothorita
|-supereffective|p2a: Gothorita
|-damage|p2a: Gothorita|232\/324
|
|-heal|p2a: Gothorita|252\/324|[from] item: Leftovers
|-damage|p2a: Gothorita|212\/324|[from] leechseed|[of] p1a: Gourgeist
|upkeep
|turn|25
|choice|move foulplay|move psyshock
|
|move|p2a: Gothorita|Psyshock|p1a: Gourgeist
|-damage|p1a: Gourgeist|233\/374
|move|p1a: Gourgeist|Foul Play|p2a: Gothorita
|-supereffective|p2a: Gothorita
|-crit|p2a: Gothorita
|-damage|p2a: Gothorita|136\/324
|
|-heal|p2a: Gothorita|156\/324|[from] item: Leftovers
|-heal|p1a: Gourgeist|256\/374|[from] item: Leftovers
|-damage|p2a: Gothorita|116\/324|[from] leechseed|[of] p1a: Gourgeist
|-heal|p1a: Gourgeist|296\/374|[silent]
|upkeep
|turn|26
|choice|switch 4|move rest
|
|switch|p1a: Ursaring|Ursaring, M|384\/384
|move|p2a: Gothorita|Rest|p2a: Gothorita
|-status|p2a: Gothorita|slp
|-heal|p2a: Gothorita|324\/324 slp|[silent]
|-status|p2a: Gothorita|slp|[from] move: Rest
|
|-damage|p2a: Gothorita|284\/324 slp|[from] leechseed|[of] p1a: Ursaring
|upkeep
|turn|27
|choice|move bulkup|switch 6
|
|switch|p2a: PIGNITE fast|Monferno, F|198\/269
|-damage|p2a: PIGNITE fast|165\/269|[from] stealthrock
|move|p1a: Ursaring|Bulk Up|p1a: Ursaring
|-boost|p1a: Ursaring|atk|1
|-boost|p1a: Ursaring|def|1
|
|upkeep
|turn|28
|choice|switch 5|move closecombat
|
|switch|p1a: Probopass|Probopass, M|289\/304
|move|p2a: PIGNITE fast|Close Combat|p1a: Probopass
|-supereffective|p1a: Probopass
|-damage|p1a: Probopass|0 fnt
|-unboost|p2a: PIGNITE fast|def|1
|-unboost|p2a: PIGNITE fast|spd|1
|faint|p1a: Probopass
|
|upkeep
|choice|switch 3|
|
|switch|p1a: Zebstrika|Zebstrika, F|175\/291
|turn|29
|choice|move thunderbolt|switch 3
|
|switch|p2a: Seadra|Seadra, F|251\/251
|-damage|p2a: Seadra|220\/251|[from] stealthrock
|move|p1a: Zebstrika|Thunderbolt|p2a: Seadra
|-supereffective|p2a: Seadra
|-damage|p2a: Seadra|0 fnt
|-damage|p1a: Zebstrika|146\/291|[from] item: Life Orb
|faint|p2a: Seadra
|
|upkeep
|choice||switch 6
|
|switch|p2a: Gothorita|Gothorita, M|284\/324 slp
|-damage|p2a: Gothorita|244\/324 slp|[from] stealthrock
|-item|p1a: Zebstrika|Life Orb|[from] ability: Frisk|[of] p2a: Gothorita|[identify]
|turn|30
|choice|move thunderbolt|move rest
|
|move|p1a: Zebstrika|Thunderbolt|p2a: Gothorita
|-damage|p2a: Gothorita|76\/324 slp
|-damage|p1a: Zebstrika|117\/291|[from] item: Life Orb
|cant|p2a: Gothorita|slp
|
|-heal|p2a: Gothorita|96\/324 slp|[from] item: Leftovers
|upkeep
|turn|31
|choice|move thunderbolt|move rest
|
|move|p1a: Zebstrika|Thunderbolt|p2a: Gothorita
|-damage|p2a: Gothorita|0 fnt
|-damage|p1a: Zebstrika|88\/291|[from] item: Life Orb
|faint|p2a: Gothorita
|
|upkeep
|choice||switch 3
|
|switch|p2a: PIGNITE fast|Monferno, F|165\/269
|-damage|p2a: PIGNITE fast|132\/269|[from] stealthrock
|turn|32
|c|☆yCocokie✱|Where is the Simisear
|choice|move thunderbolt|move machpunch
|
|move|p2a: PIGNITE fast|Mach Punch|p1a: Zebstrika
|-damage|p1a: Zebstrika|0 fnt
|faint|p1a: Zebstrika
|
|upkeep
|choice|switch 4|
|
|switch|p1a: Gourgeist|Gourgeist-Super, M, shiny|296\/374
|-item|p2a: PIGNITE fast|Expert Belt|[from] ability: Frisk|[of] p1a: Gourgeist|[identify]
|turn|33
|c|☆lcezasfuck|Banned in Middle cup
|choice|move synthesis|move firepunch
|
|move|p2a: PIGNITE fast|Fire Punch|p1a: Gourgeist
|-supereffective|p1a: Gourgeist
|-damage|p1a: Gourgeist|109\/374
|move|p1a: Gourgeist|Synthesis|p1a: Gourgeist
|-heal|p1a: Gourgeist|296\/374
|
|-heal|p1a: Gourgeist|319\/374|[from] item: Leftovers
|upkeep
|turn|34
|choice|move leechseed|move firepunch
|
|move|p2a: PIGNITE fast|Fire Punch|p1a: Gourgeist
|-supereffective|p1a: Gourgeist
|-damage|p1a: Gourgeist|110\/374
|move|p1a: Gourgeist|Leech Seed|p2a: PIGNITE fast
|-start|p2a: PIGNITE fast|move: Leech Seed
|
|-heal|p1a: Gourgeist|133\/374|[from] item: Leftovers
|-damage|p2a: PIGNITE fast|99\/269|[from] leechseed|[of] p1a: Gourgeist
|-heal|p1a: Gourgeist|166\/374|[silent]
|upkeep
|turn|35
|choice|switch 5|move firepunch
|
|switch|p1a: Ursaring|Ursaring, M|384\/384
|move|p2a: PIGNITE fast|Fire Punch|p1a: Ursaring
|-damage|p1a: Ursaring|242\/384
|
|-heal|p1a: Ursaring|266\/384|[from] item: Leftovers
|-damage|p2a: PIGNITE fast|66\/269|[from] leechseed|[of] p1a: Ursaring
|-heal|p1a: Ursaring|299\/384|[silent]
|upkeep
|turn|36
|choice|switch 5|move firepunch
|
|switch|p1a: Gourgeist|Gourgeist-Super, M, shiny|166\/374
|-item|p2a: PIGNITE fast|Expert Belt|[from] ability: Frisk|[of] p1a: Gourgeist|[identify]
|move|p2a: PIGNITE fast|Fire Punch|p1a: Gourgeist
|-supereffective|p1a: Gourgeist
|-damage|p1a: Gourgeist|0 fnt
|faint|p1a: Gourgeist
|
|upkeep
|choice|switch 5|
|
|switch|p1a: Ursaring|Ursaring, M|299\/384
|turn|37
|c|☆lcezasfuck|lol
|c|☆lcezasfuck|impossible
|choice|move facade|move closecombat
|
|move|p2a: PIGNITE fast|Close Combat|p1a: Ursaring
|-supereffective|p1a: Ursaring
|-damage|p1a: Ursaring|0 fnt
|-unboost|p2a: PIGNITE fast|def|1
|-unboost|p2a: PIGNITE fast|spd|1
|faint|p1a: Ursaring
|
|win|lcezasfuck
|c|☆yCocokie✱|:p</script>
</div>
<div class="battle-log battle-log-inline"><div class="inner"><div class="battle-options"></div><div class="inner"><div class="chat"><small>yCocokie✱ joined.</small></div><div class="chat"><small>lcezasfuck joined.</small></div><div class=""><small>Format:</small> <br><strong>PU</strong></div><div class=""><small><em>Sleep Clause Mod:</em> Limit one foe put to sleep</small></div><div class=""><small><em>Species Clause:</em> Limit one of each Pokémon</small></div><div class=""><small><em>OHKO Clause:</em> OHKO moves are banned</small></div><div class=""><small><em>Moody Clause:</em> Moody is banned</small></div><div class=""><small><em>Evasion Moves Clause:</em> Evasion moves are banned</small></div><div class=""><small><em>Endless Battle Clause:</em> Forcing endless battles is banned</small></div><div class=""><small><em>HP Percentage Mod:</em> HP is shown in percentages</small></div><div class=""><small><em>Swagger Clause:</em> Swagger is banned</small></div><div class=""><small><em>Baton Pass Clause:</em> Limit one Baton Passer, can't pass Spe and other stats simultaneously</small></div><div class="chat battle-history"><strong>yCocokie✱'s team:</strong> <em style="color:#445566;display:block;">Ursaring / Gourgeist-* / Probopass / Combusken / Lumineon / Zebstrika</em></div><div class="chat battle-history"><strong>lcezasfuck's team:</strong> <em style="color:#445566;display:block;">Grovyle / Monferno / Seadra / Gothorita / Venipede / Magnemite</em></div><div class="spacer battle-history"><br></div><div class="battle-history">Battle started between yCocokie✱ and lcezasfuck!<br></div><div class="spacer battle-history"><br></div><div class="battle-history">Go! <strong>Combusken</strong>!<br></div><div class="spacer battle-history"><br></div><div class="battle-history">lcezasfuck sent out :P (<strong>Magnemite</strong>)!<br></div><div class="spacer battle-history"><br></div><h2 class="battle-history">Turn 1</h2><div class="spacer battle-history"><br></div><div class="battle-history">Combusken used <strong>Shadow Claw</strong>!<br></div><div class="battle-history"><small>A critical hit!</small><br></div><div class="battle-history"><small>(The opposing :P lost <abbr title="−134/191">70.2%</abbr> of its health!)</small><br></div><div class="spacer battle-history"><br></div><div class="battle-history">The opposing :P used <strong>Volt Switch</strong>!<br></div><div class="battle-history"><small>(Combusken lost <abbr title="−159/261">60.9%</abbr> of its health!)</small><br></div><div class="spacer battle-history"><br></div><div class="battle-history">The opposing :P went back to lcezasfuck!<br></div><div class="battle-history">lcezasfuck sent out <strong>Venipede</strong>!<br></div><div class="spacer battle-history"><br></div><div class="battle-history"><small>[Combusken's Speed Boost]</small><br></div><div class="battle-history"><small>Combusken's Speed rose!</small><br></div><div class="spacer battle-history"><br></div><h2 class="battle-history">Turn 2</h2><div class="spacer battle-history"><br></div><div class="battle-history">Combusken used <strong>Swords Dance</strong>!<br></div><div class="battle-history"><small>Combusken's Attack rose sharply!</small><br></div><div class="spacer battle-history"><br></div><div class="battle-history">The opposing Venipede used <strong>Toxic Spikes</strong>!<br></div><div class="battle-history"><small>Poison spikes were scattered on the ground all around your team!</small><br></div><div class="spacer battle-history"><br></div><div class="battle-history"><small>[Combusken's Speed Boost]</small><br></div><div class="battle-history"><small>Combusken's Speed rose!</small><br></div><div class="battle-history"><small>[The opposing Venipede's Speed Boost]</small><br></div><div class="battle-history"><small>The opposing Venipede's Speed rose!</small><br></div><div class="spacer battle-history"><br></div><h2 class="battle-history">Turn 3</h2><div class="spacer battle-history"><br></div><div class="battle-history">Combusken used <strong>Shadow Claw</strong>!<br></div><div class="battle-history"><small>(The opposing Venipede lost <abbr title="−186/201">92.5%</abbr> of its health!)</small><br></div><div class="spacer battle-history"><br></div><div class="battle-history">The opposing Venipede used <strong>Endeavor</strong>!<br></div><div class="battle-history"><small>(Combusken lost <abbr title="−87/261">33.3%</abbr> of its health!)</small><br></div><div class="spacer battle-history"><br></div><div class="battle-history"><small>[Combusken's Speed Boost]</small><br></div><div class="battle-history"><small>Combusken's Speed rose!</small><br></div><div class="battle-history"><small>[The opposing Venipede's Speed Boost]</small><br></div><div class="battle-history"><small>The opposing Venipede's Speed rose!</small><br></div><div class="spacer battle-history"><br></div><h2 class="battle-history">Turn 4</h2><div class="spacer battle-history"><br></div><div class="battle-history">Combusken used <strong>Shadow Claw</strong>!<br></div><div class="battle-history"><small>(The opposing Venipede lost <abbr title="−15/201">7.5%</abbr> of its health!)</small><br></div><div class="spacer battle-history"><br></div><div class="battle-history">The opposing Venipede fainted!<br></div><div class="spacer battle-history"><br></div><div class="battle-history"><small>[Combusken's Speed Boost]</small><br></div><div class="battle-history"><small>Combusken's Speed rose!</small><br></div><div class="spacer battle-history"><br></div><div class="battle-history">lcezasfuck sent out PIGNITE fast (<strong>Monferno</strong>)!<br></div><div class="spacer battle-history"><br></div><h2 class="battle-history">Turn 5</h2><div class="spacer battle-history"><br></div><div class="battle-history">Combusken, come back!<br></div><div class="battle-history">Go! <strong>Lumineon</strong>!<br></div><div class="battle-history"><small>Lumineon was poisoned!</small><br></div><div class="spacer battle-history"><br></div><div class="battle-history">The opposing PIGNITE fast used <strong>Mach Punch</strong>!<br></div><div class="battle-history"><small>(Lumineon lost <abbr title="−57/341">16.7%</abbr> of its health!)</small><br></div><div class="spacer battle-history"><br></div><div class="battle-history"><small>Lumineon restored a little HP using its Leftovers!</small><br></div><div class="battle-history"><small>Lumineon was hurt by poison!</small><br></div><div class="spacer battle-history"><br></div><h2 class="battle-history">Turn 6</h2><div class="spacer battle-history"><br></div><div class="battle-history">The opposing PIGNITE fast used <strong>Close Combat</strong>!<br></div><div class="battle-history"><small>(Lumineon lost <abbr title="−135/341">39.6%</abbr> of its health!)</small><br></div><div class="battle-history"><small>The opposing PIGNITE fast's Defense fell!</small><br></div><div class="battle-history"><small>The opposing PIGNITE fast's Special Defense fell!</small><br></div><div class="spacer battle-history"><br></div><div class="battle-history">Lumineon used <strong>Defog</strong>!<br></div><div class="battle-history"><small>The opposing PIGNITE fast's evasiveness fell!</small><br></div><div class="battle-history"><small>The poison spikes disappeared from the ground around your team!</small><br></div><div class="spacer battle-history"><br></div><div class="battle-history"><small>Lumineon restored a little HP using its Leftovers!</small><br></div><div class="battle-history"><small>Lumineon was hurt by poison!</small><br></div><div class="spacer battle-history"><br></div><h2 class="battle-history">Turn 7</h2><div class="spacer battle-history"><br></div><div class="battle-history">The opposing PIGNITE fast used <strong>Close Combat</strong>!<br></div><div class="battle-history"><small>(Lumineon lost <abbr title="−107/341">31.4%</abbr> of its health!)</small><br></div><div class="battle-history"><small>The opposing PIGNITE fast's Defense fell!</small><br></div><div class="battle-history"><small>The opposing PIGNITE fast's Special Defense fell!</small><br></div><div class="spacer battle-history"><br></div><div class="battle-history">Lumineon fainted!<br></div><div class="spacer battle-history"><br></div><div class="battle-history">Go! <strong>Zebstrika</strong>!<br></div><div class="spacer battle-history"><br></div><h2 class="battle-history">Turn 8</h2><div class="spacer battle-history"><br></div><div class="battle-history">lcezasfuck withdrew PIGNITE fast!<br></div><div class="battle-history">lcezasfuck sent out :P (<strong>Magnemite</strong>)!<br></div><div class="spacer battle-history"><br></div><div class="battle-history">Zebstrika used <strong>Volt Switch</strong>!<br></div><div class="battle-history"><small>It's not very effective...</small><br></div><div class="battle-history"><small>(The opposing :P lost <abbr title="−57/191">29.8%</abbr> of its health!)</small><br></div><div class="battle-history"><small>Zebstrika lost some of its HP!</small><br></div><div class="spacer battle-history"><br></div><div class="battle-history">The opposing :P fainted!<br></div><div class="spacer battle-history"><br></div><div class="battle-history">Zebstrika went back to yCocokie✱!<br></div><div class="battle-history">Go! Gourgeist (<strong>Gourgeist-Super</strong>)!<br></div><div class="spacer battle-history"><br></div><div class="battle-history">lcezasfuck sent out PIGNITE fast (<strong>Monferno</strong>)!<br></div><div class="spacer battle-history"><br></div><h2 class="battle-history">Turn 9</h2><div class="spacer battle-history"><br></div><div class="battle-history">The opposing PIGNITE fast used <strong>U-turn</strong>!<br></div><div class="battle-history"><small>(Gourgeist lost <abbr title="−43/374">11.5%</abbr> of its health!)</small><br></div><div class="spacer battle-history"><br></div><div class="battle-history">The opposing PIGNITE fast went back to lcezasfuck!<br></div><div class="battle-history">lcezasfuck sent out RIP Water (<strong>Grovyle</strong>)!<br></div><div class="spacer battle-history"><br></div><div class="battle-history">Gourgeist used <strong>Leech Seed</strong>!<br></div><div class="battle-history"><small>The opposing RIP Water avoided the attack!</small><br></div><div class="spacer battle-history"><br></div><div class="battle-history"><small>Gourgeist restored a little HP using its Leftovers!</small><br></div><div class="spacer battle-history"><br></div><h2 class="battle-history">Turn 10</h2><div class="spacer battle-history"><br></div><div class="battle-history">The opposing RIP Water used <strong>Substitute</strong>!<br></div><div class="battle-history"><small>The opposing RIP Water put in a substitute!</small><br></div><div class="battle-history"><small>(The opposing RIP Water lost <abbr title="−60/241">24.9%</abbr> of its health!)</small><br></div><div class="spacer battle-history"><br></div><div class="battle-history">Gourgeist used <strong>Will-O-Wisp</strong>!<br></div><div class="battle-history"><small>But it failed!</small><br></div><div class="spacer battle-history"><br></div><div class="battle-history"><small>Gourgeist restored a little HP using its Leftovers!</small><br></div><div class="spacer battle-history"><br></div><h2 class="battle-history">Turn 11</h2><div class="spacer battle-history"><br></div><div class="battle-history">The opposing RIP Water used <strong>Swords Dance</strong>!<br></div><div class="battle-history"><small>The opposing RIP Water's Attack rose sharply!</small><br></div><div class="spacer battle-history"><br></div><div class="battle-history">Gourgeist used <strong>Foul Play</strong>!<br></div><div class="battle-history"><small>The opposing RIP Water's substitute faded!</small><br></div><div class="spacer battle-history"><br></div><h2 class="battle-history">Turn 12</h2><div class="spacer battle-history"><br></div><div class="battle-history">The opposing RIP Water used <strong>Rock Slide</strong>!<br></div><div class="battle-history"><small>(Gourgeist lost <abbr title="−100/374">26.7%</abbr> of its health!)</small><br></div><div class="battle-history"><small>The opposing RIP Water lost some of its HP!</small><br></div><div class="spacer battle-history"><br></div><div class="battle-history">Gourgeist flinched and couldn't move!<br></div><div class="spacer battle-history"><br></div><div class="battle-history"><small>Gourgeist restored a little HP using its Leftovers!</small><br></div><div class="spacer battle-history"><br></div><h2 class="battle-history">Turn 13</h2><div class="chat chatmessage-lcezasfuck"><strong style="color:hsl(63,60%,38.09380051909%)"><small>☆</small><span class="username" data-name="lcezasfuck">lcezasfuck</span>:</strong> <em>lol</em></div><div class="chat chatmessage-lcezasfuck"><strong style="color:hsl(63,60%,38.09380051909%)"><small>☆</small><span class="username" data-name="lcezasfuck">lcezasfuck</span>:</strong> <em>even life orb</em></div><div class="spacer battle-history"><br></div><div class="battle-history">lcezasfuck withdrew RIP Water!<br></div><div class="battle-history">lcezasfuck sent out PIGNITE fast (<strong>Monferno</strong>)!<br></div><div class="spacer battle-history"><br></div><div class="battle-history">Gourgeist used <strong>Foul Play</strong>!<br></div><div class="battle-history"><small>It's not very effective...</small><br></div><div class="battle-history"><small>(The opposing PIGNITE fast lost <abbr title="−71/269">26.4%</abbr> of its health!)</small><br></div><div class="spacer battle-history"><br></div><div class="battle-history"><small>Gourgeist restored a little HP using its Leftovers!</small><br></div><div class="spacer battle-history"><br></div><h2 class="battle-history">Turn 14</h2><div class="spacer battle-history"><br></div><div class="battle-history">Gourgeist, come back!<br></div><div class="battle-history">Go! <strong>Combusken</strong>!<br></div><div class="spacer battle-history"><br></div><div class="battle-history">The opposing PIGNITE fast used <strong>Fire Punch</strong>!<br></div><div class="battle-history"><small>It's not very effective...</small><br></div><div class="battle-history"><small>(Combusken lost <abbr title="−15/261">5.7%</abbr> of its health!)</small><br></div><div class="spacer battle-history"><br></div><div class="battle-history">Combusken fainted!<br></div><div class="spacer battle-history"><br></div><div class="battle-history">Go! <strong>Zebstrika</strong>!<br></div><div class="spacer battle-history"><br></div><h2 class="battle-history">Turn 15</h2><div class="spacer battle-history"><br></div><div class="battle-history">lcezasfuck withdrew PIGNITE fast!<br></div><div class="battle-history">lcezasfuck sent out RIP Water (<strong>Grovyle</strong>)!<br></div><div class="spacer battle-history"><br></div><div class="battle-history">Zebstrika used <strong>Thunderbolt</strong>!<br></div><div class="battle-history"><small>It's not very effective...</small><br></div><div class="battle-history"><small>(The opposing RIP Water lost <abbr title="−116/241">48.1%</abbr> of its health!)</small><br></div><div class="battle-history"><small>Zebstrika lost some of its HP!</small><br></div><div class="spacer battle-history"><br></div><h2 class="battle-history">Turn 16</h2><div class="chat chatmessage-ycocokie"><strong style="color:hsl(128,80%,34.89818467270656%)"><small>☆</small><span class="username" data-name="yCocokie✱">yCocokie✱</span>:</strong> <em>yea</em></div><div class="spacer battle-history"><br></div><div class="battle-history">Zebstrika used <strong>Hidden Power</strong>!<br></div><div class="battle-history"><small>It's super effective!</small><br></div><div class="battle-history"><small>(The opposing RIP Water lost <abbr title="−41/241">17.0%</abbr> of its health!)</small><br></div><div class="battle-history"><small>Zebstrika lost some of its HP!</small><br></div><div class="spacer battle-history"><br></div><div class="battle-history">The opposing RIP Water fainted!<br></div><div class="chat chatmessage-ycocokie"><strong style="color:hsl(128,80%,34.89818467270656%)"><small>☆</small><span class="username" data-name="yCocokie✱">yCocokie✱</span>:</strong> <em>!dt grovyle</em></div><div class="chat message-error">[outdated code no longer supported]</div><div class="chat"><font size="1"><font color="#686868">Dex#:</font> 253&nbsp;|  <font color="#686868">Gen:</font> 3&nbsp;|  <font color="#686868">Height:</font> 0.9 m&nbsp;|  <font color="#686868">Weight:</font> 21.6 kg <em>(40 BP)</em>&nbsp;|  <font color="#686868">Dex Colour:</font> Green&nbsp;|  <font color="#686868">Egg Group(s):</font> Monster, Dragon&nbsp;|  <font color="#686868">Evolution:</font> Sceptile (36)</font></div><div class="spacer battle-history"><br></div><div class="battle-history">lcezasfuck sent out <strong>Gothorita</strong>!<br></div><div class="battle-history"><small>[The opposing Gothorita's Frisk]</small><br><small>The opposing Gothorita frisked Zebstrika and found its Life Orb!</small><br></div><div class="spacer battle-history"><br></div><h2 class="battle-history">Turn 17</h2><div class="chat chatmessage-ycocokie"><strong style="color:hsl(128,80%,34.89818467270656%)"><small>☆</small><span class="username" data-name="yCocokie✱">yCocokie✱</span>:</strong> <em>65 atk is quite low to hurt Gourgeist</em></div><div class="spacer battle-history"><br></div><div class="battle-history">Zebstrika used <strong>Volt Switch</strong>!<br></div><div class="battle-history"><small>(The opposing Gothorita lost <abbr title="−126/324">38.9%</abbr> of its health!)</small><br></div><div class="battle-history"><small>Zebstrika lost some of its HP!</small><br></div><div class="spacer battle-history"><br></div><div class="battle-history">Zebstrika went back to yCocokie✱!<br></div><div class="battle-history">Go! <strong>Probopass</strong>!<br></div><div class="spacer battle-history"><br></div><div class="battle-history">The opposing Gothorita used <strong>Psyshock</strong>!<br></div><div class="battle-history"><small>It's not very effective...</small><br></div><div class="battle-history"><small>(Probopass lost <abbr title="−30/304">9.9%</abbr> of its health!)</small><br></div><div class="spacer battle-history"><br></div><div class="battle-history"><small>The opposing Gothorita restored a little HP using its Leftovers!</small><br></div><div class="battle-history"><small>Probopass restored a little HP using its Leftovers!</small><br></div><div class="spacer battle-history"><br></div><h2 class="battle-history">Turn 18</h2><div class="spacer battle-history"><br></div><div class="battle-history">The opposing Gothorita used <strong>Calm Mind</strong>!<br></div><div class="battle-history"><small>The opposing Gothorita's Special Attack rose!</small><br></div><div class="battle-history"><small>The opposing Gothorita's Special Defense rose!</small><br></div><div class="spacer battle-history"><br></div><div class="battle-history">Probopass used <strong>Toxic</strong>!<br></div><div class="battle-history"><small>The opposing Gothorita was badly poisoned!</small><br></div><div class="spacer battle-history"><br></div><div class="battle-history"><small>The opposing Gothorita restored a little HP using its Leftovers!</small><br></div><div class="battle-history"><small>Probopass restored a little HP using its Leftovers!</small><br></div><div class="battle-history"><small>The opposing Gothorita was hurt by poison!</small><br></div><div class="spacer battle-history"><br></div><h2 class="battle-history">Turn 19</h2><div class="chat chatmessage-lcezasfuck"><strong style="color:hsl(63,60%,38.09380051909%)"><small>☆</small><span class="username" data-name="lcezasfuck">lcezasfuck</span>:</strong> <em>This is middle cup team</em></div><div class="chat chatmessage-lcezasfuck"><strong style="color:hsl(63,60%,38.09380051909%)"><small>☆</small><span class="username" data-name="lcezasfuck">lcezasfuck</span>:</strong> <em>It banned Eviiolite</em></div><div class="spacer battle-history"><br></div><div class="battle-history">The opposing Gothorita used <strong>Calm Mind</strong>!<br></div><div class="battle-history"><small>The opposing Gothorita's Special Attack rose!</small><br></div><div class="battle-history"><small>The opposing Gothorita's Special Defense rose!</small><br></div><div class="spacer battle-history"><br></div><div class="battle-history">Probopass used <strong>Stealth Rock</strong>!<br></div><div class="battle-history"><small>Pointed stones float in the air around the opposing team!</small><br></div><div class="spacer battle-history"><br></div><div class="battle-history"><small>The opposing Gothorita restored a little HP using its Leftovers!</small><br></div><div class="battle-history"><small>The opposing Gothorita was hurt by poison!</small><br></div><div class="spacer battle-history"><br></div><h2 class="battle-history">Turn 20</h2><div class="spacer battle-history"><br></div><div class="battle-history">The opposing Gothorita used <strong>Psyshock</strong>!<br></div><div class="battle-history"><small>It's not very effective...</small><br></div><div class="battle-history"><small>(Probopass lost <abbr title="−53/304">17.4%</abbr> of its health!)</small><br></div><div class="spacer battle-history"><br></div><div class="battle-history">Probopass used <strong>Earth Power</strong>!<br></div><div class="battle-history"><small>A critical hit!</small><br></div><div class="battle-history"><small>(The opposing Gothorita lost <abbr title="−128/324">39.5%</abbr> of its health!)</small><br></div><div class="spacer battle-history"><br></div><div class="battle-history"><small>The opposing Gothorita restored a little HP using its Leftovers!</small><br></div><div class="battle-history"><small>Probopass restored a little HP using its Leftovers!</small><br></div><div class="battle-history"><small>The opposing Gothorita was hurt by poison!</small><br></div><div class="spacer battle-history"><br></div><h2 class="battle-history">Turn 21</h2><div class="chat chatmessage-ycocokie"><strong style="color:hsl(128,80%,34.89818467270656%)"><small>☆</small><span class="username" data-name="yCocokie✱">yCocokie✱</span>:</strong> <em>why don't you use a serious team lol</em></div><div class="spacer battle-history"><br></div><div class="battle-history">The opposing Gothorita used <strong>Rest</strong>!<br></div><div class="battle-history"><small>The opposing Gothorita fell asleep!</small><br></div><div class="battle-history"><small>The opposing Gothorita slept and became healthy!</small><br></div><div class="spacer battle-history"><br></div><div class="battle-history">Probopass used <strong>Earth Power</strong>!<br></div><div class="battle-history"><small>(The opposing Gothorita lost <abbr title="−47/324">14.5%</abbr> of its health!)</small><br></div><div class="battle-history"><small>The opposing Gothorita's Special Defense fell!</small><br></div><div class="spacer battle-history"><br></div><div class="battle-history"><small>The opposing Gothorita restored a little HP using its Leftovers!</small><br></div><div class="battle-history"><small>Probopass restored a little HP using its Leftovers!</small><br></div><div class="spacer battle-history"><br></div><h2 class="battle-history">Turn 22</h2><div class="chat chatmessage-lcezasfuck"><strong style="color:hsl(63,60%,38.09380051909%)"><small>☆</small><span class="username" data-name="lcezasfuck">lcezasfuck</span>:</strong> <em>ok</em></div><div class="chat chatmessage-lcezasfuck"><strong style="color:hsl(63,60%,38.09380051909%)"><small>☆</small><span class="username" data-name="lcezasfuck">lcezasfuck</span>:</strong> <em>aftr this</em></div><div class="spacer battle-history"><br></div><div class="battle-history">Probopass, come back!<br></div><div class="battle-history">Go! Gourgeist (<strong>Gourgeist-Super</strong>)!<br></div><div class="battle-history"><small>[Gourgeist's Frisk]</small><br><small>Gourgeist frisked the opposing Gothorita and found its Leftovers!</small><br></div><div class="spacer battle-history"><br></div><div class="battle-history">The opposing Gothorita is fast asleep.<br></div><div class="spacer battle-history"><br></div><div class="battle-history"><small>The opposing Gothorita restored a little HP using its Leftovers!</small><br></div><div class="battle-history"><small>Gourgeist restored a little HP using its Leftovers!</small><br></div><div class="spacer battle-history"><br></div><h2 class="battle-history">Turn 23</h2><div class="spacer battle-history"><br></div><div class="battle-history">The opposing Gothorita is fast asleep.<br></div><div class="spacer battle-history"><br></div><div class="battle-history">Gourgeist used <strong>Leech Seed</strong>!<br></div><div class="battle-history"><small>The opposing Gothorita was seeded!</small><br></div><div class="spacer battle-history"><br></div><div class="battle-history"><small>The opposing Gothorita restored a little HP using its Leftovers!</small><br></div><div class="battle-history"><small>Gourgeist restored a little HP using its Leftovers!</small><br></div><div class="battle-history"><small>The opposing Gothorita's health is sapped by Leech Seed!</small><br></div><div class="spacer battle-history"><br></div><h2 class="battle-history">Turn 24</h2><div class="spacer battle-history"><br></div><div class="battle-history"><small>The opposing Gothorita woke up!</small><br></div><div class="spacer battle-history"><br></div><div class="battle-history">The opposing Gothorita used <strong>Calm Mind</strong>!<br></div><div class="battle-history"><small>The opposing Gothorita's Special Attack rose!</small><br></div><div class="battle-history"><small>The opposing Gothorita's Special Defense rose!</small><br></div><div class="spacer battle-history"><br></div><div class="battle-history">Gourgeist used <strong>Foul Play</strong>!<br></div><div class="battle-history"><small>It's super effective!</small><br></div><div class="battle-history"><small>(The opposing Gothorita lost <abbr title="−52/324">16.0%</abbr> of its health!)</small><br></div><div class="spacer battle-history"><br></div><div class="battle-history"><small>The opposing Gothorita restored a little HP using its Leftovers!</small><br></div><div class="battle-history"><small>The opposing Gothorita's health is sapped by Leech Seed!</small><br></div><div class="spacer battle-history"><br></div><h2 class="battle-history">Turn 25</h2><div class="spacer battle-history"><br></div><div class="battle-history">The opposing Gothorita used <strong>Psyshock</strong>!<br></div><div class="battle-history"><small>(Gourgeist lost <abbr title="−141/374">37.7%</abbr> of its health!)</small><br></div><div class="spacer battle-history"><br></div><div class="battle-history">Gourgeist used <strong>Foul Play</strong>!<br></div><div class="battle-history"><small>It's super effective!</small><br></div><div class="battle-history"><small>A critical hit!</small><br></div><div class="battle-history"><small>(The opposing Gothorita lost <abbr title="−76/324">23.5%</abbr> of its health!)</small><br></div><div class="spacer battle-history"><br></div><div class="battle-history"><small>The opposing Gothorita restored a little HP using its Leftovers!</small><br></div><div class="battle-history"><small>Gourgeist restored a little HP using its Leftovers!</small><br></div><div class="battle-history"><small>The opposing Gothorita's health is sapped by Leech Seed!</small><br></div><div class="spacer battle-history"><br></div><h2 class="battle-history">Turn 26</h2><div class="spacer battle-history"><br></div><div class="battle-history">Gourgeist, come back!<br></div><div class="battle-history">Go! <strong>Ursaring</strong>!<br></div><div class="spacer battle-history"><br></div><div class="battle-history">The opposing Gothorita used <strong>Rest</strong>!<br></div><div class="battle-history"><small>The opposing Gothorita fell asleep!</small><br></div><div class="battle-history"><small>The opposing Gothorita slept and became healthy!</small><br></div><div class="spacer battle-history"><br></div><div class="battle-history"><small>The opposing Gothorita's health is sapped by Leech Seed!</small><br></div><div class="spacer battle-history"><br></div><h2 class="battle-history">Turn 27</h2><div class="spacer battle-history"><br></div><div class="battle-history">lcezasfuck withdrew Gothorita!<br></div><div class="battle-history">lcezasfuck sent out PIGNITE fast (<strong>Monferno</strong>)!<br></div><div class="battle-history"><small>Pointed stones dug into the opposing PIGNITE fast!</small><br></div><div class="spacer battle-history"><br></div><div class="battle-history">Ursaring used <strong>Bulk Up</strong>!<br></div><div class="battle-history"><small>Ursaring's Attack rose!</small><br></div><div class="battle-history"><small>Ursaring's Defense rose!</small><br></div><div class="spacer battle-history"><br></div><h2 class="battle-history">Turn 28</h2><div class="spacer battle-history"><br></div><div class="battle-history">Ursaring, come back!<br></div><div class="battle-history">Go! <strong>Probopass</strong>!<br></div><div class="spacer battle-history"><br></div><div class="battle-history">The opposing PIGNITE fast used <strong>Close Combat</strong>!<br></div><div class="battle-history"><small>It's super effective!</small><br></div><div class="battle-history"><small>(Probopass lost <abbr title="−289/304">95.1%</abbr> of its health!)</small><br></div><div class="battle-history"><small>The opposing PIGNITE fast's Defense fell!</small><br></div><div class="battle-history"><small>The opposing PIGNITE fast's Special Defense fell!</small><br></div><div class="spacer battle-history"><br></div><div class="battle-history">Probopass fainted!<br></div><div class="spacer battle-history"><br></div><div class="battle-history">Go! <strong>Zebstrika</strong>!<br></div><div class="spacer battle-history"><br></div><h2 class="battle-history">Turn 29</h2><div class="spacer battle-history"><br></div><div class="battle-history">lcezasfuck withdrew PIGNITE fast!<br></div><div class="battle-history">lcezasfuck sent out <strong>Seadra</strong>!<br></div><div class="battle-history"><small>Pointed stones dug into the opposing Seadra!</small><br></div><div class="spacer battle-history"><br></div><div class="battle-history">Zebstrika used <strong>Thunderbolt</strong>!<br></div><div class="battle-history"><small>It's super effective!</small><br></div><div class="battle-history"><small>(The opposing Seadra lost <abbr title="−220/251">87.6%</abbr> of its health!)</small><br></div><div class="battle-history"><small>Zebstrika lost some of its HP!</small><br></div><div class="spacer battle-history"><br></div><div class="battle-history">The opposing Seadra fainted!<br></div><div class="spacer battle-history"><br></div><div class="battle-history">lcezasfuck sent out <strong>Gothorita</strong>!<br></div><div class="battle-history"><small>Pointed stones dug into the opposing Gothorita!</small><br></div><div class="battle-history"><small>[The opposing Gothorita's Frisk]</small><br><small>The opposing Gothorita frisked Zebstrika and found its Life Orb!</small><br></div><div class="spacer battle-history"><br></div><h2 class="battle-history">Turn 30</h2><div class="spacer battle-history"><br></div><div class="battle-history">Zebstrika used <strong>Thunderbolt</strong>!<br></div><div class="battle-history"><small>(The opposing Gothorita lost <abbr title="−168/324">51.9%</abbr> of its health!)</small><br></div><div class="battle-history"><small>Zebstrika lost some of its HP!</small><br></div><div class="spacer battle-history"><br></div><div class="battle-history">The opposing Gothorita is fast asleep.<br></div><div class="spacer battle-history"><br></div><div class="battle-history"><small>The opposing Gothorita restored a little HP using its Leftovers!</small><br></div><div class="spacer battle-history"><br></div><h2 class="battle-history">Turn 31</h2><div class="spacer battle-history"><br></div><div class="battle-history">Zebstrika used <strong>Thunderbolt</strong>!<br></div><div class="battle-history"><small>(The opposing Gothorita lost <abbr title="−96/324">29.6%</abbr> of its health!)</small><br></div><div class="battle-history"><small>Zebstrika lost some of its HP!</small><br></div><div class="spacer battle-history"><br></div><div class="battle-history">The opposing Gothorita fainted!<br></div><div class="spacer battle-history"><br></div><div class="battle-history">lcezasfuck sent out PIGNITE fast (<strong>Monferno</strong>)!<br></div><div class="battle-history"><small>Pointed stones dug into the opposing PIGNITE fast!</small><br></div><div class="spacer battle-history"><br></div><h2 class="battle-history">Turn 32</h2><div class="chat chatmessage-ycocokie"><strong style="color:hsl(128,80%,34.89818467270656%)"><small>☆</small><span class="username" data-name="yCocokie✱">yCocokie✱</span>:</strong> <em>Where is the Simisear</em></div><div class="spacer battle-history"><br></div><div class="battle-history">The opposing PIGNITE fast used <strong>Mach Punch</strong>!<br></div><div class="battle-history"><small>(Zebstrika lost <abbr title="−88/291">30.2%</abbr> of its health!)</small><br></div><div class="spacer battle-history"><br></div><div class="battle-history">Zebstrika fainted!<br></div><div class="spacer battle-history"><br></div><div class="battle-history">Go! Gourgeist (<strong>Gourgeist-Super</strong>)!<br></div><div class="battle-history"><small>[Gourgeist's Frisk]</small><br><small>Gourgeist frisked the opposing PIGNITE fast and found its Expert Belt!</small><br></div><div class="spacer battle-history"><br></div><h2 class="battle-history">Turn 33</h2><div class="chat chatmessage-lcezasfuck"><strong style="color:hsl(63,60%,38.09380051909%)"><small>☆</small><span class="username" data-name="lcezasfuck">lcezasfuck</span>:</strong> <em>Banned in Middle cup</em></div><div class="spacer battle-history"><br></div><div class="battle-history">The opposing PIGNITE fast used <strong>Fire Punch</strong>!<br></div><div class="battle-history"><small>It's super effective!</small><br></div><div class="battle-history"><small>(Gourgeist lost <abbr title="−187/374">50%</abbr> of its health!)</small><br></div><div class="spacer battle-history"><br></div><div class="battle-history">Gourgeist used <strong>Synthesis</strong>!<br></div><div class="battle-history"><small>Gourgeist restored its HP.</small><br></div><div class="spacer battle-history"><br></div><div class="battle-history"><small>Gourgeist restored a little HP using its Leftovers!</small><br></div><div class="spacer battle-history"><br></div><h2 class="battle-history">Turn 34</h2><div class="spacer battle-history"><br></div><div class="battle-history">The opposing PIGNITE fast used <strong>Fire Punch</strong>!<br></div><div class="battle-history"><small>It's super effective!</small><br></div><div class="battle-history"><small>(Gourgeist lost <abbr title="−209/374">55.9%</abbr> of its health!)</small><br></div><div class="spacer battle-history"><br></div><div class="battle-history">Gourgeist used <strong>Leech Seed</strong>!<br></div><div class="battle-history"><small>The opposing PIGNITE fast was seeded!</small><br></div><div class="spacer battle-history"><br></div><div class="battle-history"><small>Gourgeist restored a little HP using its Leftovers!</small><br></div><div class="battle-history"><small>The opposing PIGNITE fast's health is sapped by Leech Seed!</small><br></div><div class="spacer battle-history"><br></div><h2 class="battle-history">Turn 35</h2><div class="spacer battle-history"><br></div><div class="battle-history">Gourgeist, come back!<br></div><div class="battle-history">Go! <strong>Ursaring</strong>!<br></div><div class="spacer battle-history"><br></div><div class="battle-history">The opposing PIGNITE fast used <strong>Fire Punch</strong>!<br></div><div class="battle-history"><small>(Ursaring lost <abbr title="−142/384">37.0%</abbr> of its health!)</small><br></div><div class="spacer battle-history"><br></div><div class="battle-history"><small>Ursaring restored a little HP using its Leftovers!</small><br></div><div class="battle-history"><small>The opposing PIGNITE fast's health is sapped by Leech Seed!</small><br></div><div class="spacer battle-history"><br></div><h2 class="battle-history">Turn 36</h2><div class="spacer battle-history"><br></div><div class="battle-history">Ursaring, come back!<br></div><div class="battle-history">Go! Gourgeist (<strong>Gourgeist-Super</strong>)!<br></div><div class="battle-history"><small>[Gourgeist's Frisk]</small><br><small>Gourgeist frisked the opposing PIGNITE fast and found its Expert Belt!</small><br></div><div class="spacer battle-history"><br></div><div class="battle-history">The opposing PIGNITE fast used <strong>Fire Punch</strong>!<br></div><div class="battle-history"><small>It's super effective!</small><br></div><div class="battle-history"><small>(Gourgeist lost <abbr title="−166/374">44.4%</abbr> of its health!)</small><br></div><div class="spacer battle-history"><br></div><div class="battle-history">Gourgeist fainted!<br></div><div class="spacer battle-history"><br></div><div class="battle-history">Go! <strong>Ursaring</strong>!<br></div><div class="spacer battle-history"><br></div><h2 class="battle-history">Turn 37</h2><div class="chat chatmessage-lcezasfuck"><strong style="color:hsl(63,60%,38.09380051909%)"><small>☆</small><span class="username" data-name="lcezasfuck">lcezasfuck</span>:</strong> <em>lol</em></div><div class="chat chatmessage-lcezasfuck"><strong style="color:hsl(63,60%,38.09380051909%)"><small>☆</small><span class="username" data-name="lcezasfuck">lcezasfuck</span>:</strong> <em>impossible</em></div><div class="spacer battle-history"><br></div><div class="battle-history">The opposing PIGNITE fast used <strong>Close Combat</strong>!<br></div><div class="battle-history"><small>It's super effective!</small><br></div><div class="battle-history"><small>(Ursaring lost <abbr title="−299/384">77.9%</abbr> of its health!)</small><br></div><div class="battle-history"><small>The opposing PIGNITE fast's Defense fell!</small><br></div><div class="battle-history"><small>The opposing PIGNITE fast's Special Defense fell!</small><br></div><div class="spacer battle-history"><br></div><div class="battle-history">Ursaring fainted!<br></div><div class="spacer battle-history"><br></div><div class="battle-history"><strong>lcezasfuck</strong> won the battle!<br></div><div class="chat chatmessage-ycocokie"><strong style="color:hsl(128,80%,34.89818467270656%)"><small>☆</small><span class="username" data-name="yCocokie✱">yCocokie✱</span>:</strong> <em>:p</em></div></div><div class="inner-preempt"></div></div></div>
</div>
<script>
let daily = Math.floor(Date.now()/1000/60/60/24);document.write('<script src="https://play.pokemonshowdown.com/js/replay-embed.js?version'+daily+'"></'+'script>');
</script>
