<!DOCTYPE html>
<meta charset="utf-8" />
<!-- version 1 -->
<title>PU replay: geagearg vs. Ale Ramone</title>
<style>
html,body {font-family:Verdana, sans-serif;font-size:10pt;margin:0;padding:0;}body{padding:12px 0;} .battle-log {font-family:Verdana, sans-serif;font-size:10pt;} .battle-log-inline {border:1px solid #AAAAAA;background:#EEF2F5;color:black;max-width:640px;margin:0 auto 80px;padding-bottom:5px;} .battle-log .inner {padding:4px 8px 0px 8px;} .battle-log .inner-preempt {padding:0 8px 4px 8px;} .battle-log .inner-after {margin-top:0.5em;} .battle-log h2 {margin:0.5em -8px;padding:4px 8px;border:1px solid #AAAAAA;background:#E0E7EA;border-left:0;border-right:0;font-family:Verdana, sans-serif;font-size:13pt;} .battle-log .chat {vertical-align:middle;padding:3px 0 3px 0;font-size:8pt;} .battle-log .chat strong {color:#40576A;} .battle-log .chat em {padding:1px 4px 1px 3px;color:#000000;font-style:normal;} .chat.mine {background:rgba(0,0,0,0.05);margin-left:-8px;margin-right:-8px;padding-left:8px;padding-right:8px;} .spoiler {color:#BBBBBB;background:#BBBBBB;padding:0px 3px;} .spoiler:hover, .spoiler:active, .spoiler-shown {color:#000000;background:#E2E2E2;padding:0px 3px;} .spoiler a {color:#BBBBBB;} .spoiler:hover a, .spoiler:active a, .spoiler-shown a {color:#2288CC;} .chat code, .chat .spoiler:hover code, .chat .spoiler:active code, .chat .spoiler-shown code {border:1px solid #C0C0C0;background:#EEEEEE;color:black;padding:0 2px;} .chat .spoiler code {border:1px solid #CCCCCC;background:#CCCCCC;color:#CCCCCC;} .battle-log .rated {padding:3px 4px;} .battle-log .rated strong {color:white;background:#89A;padding:1px 4px;border-radius:4px;} .spacer {margin-top:0.5em;} .message-announce {background:#6688AA;color:white;padding:1px 4px 2px;} .message-announce a, .broadcast-green a, .broadcast-blue a, .broadcast-red a {color:#DDEEFF;} .broadcast-green {background-color:#559955;color:white;padding:2px 4px;} .broadcast-blue {background-color:#6688AA;color:white;padding:2px 4px;} .infobox {border:1px solid #6688AA;padding:2px 4px;} .infobox-limited {max-height:200px;overflow:auto;overflow-x:hidden;} .broadcast-red {background-color:#AA5544;color:white;padding:2px 4px;} .message-learn-canlearn {font-weight:bold;color:#228822;text-decoration:underline;} .message-learn-cannotlearn {font-weight:bold;color:#CC2222;text-decoration:underline;} .message-effect-weak {font-weight:bold;color:#CC2222;} .message-effect-resist {font-weight:bold;color:#6688AA;} .message-effect-immune {font-weight:bold;color:#666666;} .message-learn-list {margin-top:0;margin-bottom:0;} .message-throttle-notice, .message-error {color:#992222;} .message-overflow, .chat small.message-overflow {font-size:0pt;} .message-overflow::before {font-size:9pt;content:'...';} .subtle {color:#3A4A66;}
</style>
<div class="wrapper replay-wrapper" style="max-width:1180px;margin:0 auto">
<input type="hidden" name="replayid" value="pu-545199049" />
<div class="battle"></div><div class="battle-log"></div><div class="replay-controls"></div><div class="replay-controls-2"></div>
<h1 style="font-weight:normal;text-align:center"><strong>PU</strong><br /><a href="http://pokemonshowdown.com/users/geagearg" class="subtle" target="_blank">geagearg</a> vs. <a href="http://pokemonshowdown.com/users/aleramone" class="subtle" target="_blank">Ale Ramone</a></h1>
<script type="text/plain" class="battle-log-data">|j|geagearg
|j|Ale Ramone
|player|p1|geagearg|81
|player|p2|Ale Ramone|289
|gametype|singles
|gen|6
|tier|PU
|seed|29660,35128,61820,49241
|rule|Sleep Clause Mod: Limit one foe put to sleep
|rule|Species Clause: Limit one of each Pokémon
|rule|OHKO Clause: OHKO moves are banned
|rule|Moody Clause: Moody is banned
|rule|Evasion Moves Clause: Evasion moves are banned
|rule|Endless Battle Clause: Forcing endless battles is banned
|rule|HP Percentage Mod: HP is shown in percentages
|clearpoke
|poke|p1|Hippopotas, F|item
|poke|p1|Stoutland, M|item
|poke|p1|Roselia, F|item
|poke|p1|Avalugg, M|item
|poke|p1|Audino, F|item
|poke|p1|Corsola, F|item
|poke|p2|Swanna, M, shiny|item
|poke|p2|Golem, F|item
|poke|p2|Rapidash, F|item
|poke|p2|Misdreavus, F|item
|poke|p2|Tangela, F, shiny|item
|poke|p2|Monferno, M|item
|rule|Swagger Clause: Swagger is banned
|rule|Baton Pass Clause: Limit one Baton Passer, can't pass Spe and other stats simultaneously
|teampreview
|j|Stats Bot
|l|Stats Bot
|j|RedPanda2577
|j|IcE BraaNd
|j|kodpjfapo
|j|Jewelia
|j|Apu up ahead
|j|leo05051998
|j|Me and my bucket
|j|TallLeprechaunn
|j|Kahuna Kiawe
|j|Haruka Nakamaru
|j|i am really strong
|j|The Dank Jet
|c|☆Ale Ramone|gl hf
|j|TheShiningEspeon
|j|Blitzburgh
|j|Lockstin
|c| i am really strong|i am the best
|c|☆geagearg|you too
|j|MaxiLaFiera
|choice|team 2, team 1, team 3, team 4, team 5, team 6|team 1, team 2, team 3, team 4, team 5, team 6
|
|start
|switch|p1a: Stoutland|Stoutland, M|311\/311
|switch|p2a: Swanna|Swanna, M, shiny|291\/291
|turn|1
|c| TallLeprechaunn|tangela?
|l|RedPanda2577
|choice|move crunch|switch 4
|
|switch|p2a: Misdreavus|Misdreavus, F|261\/261
|move|p1a: Stoutland|Crunch|p2a: Misdreavus
|-supereffective|p2a: Misdreavus
|-damage|p2a: Misdreavus|0 fnt
|faint|p2a: Misdreavus
|
|upkeep
|j|Robb576
|c| i am really strong|now kill each otgher in hate
|c| i am really strong|and disdain
|j|ISeriouslyDontCare
|j|Titanman07
|c| Robb576|did something already die?
|j|CC) Ranger Arthur
|j|cabetsiit
|c|☆Ale Ramone|yeah, when I was a kid I always thought Tangela was a rasta guy
|j|crixt14
|c| i am really strong|yeah the crowd want to see blood
|c|☆Ale Ramone|so I like it
|j|Dimka
|choice||switch 6
|
|switch|p2a: Monferno|Monferno, M|269\/269
|turn|2
|c| TallLeprechaunn|lol nice
|l|Dimka
|c|☆geagearg|It's a good mon
|l|Robb576
|choice|switch 6|move closecombat
|
|switch|p1a: Corsola|Corsola, F|313\/313
|move|p2a: Monferno|Close Combat|p1a: Corsola
|-supereffective|p1a: Corsola
|-crit|p1a: Corsola
|-damage|p1a: Corsola|0 fnt
|-unboost|p2a: Monferno|def|1
|-unboost|p2a: Monferno|spd|1
|faint|p1a: Corsola
|
|upkeep
|j|hyva nimi
|choice|switch 2|
|
|switch|p1a: Hippopotas|Hippopotas, F|340\/340
|-weather|Sandstorm|[from] ability: Sand Stream|[of] p1a: Hippopotas
|turn|3
|c| Titanman07|sac corsola
|c|☆Ale Ramone|after this can I pm you about Corsola pls?
|c| Jewelia|Too late lol ^
|j|laser☯circus
|choice|move stealthrock|move uturn
|
|move|p2a: Monferno|U-turn|p1a: Hippopotas
|-damage|p1a: Hippopotas|304\/340
|l|cabetsiit
|c|☆geagearg|Me?
|c|☆Ale Ramone|yes
|j|Borgeousu
|c| i am really strong|why tell us all
|c|☆geagearg|I just wanted to try it out lmao
|c| Titanman07|ok
|j|Dimka
|c|☆Ale Ramone|ok
|j|Sasha the Sylveon
|c|☆Ale Ramone|that's it
|l|Dimka
|choice||switch 4
|
|switch|p2a: Swanna|Swanna, M, shiny|291\/291
|move|p1a: Hippopotas|Stealth Rock|p2a: Swanna
|-sidestart|p2: Ale Ramone|move: Stealth Rock
|
|-weather|Sandstorm|[upkeep]
|-damage|p2a: Swanna|273\/291|[from] sandstorm
|upkeep
|turn|4
|c|☆geagearg|recover, scald, power gem, mirror coat lol
|j|MaxiDuck
|choice|switch 6|move defog
|
|switch|p1a: Stoutland|Stoutland, M|311\/311
|move|p2a: Swanna|Defog|p1a: Stoutland
|-unboost|p1a: Stoutland|evasion|1
|-sideend|p2: Ale Ramone|Stealth Rock|[from] move: Defog|[of] p2a: Swanna
|
|-weather|Sandstorm|[upkeep]
|-damage|p2a: Swanna|255\/291|[from] sandstorm
|upkeep
|turn|5
|j|Zekrom2413
|c|☆Ale Ramone|did it work?
|choice|move return|switch 2
|
|switch|p2a: Golem|Golem, F|363\/363
|move|p1a: Stoutland|Return|p2a: Golem
|-resisted|p2a: Golem
|-damage|p2a: Golem|264\/363
|
|-weather|Sandstorm|[upkeep]
|-heal|p2a: Golem|286\/363|[from] item: Leftovers
|upkeep
|turn|6
|c| i am really strong|alakazam sash counter works wonders
|c|☆geagearg|Only ever used it once before this
|choice|switch 6|switch 4
|
|switch|p1a: Hippopotas|Hippopotas, F|304\/340
|switch|p2a: Monferno|Monferno, M|269\/269
|
|-weather|Sandstorm|[upkeep]
|-damage|p2a: Monferno|253\/269|[from] sandstorm
|upkeep
|turn|7
|c|☆geagearg|And we all know how today went lol
|choice|move stealthrock|move uturn
|
|move|p2a: Monferno|U-turn|p1a: Hippopotas
|-damage|p1a: Hippopotas|264\/340
|c| Titanman07|which golem do you think is better ale
|choice||switch 2
|
|switch|p2a: Swanna|Swanna, M, shiny|255\/291
|move|p1a: Hippopotas|Stealth Rock|p2a: Swanna
|-sidestart|p2: Ale Ramone|move: Stealth Rock
|
|-weather|none
|upkeep
|turn|8
|c|☆Ale Ramone|idk... since I can't build a gen 6 or 7 set I'm using a gen 5 one
|choice|switch 5|move defog
|
|switch|p1a: Audino|Audino, F|410\/410
|move|p2a: Swanna|Defog|p1a: Audino
|-unboost|p1a: Audino|evasion|1
|-sideend|p2: Ale Ramone|Stealth Rock|[from] move: Defog|[of] p2a: Swanna
|
|upkeep
|turn|9
|j|MarkTheHalfPint
|j|NerdDestroyer27
|choice|move knockoff|move scald
|
|move|p2a: Swanna|Scald|p1a: Audino
|-damage|p1a: Audino|296\/410
|-damage|p2a: Swanna|226\/291|[from] item: Life Orb
|move|p1a: Audino|Knock Off|p2a: Swanna
|-damage|p2a: Swanna|148\/291
|-enditem|p2a: Swanna|Life Orb|[from] move: Knock Off|[of] p1a: Audino
|
|-heal|p1a: Audino|321\/410|[from] item: Leftovers
|upkeep
|turn|10
|c| Titanman07|ok
|choice|move wish|switch 2
|
|switch|p2a: Monferno|Monferno, M|253\/269
|move|p1a: Audino|Wish|p1a: Audino
|
|-heal|p1a: Audino|346\/410|[from] item: Leftovers
|upkeep
|turn|11
|choice|switch 5|move uturn
|
|switch|p1a: Hippopotas|Hippopotas, F|264\/340
|-weather|Sandstorm|[from] ability: Sand Stream|[of] p1a: Hippopotas
|move|p2a: Monferno|U-turn|p1a: Hippopotas
|-damage|p1a: Hippopotas|228\/340
|c| Titanman07|roserade
|c| i am really strong|luffy vs big mom
|choice||switch 2
|
|switch|p2a: Swanna|Swanna, M, shiny|148\/291
|
|-weather|Sandstorm|[upkeep]
|-damage|p2a: Swanna|130\/291|[from] sandstorm
|-heal|p1a: Hippopotas|340\/340|[from] move: Wish|[wisher] Audino
|upkeep
|turn|12
|choice|switch 6|move scald
|
|switch|p1a: Stoutland|Stoutland, M|311\/311
|move|p2a: Swanna|Scald|p1a: Stoutland
|-damage|p1a: Stoutland|202\/311
|-status|p1a: Stoutland|brn
|
|-weather|Sandstorm|[upkeep]
|-damage|p2a: Swanna|112\/291|[from] sandstorm
|-damage|p1a: Stoutland|164\/311 brn|[from] brn
|upkeep
|turn|13
|j|AstralLethal
|c| i am really strong|that burn
|c| Titanman07|damn
|choice|switch 5|switch 4
|
|switch|p1a: Audino|Audino, F|410\/410
|switch|p2a: Golem|Golem, F|286\/363
|
|-weather|Sandstorm|[upkeep]
|-damage|p1a: Audino|385\/410|[from] sandstorm
|-heal|p1a: Audino|410\/410|[from] item: Leftovers
|-heal|p2a: Golem|308\/363|[from] item: Leftovers
|upkeep
|turn|14
|choice|move healbell|move earthquake
|
|move|p1a: Audino|Heal Bell|p1a: Audino
|-activate|p1a: Audino|move: Heal Bell
|-curestatus|p1: Stoutland|brn|[msg]
|move|p2a: Golem|Earthquake|p1a: Audino
|-damage|p1a: Audino|230\/410
|
|-weather|Sandstorm|[upkeep]
|-damage|p1a: Audino|205\/410|[from] sandstorm
|-heal|p1a: Audino|230\/410|[from] item: Leftovers
|-heal|p2a: Golem|330\/363|[from] item: Leftovers
|upkeep
|turn|15
|c| Titanman07|nice
|l|The Dank Jet
|choice|switch 4|move stoneedge
|
|switch|p1a: Avalugg|Avalugg, M|394\/394
|move|p2a: Golem|Stone Edge|p1a: Avalugg
|-supereffective|p1a: Avalugg
|-crit|p1a: Avalugg
|-damage|p1a: Avalugg|178\/394
|
|-weather|none
|-heal|p2a: Golem|352\/363|[from] item: Leftovers
|-heal|p1a: Avalugg|202\/394|[from] item: Leftovers
|upkeep
|turn|16
|j|Sambo
|c|☆geagearg|0 :P
|choice|move recover|switch 3
|
|switch|p2a: Rapidash|Rapidash, F|271\/271
|move|p1a: Avalugg|Recover|p1a: Avalugg
|-heal|p1a: Avalugg|394\/394
|
|upkeep
|turn|17
|choice|move toxic|move flareblitz
|
|move|p2a: Rapidash|Flare Blitz|p1a: Avalugg
|-supereffective|p1a: Avalugg
|-damage|p1a: Avalugg|220\/394
|-damage|p2a: Rapidash|214\/271|[from] recoil|[of] p1a: Avalugg
|move|p1a: Avalugg|Toxic|p2a: Rapidash|[miss]
|-miss|p1a: Avalugg|p2a: Rapidash
|
|-heal|p2a: Rapidash|230\/271|[from] item: Leftovers
|-heal|p1a: Avalugg|244\/394|[from] item: Leftovers
|upkeep
|turn|18
|c|☆Ale Ramone|sorry
|c| i am really strong|chunk of ice vs chunch of rock
|c|☆geagearg|shit happens fam
|c|☆Ale Ramone|that's bad
|l|NerdDestroyer27
|c| i am really strong|i wanted to see
|choice|move recover|switch 5
|
|switch|p2a: Tangela|Tangela, F, shiny|334\/334
|move|p1a: Avalugg|Recover|p1a: Avalugg
|-heal|p1a: Avalugg|394\/394
|
|upkeep
|turn|19
|l|Apu up ahead
|l|laser☯circus
|j|Brawlion
|choice|switch 3|move hiddenpower
|
|switch|p1a: Audrey Sylvain|Roselia, F|303\/303
|move|p2a: Tangela|Hidden Power|p1a: Audrey Sylvain
|-supereffective|p1a: Audrey Sylvain
|-damage|p1a: Audrey Sylvain|239\/303
|
|upkeep
|turn|20
|choice|move sludgebomb|switch 2
|
|switch|p2a: Monferno|Monferno, M|253\/269
|move|p1a: Audrey Sylvain|Sludge Bomb|p2a: Monferno
|-damage|p2a: Monferno|135\/269
|
|upkeep
|turn|21
|choice|switch 6|move flareblitz
|
|switch|p1a: Hippopotas|Hippopotas, F|340\/340
|-weather|Sandstorm|[from] ability: Sand Stream|[of] p1a: Hippopotas
|move|p2a: Monferno|Flare Blitz|p1a: Hippopotas
|-damage|p1a: Hippopotas|241\/340
|-damage|p2a: Monferno|102\/269|[from] recoil|[of] p1a: Hippopotas
|
|-weather|Sandstorm|[upkeep]
|-damage|p2a: Monferno|86\/269|[from] sandstorm
|upkeep
|turn|22
|c| Titanman07|stay in
|c| Titanman07|nvm
|choice|move slackoff|move uturn
|
|move|p2a: Monferno|U-turn|p1a: Hippopotas
|-damage|p1a: Hippopotas|203\/340
|c| Brawlion|close
|c| i am really strong|funny last match i said roselia can counter tangelareally good
|choice||switch 4
|
|switch|p2a: Swanna|Swanna, M, shiny|112\/291
|move|p1a: Hippopotas|Slack Off|p1a: Hippopotas
|-heal|p1a: Hippopotas|340\/340
|
|-weather|Sandstorm|[upkeep]
|-damage|p2a: Swanna|94\/291|[from] sandstorm
|upkeep
|turn|23
|l|IcE BraaNd
|choice|switch 4|move roost
|
|switch|p1a: Audino|Audino, F|366\/410
|move|p2a: Swanna|Roost|p2a: Swanna
|-heal|p2a: Swanna|240\/291
|
|-weather|Sandstorm|[upkeep]
|-damage|p2a: Swanna|222\/291|[from] sandstorm
|-damage|p1a: Audino|341\/410|[from] sandstorm
|-heal|p1a: Audino|366\/410|[from] item: Leftovers
|upkeep
|turn|24
|l|Borgeousu
|l|Kahuna Kiawe
|l|MaxiDuck
|choice|move wish|move scald
|
|move|p2a: Swanna|Scald|p1a: Audino
|-crit|p1a: Audino
|-damage|p1a: Audino|227\/410
|-status|p1a: Audino|brn
|move|p1a: Audino|Wish|p1a: Audino
|
|-weather|Sandstorm|[upkeep]
|-damage|p2a: Swanna|204\/291|[from] sandstorm
|-damage|p1a: Audino|202\/410 brn|[from] sandstorm
|-heal|p1a: Audino|227\/410 brn|[from] item: Leftovers
|-damage|p1a: Audino|176\/410 brn|[from] brn
|upkeep
|turn|25
|choice|switch 5|move hurricane
|
|switch|p1a: Stoutland|Stoutland, M|164\/311
|move|p2a: Swanna|Hurricane|p1a: Stoutland
|-damage|p1a: Stoutland|5\/311
|
|-weather|none
|-heal|p1a: Stoutland|210\/311|[from] move: Wish|[wisher] Audino
|upkeep
|turn|26
|choice|switch 5|switch 3
|
|switch|p2a: Golem|Golem, F|352\/363
|switch|p1a: Audino|Audino, F|312\/410 brn
|
|-heal|p1a: Audino|337\/410 brn|[from] item: Leftovers
|-heal|p2a: Golem|363\/363|[from] item: Leftovers
|-damage|p1a: Audino|286\/410 brn|[from] brn
|upkeep
|turn|27
|c| i am really strong|close
|l|crixt14
|choice|switch 3|move stealthrock
|
|switch|p1a: Avalugg|Avalugg, M|394\/394
|move|p2a: Golem|Stealth Rock|p1a: Avalugg
|-sidestart|p1: geagearg|move: Stealth Rock
|
|upkeep
|turn|28
|c| Titanman07|turn 25 and still on each team only 1 pokemon has been lost
|c| Titanman07|28 now
|choice|move rapidspin|switch 2
|
|switch|p2a: Tangela|Tangela, F, shiny|334\/334
|move|p1a: Avalugg|Rapid Spin|p2a: Tangela
|-damage|p2a: Tangela|325\/334
|-sideend|p1: geagearg|Stealth Rock|[from] move: Rapid Spin|[of] p1a: Avalugg
|
|upkeep
|turn|29
|choice|move toxic|switch 3
|
|switch|p2a: Swanna|Swanna, M, shiny|204\/291
|move|p1a: Avalugg|Toxic|p2a: Swanna
|-status|p2a: Swanna|tox
|
|-damage|p2a: Swanna|186\/291 tox|[from] psn
|upkeep
|turn|30
|choice|switch 3|move hurricane
|
|switch|p1a: Audino|Audino, F|410\/410 brn
|move|p2a: Swanna|Hurricane|p1a: Audino
|-damage|p1a: Audino|298\/410 brn
|
|-heal|p1a: Audino|323\/410 brn|[from] item: Leftovers
|-damage|p2a: Swanna|150\/291 tox|[from] psn
|-damage|p1a: Audino|272\/410 brn|[from] brn
|upkeep
|turn|31
|c| Titanman07|calling game gonna go past turn 76
|choice|move healbell|switch 4
|
|switch|p2a: Monferno|Monferno, M|86\/269
|move|p1a: Audino|Heal Bell|p1a: Audino
|-activate|p1a: Audino|move: Heal Bell
|-curestatus|p1a: Audino|brn|[msg]
|
|-heal|p1a: Audino|297\/410|[from] item: Leftovers
|upkeep
|turn|32
|choice|move protect|move closecombat
|
|move|p1a: Audino|Protect|p1a: Audino
|-singleturn|p1a: Audino|Protect
|move|p2a: Monferno|Close Combat|p1a: Audino
|-activate|p1a: Audino|move: Protect
|
|-heal|p1a: Audino|322\/410|[from] item: Leftovers
|upkeep
|turn|33
|choice|switch 4|move uturn
|
|switch|p1a: Hippopotas|Hippopotas, F|340\/340
|-weather|Sandstorm|[from] ability: Sand Stream|[of] p1a: Hippopotas
|move|p2a: Monferno|U-turn|p1a: Hippopotas
|-damage|p1a: Hippopotas|305\/340
|c| Brawlion|rip
|choice||switch 3
|
|switch|p2a: Tangela|Tangela, F, shiny|334\/334
|
|-weather|Sandstorm|[upkeep]
|-damage|p2a: Tangela|314\/334|[from] sandstorm
|upkeep
|turn|34
|choice|switch 6|move sleeppowder
|
|switch|p1a: Audrey Sylvain|Roselia, F|239\/303
|move|p2a: Tangela|Sleep Powder|p1a: Audrey Sylvain
|-immune|p1a: Audrey Sylvain|[msg]
|
|-weather|Sandstorm|[upkeep]
|-damage|p1a: Audrey Sylvain|221\/303|[from] sandstorm
|-damage|p2a: Tangela|294\/334|[from] sandstorm
|upkeep
|turn|35
|j|GaryAjax
|c| MaxiLaFiera|EEH
|c| MaxiLaFiera|VOLEVI
|choice|move sludgebomb|switch 2
|
|switch|p2a: Golem|Golem, F|363\/363
|move|p1a: Audrey Sylvain|Sludge Bomb|p2a: Golem
|-resisted|p2a: Golem
|-damage|p2a: Golem|344\/363
|
|-weather|Sandstorm|[upkeep]
|-damage|p1a: Audrey Sylvain|203\/303|[from] sandstorm
|-heal|p2a: Golem|363\/363|[from] item: Leftovers
|upkeep
|turn|36
|choice|move gigadrain|switch 5
|
|switch|p2a: Rapidash|Rapidash, F|230\/271
|move|p1a: Audrey Sylvain|Giga Drain|p2a: Rapidash
|-resisted|p2a: Rapidash
|-damage|p2a: Rapidash|181\/271
|-heal|p1a: Audrey Sylvain|228\/303|[from] drain|[of] p2a: Rapidash
|
|-weather|Sandstorm|[upkeep]
|-damage|p2a: Rapidash|165\/271|[from] sandstorm
|-damage|p1a: Audrey Sylvain|210\/303|[from] sandstorm
|-heal|p2a: Rapidash|181\/271|[from] item: Leftovers
|upkeep
|turn|37
|c| Brawlion|guip
|choice|switch 6|switch 3
|
|switch|p2a: Monferno|Monferno, M|86\/269
|switch|p1a: Hippopotas|Hippopotas, F|305\/340
|
|-weather|none
|upkeep
|turn|38
|choice|move stealthrock|move uturn
|
|move|p2a: Monferno|U-turn|p1a: Hippopotas
|-damage|p1a: Hippopotas|266\/340
|choice||switch 4
|
|switch|p2a: Swanna|Swanna, M, shiny|150\/291 tox
|move|p1a: Hippopotas|Stealth Rock|p2a: Swanna
|-sidestart|p2: Ale Ramone|move: Stealth Rock
|
|-damage|p2a: Swanna|132\/291 tox|[from] psn
|upkeep
|turn|39
|j|ArcherTippani
|choice|move earthquake|move defog
|
|move|p2a: Swanna|Defog|p1a: Hippopotas
|-unboost|p1a: Hippopotas|evasion|1
|-sideend|p2: Ale Ramone|Stealth Rock|[from] move: Defog|[of] p2a: Swanna
|move|p1a: Hippopotas|Earthquake|p2a: Swanna
|-immune|p2a: Swanna|[msg]
|
|-damage|p2a: Swanna|96\/291 tox|[from] psn
|upkeep
|turn|40
|choice|switch 4|move roost
|
|switch|p1a: Audino|Audino, F|410\/410
|move|p2a: Swanna|Roost|p2a: Swanna
|-heal|p2a: Swanna|242\/291 tox
|
|-damage|p2a: Swanna|188\/291 tox|[from] psn
|upkeep
|turn|41
|choice|move wish|switch 3
|
|switch|p2a: Rapidash|Rapidash, F|181\/271
|move|p1a: Audino|Wish|p1a: Audino
|
|-heal|p2a: Rapidash|197\/271|[from] item: Leftovers
|upkeep
|turn|42
|c| ArcherTippani|40 turns... Damn
|choice|move knockoff|move flareblitz
|
|move|p2a: Rapidash|Flare Blitz|p1a: Audino
|-damage|p1a: Audino|218\/410
|-damage|p2a: Rapidash|134\/271|[from] recoil|[of] p1a: Audino
|move|p1a: Audino|Knock Off|p2a: Rapidash
|-damage|p2a: Rapidash|72\/271
|-enditem|p2a: Rapidash|Leftovers|[from] move: Knock Off|[of] p1a: Audino
|
|-heal|p1a: Audino|410\/410|[from] move: Wish|[wisher] Audino
|upkeep
|turn|43
|c| MaxiLaFiera|why he used earthquake omg
|c| Brawlion|they are stalling
|choice|move wish|move morningsun
|
|move|p2a: Rapidash|Morning Sun|p2a: Rapidash
|-heal|p2a: Rapidash|207\/271
|move|p1a: Audino|Wish|p1a: Audino
|
|upkeep
|turn|44
|c| i am really strong|and the game started with 2 kills ...
|l|TheShiningEspeon
|c| Titanman07|still only one gone from each team
|choice|switch 4|move flareblitz
|
|switch|p1a: Hippopotas|Hippopotas, F|266\/340
|-weather|Sandstorm|[from] ability: Sand Stream|[of] p1a: Hippopotas
|move|p2a: Rapidash|Flare Blitz|p1a: Hippopotas
|-damage|p1a: Hippopotas|163\/340
|-damage|p2a: Rapidash|173\/271|[from] recoil|[of] p1a: Hippopotas
|
|-weather|Sandstorm|[upkeep]
|-damage|p2a: Rapidash|157\/271|[from] sandstorm
|-heal|p1a: Hippopotas|340\/340|[from] move: Wish|[wisher] Audino
|upkeep
|turn|45
|j|Kill Bill Pandey
|j|IcE BraaNd
|choice|switch 5|switch 3
|
|switch|p2a: Swanna|Swanna, M, shiny|188\/291 tox
|switch|p1a: Stoutland|Stoutland, M|210\/311
|
|-weather|Sandstorm|[upkeep]
|-damage|p2a: Swanna|170\/291 tox|[from] sandstorm
|-damage|p2a: Swanna|152\/291 tox|[from] psn
|upkeep
|turn|46
|choice|move superpower|switch 5
|
|switch|p2a: Golem|Golem, F|363\/363
|move|p1a: Stoutland|Superpower|p2a: Golem
|-supereffective|p2a: Golem
|-damage|p2a: Golem|57\/363
|-unboost|p1a: Stoutland|atk|1
|-unboost|p1a: Stoutland|def|1
|
|-weather|Sandstorm|[upkeep]
|-heal|p2a: Golem|79\/363|[from] item: Leftovers
|upkeep
|turn|47
|c| Brawlion|i think they are waiting for one of them to forfeit
|j|3100Twentiee
|c| i am really strong|not bad
|j|Pavelimus
|choice|move superpower|switch 2
|
|switch|p2a: Tangela|Tangela, F, shiny|334\/334
|move|p1a: Stoutland|Superpower|p2a: Tangela
|-damage|p2a: Tangela|277\/334
|-unboost|p1a: Stoutland|atk|1
|-unboost|p1a: Stoutland|def|1
|
|-weather|Sandstorm|[upkeep]
|-damage|p2a: Tangela|257\/334|[from] sandstorm
|upkeep
|turn|48
|c| ArcherTippani|Probably
|choice|switch 6|switch 3
|
|switch|p1a: Audrey Sylvain|Roselia, F|210\/303
|switch|p2a: Rapidash|Rapidash, F|157\/271
|
|-weather|none
|upkeep
|turn|49
|choice|switch 5|move flareblitz
|
|switch|p1a: Hippopotas|Hippopotas, F|340\/340
|-weather|Sandstorm|[from] ability: Sand Stream|[of] p1a: Hippopotas
|move|p2a: Rapidash|Flare Blitz|p1a: Hippopotas
|-damage|p1a: Hippopotas|240\/340
|-damage|p2a: Rapidash|124\/271|[from] recoil|[of] p1a: Hippopotas
|
|-weather|Sandstorm|[upkeep]
|-damage|p2a: Rapidash|108\/271|[from] sandstorm
|upkeep
|turn|50
|choice|move stealthrock|switch 5
|
|switch|p2a: Swanna|Swanna, M, shiny|152\/291 tox
|move|p1a: Hippopotas|Stealth Rock|p2a: Swanna
|-sidestart|p2: Ale Ramone|move: Stealth Rock
|
|-weather|Sandstorm|[upkeep]
|-damage|p2a: Swanna|134\/291 tox|[from] sandstorm
|-damage|p2a: Swanna|116\/291 tox|[from] psn
|upkeep
|turn|51
|j|Rissin
|c| Brawlion|lol
|c|☆Ale Ramone|gg man, i can't win
|c| Brawlion|stop stall
|c|☆geagearg|gg
|choice|switch 4|move defog
|
|switch|p1a: Audino|Audino, F|410\/410
|move|p2a: Swanna|Defog|p1a: Audino
|-unboost|p1a: Audino|evasion|1
|-sideend|p2: Ale Ramone|Stealth Rock|[from] move: Defog|[of] p2a: Swanna
|
|-weather|Sandstorm|[upkeep]
|-damage|p2a: Swanna|98\/291 tox|[from] sandstorm
|-damage|p1a: Audino|385\/410|[from] sandstorm
|-heal|p1a: Audino|410\/410|[from] item: Leftovers
|-damage|p2a: Swanna|62\/291 tox|[from] psn
|upkeep
|turn|52
|choice|switch 6|move roost
|
|switch|p1a: Stoutland|Stoutland, M|210\/311
|move|p2a: Swanna|Roost|p2a: Swanna
|-heal|p2a: Swanna|208\/291 tox
|
|-weather|Sandstorm|[upkeep]
|-damage|p2a: Swanna|190\/291 tox|[from] sandstorm
|-damage|p2a: Swanna|136\/291 tox|[from] psn
|upkeep
|turn|53
|choice|move return|switch 3
|
|switch|p2a: Tangela|Tangela, F, shiny|334\/334
|move|p1a: Stoutland|Return|p2a: Tangela
|-damage|p2a: Tangela|223\/334
|
|-weather|none
|upkeep
|turn|54
|j|LopsyDopsy
|choice|switch 5|move hiddenpower
|
|switch|p1a: Audrey Sylvain|Roselia, F|210\/303
|move|p2a: Tangela|Hidden Power|p1a: Audrey Sylvain
|-supereffective|p1a: Audrey Sylvain
|-damage|p1a: Audrey Sylvain|138\/303
|
|upkeep
|turn|55
|c| Brawlion|well
|c| i am really strong|this tangela
|c|☆geagearg|Tangela is crazy
|c| LopsyDopsy|lmao
|choice|move sludgebomb|move hiddenpower
|
|move|p1a: Audrey Sylvain|Sludge Bomb|p2a: Tangela
|-supereffective|p2a: Tangela
|-damage|p2a: Tangela|0 fnt
|faint|p2a: Tangela
|
|upkeep
|c| Brawlion|rip finally
|choice||switch 5
|
|switch|p2a: Rapidash|Rapidash, F|108\/271
|turn|56
|c| i am really strong|gg
|choice|switch 6|move flareblitz
|
|switch|p1a: Audino|Audino, F|410\/410
|move|p2a: Rapidash|Flare Blitz|p1a: Audino
|-damage|p1a: Audino|209\/410
|-damage|p2a: Rapidash|42\/271|[from] recoil|[of] p1a: Audino
|
|-heal|p1a: Audino|234\/410|[from] item: Leftovers
|upkeep
|turn|57
|j|Complexities ❤
|c| ArcherTippani|Tangrowth is a good mon, in my opinion. It's pretty bulky and has a neat design.
|choice|switch 4|move flareblitz
|
|switch|p1a: Hippopotas|Hippopotas, F|240\/340
|-weather|Sandstorm|[from] ability: Sand Stream|[of] p1a: Hippopotas
|move|p2a: Rapidash|Flare Blitz|p1a: Hippopotas
|-damage|p1a: Hippopotas|131\/340
|-damage|p2a: Rapidash|6\/271|[from] recoil|[of] p1a: Hippopotas
|
|-weather|Sandstorm|[upkeep]
|-damage|p2a: Rapidash|0 fnt|[from] sandstorm
|upkeep
|faint|p2a: Rapidash
|c| Brawlion|lol
|c| Brawlion|3 mons ded
|choice||switch 3
|
|switch|p2a: Swanna|Swanna, M, shiny|136\/291 tox
|turn|58
|c| i am really strong|tangroth is ou
|l|LopsyDopsy
|c| Titanman07|i have faith in you ale
|c|☆Ale Ramone|you could have played with 5 mons
|c| Brawlion|go ale
|l|IcE BraaNd
|choice|move earthquake|move scald
|
|move|p2a: Swanna|Scald|p1a: Hippopotas
|-supereffective|p1a: Hippopotas
|-damage|p1a: Hippopotas|0 fnt
|faint|p1a: Hippopotas
|
|-weather|Sandstorm|[upkeep]
|-damage|p2a: Swanna|118\/291 tox|[from] sandstorm
|-damage|p2a: Swanna|100\/291 tox|[from] psn
|upkeep
|choice|switch 5|
|
|switch|p1a: Stoutland|Stoutland, M|210\/311
|turn|59
|j|Angel de Cabinet
|choice|move return|move scald
|
|move|p1a: Stoutland|Return|p2a: Swanna
|-damage|p2a: Swanna|0 fnt
|faint|p2a: Swanna
|
|-weather|Sandstorm|[upkeep]
|upkeep
|j|ShinyKingHatchiko
|choice||switch 2
|
|switch|p2a: Golem|Golem, F|79\/363
|turn|60
|choice|move return|move suckerpunch
|
|move|p2a: Golem|Sucker Punch|p1a: Stoutland
|-damage|p1a: Stoutland|114\/311
|move|p1a: Stoutland|Return|p2a: Golem
|-resisted|p2a: Golem
|-damage|p2a: Golem|0 fnt
|faint|p2a: Golem
|
|-weather|Sandstorm|[upkeep]
|upkeep
|c| i am really strong|return to hell
|choice||switch 4
|
|switch|p2a: Monferno|Monferno, M|86\/269
|turn|61
|c| Brawlion|rip
|choice|move return|move machpunch
|
|move|p2a: Monferno|Mach Punch|p1a: Stoutland
|-supereffective|p1a: Stoutland
|-damage|p1a: Stoutland|0 fnt
|faint|p1a: Stoutland
|
|-weather|none
|upkeep
|l|Angel de Cabinet
|c| Haruka Nakamaru|gg
|choice|switch 3|
|
|switch|p1a: Avalugg|Avalugg, M|394\/394
|turn|62
|c| i am really strong|quake
|choice|move avalanche|move closecombat
|
|move|p2a: Monferno|Close Combat|p1a: Avalugg
|-supereffective|p1a: Avalugg
|-damage|p1a: Avalugg|242\/394
|-unboost|p2a: Monferno|def|1
|-unboost|p2a: Monferno|spd|1
|move|p1a: Avalugg|Avalanche|p2a: Monferno
|-resisted|p2a: Monferno
|-damage|p2a: Monferno|0 fnt
|faint|p2a: Monferno
|
|win|geagearg
|player|p1
|player|p2
|l|Pavelimus
|c|☆geagearg|gg
|c|☆Ale Ramone|gg
|l|Haruka Nakamaru
|l|leo05051998
|l|Brawlion
|l|CC) Ranger Arthur
|l|3100Twentiee
|l|Jewelia
|l|AstralLethal
|l|Titanman07
|l|Ale Ramone
|l|Blitzburgh
|l|ShinyKingHatchiko
|l|geagearg
|l|Me and my bucket
|l|Zekrom2413
|l|TallLeprechaunn
|l|MaxiLaFiera
|j|geagearg
|l|i am really strong</script>
</div>
<div class="battle-log battle-log-inline"><div class="inner"><div class="battle-options"></div><div class="inner"><div class="chat"><small>geagearg joined.</small></div><div class="chat"><small>Ale Ramone joined.</small></div><div class=""><small>Format:</small> <br><strong>PU</strong></div><div class=""><small><em>Sleep Clause Mod:</em> Limit one foe put to sleep</small></div><div class=""><small><em>Species Clause:</em> Limit one of each Pokémon</small></div><div class=""><small><em>OHKO Clause:</em> OHKO moves are banned</small></div><div class=""><small><em>Moody Clause:</em> Moody is banned</small></div><div class=""><small><em>Evasion Moves Clause:</em> Evasion moves are banned</small></div><div class=""><small><em>Endless Battle Clause:</em> Forcing endless battles is banned</small></div><div class=""><small><em>HP Percentage Mod:</em> HP is shown in percentages</small></div><div class=""><small><em>Swagger Clause:</em> Swagger is banned</small></div><div class=""><small><em>Baton Pass Clause:</em> Limit one Baton Passer, can't pass Spe and other stats simultaneously</small></div><div class="chat battle-history"><strong>geagearg's team:</strong> <em style="color:#445566;display:block;">Hippopotas / Stoutland / Roselia / Avalugg / Audino / Corsola</em></div><div class="chat battle-history"><strong>Ale Ramone's team:</strong> <em style="color:#445566;display:block;">Swanna / Golem / Rapidash / Misdreavus / Tangela / Monferno</em></div><div class="chat"><small>Stats Bot joined.</small></div><div class="chat"><small>Stats Bot left.</small></div><div class="chat"><small>RedPanda2577 joined.</small></div><div class="chat"><small>IcE BraaNd joined.</small></div><div class="chat"><small>kodpjfapo joined.</small></div><div class="chat"><small>Jewelia joined.</small></div><div class="chat"><small>Apu up ahead joined.</small></div><div class="chat"><small>leo05051998 joined.</small></div><div class="chat"><small>Me and my bucket joined.</small></div><div class="chat"><small>TallLeprechaunn joined.</small></div><div class="chat"><small>Kahuna Kiawe joined.</small></div><div class="chat"><small>Haruka Nakamaru joined.</small></div><div class="chat"><small>i am really strong joined.</small></div><div class="chat"><small>The Dank Jet joined.</small></div><div class="chat chatmessage-aleramone"><strong style="color:hsl(222,74%,53.34763920614762%)"><small>☆</small><span class="username" data-name="Ale Ramone">Ale Ramone</span>:</strong> <em>gl hf</em></div><div class="chat"><small>TheShiningEspeon joined.</small></div><div class="chat"><small>Blitzburgh joined.</small></div><div class="chat"><small>Lockstin joined.</small></div><div class="chat chatmessage-iamreallystrong"><strong style="color:hsl(318,58%,46%)"><small> </small><span class="username" data-name="i am really strong">i am really strong</span>:</strong> <em>i am the best</em></div><div class="chat chatmessage-geagearg"><strong style="color:hsl(168,79%,35.901908042497055%)"><small>☆</small><span class="username" data-name="geagearg">geagearg</span>:</strong> <em>you too</em></div><div class="chat"><small>MaxiLaFiera joined.</small></div><div class="spacer battle-history"><br></div><div class="battle-history">Battle started between geagearg and Ale Ramone!<br></div><div class="spacer battle-history"><br></div><div class="battle-history">Go! <strong>Stoutland</strong>!<br></div><div class="spacer battle-history"><br></div><div class="battle-history">Ale Ramone sent out <strong>Swanna</strong>!<br></div><div class="spacer battle-history"><br></div><h2 class="battle-history">Turn 1</h2><div class="chat chatmessage-tallleprechaunn"><strong style="color:hsl(163,53%,33%)"><small> </small><span class="username" data-name="TallLeprechaunn">TallLeprechaunn</span>:</strong> <em>tangela?</em></div><div class="chat"><small>RedPanda2577 left.</small></div><div class="spacer battle-history"><br></div><div class="battle-history">Ale Ramone withdrew Swanna!<br></div><div class="battle-history">Ale Ramone sent out <strong>Misdreavus</strong>!<br></div><div class="spacer battle-history"><br></div><div class="battle-history">Stoutland used <strong>Crunch</strong>!<br></div><div class="battle-history"><small>It's super effective!</small><br></div><div class="battle-history"><small>(The opposing Misdreavus lost <abbr title="−261/261">100%</abbr> of its health!)</small><br></div><div class="spacer battle-history"><br></div><div class="battle-history">The opposing Misdreavus fainted!<br></div><div class="chat"><small>Robb576 joined.</small></div><div class="chat chatmessage-iamreallystrong"><strong style="color:hsl(318,58%,46%)"><small> </small><span class="username" data-name="i am really strong">i am really strong</span>:</strong> <em>now kill each otgher in hate</em></div><div class="chat chatmessage-iamreallystrong"><strong style="color:hsl(318,58%,46%)"><small> </small><span class="username" data-name="i am really strong">i am really strong</span>:</strong> <em>and disdain</em></div><div class="chat"><small>ISeriouslyDontCare joined.</small></div><div class="chat"><small>Titanman07 joined.</small></div><div class="chat chatmessage-robb576"><strong style="color:hsl(226,59%,55.355529295210445%)"><small> </small><span class="username" data-name="Robb576">Robb576</span>:</strong> <em>did something already die?</em></div><div class="chat"><small>CC) Ranger Arthur joined.</small></div><div class="chat"><small>cabetsiit joined.</small></div><div class="chat chatmessage-aleramone"><strong style="color:hsl(222,74%,53.34763920614762%)"><small>☆</small><span class="username" data-name="Ale Ramone">Ale Ramone</span>:</strong> <em>yeah, when I was a kid I always thought Tangela was a rasta guy</em></div><div class="chat"><small>crixt14 joined.</small></div><div class="chat chatmessage-iamreallystrong"><strong style="color:hsl(318,58%,46%)"><small> </small><span class="username" data-name="i am really strong">i am really strong</span>:</strong> <em>yeah the crowd want to see blood</em></div><div class="chat chatmessage-aleramone"><strong style="color:hsl(222,74%,53.34763920614762%)"><small>☆</small><span class="username" data-name="Ale Ramone">Ale Ramone</span>:</strong> <em>so I like it</em></div><div class="chat"><small>Dimka joined.</small></div><div class="spacer battle-history"><br></div><div class="battle-history">Ale Ramone sent out <strong>Monferno</strong>!<br></div><div class="spacer battle-history"><br></div><h2 class="battle-history">Turn 2</h2><div class="chat chatmessage-tallleprechaunn"><strong style="color:hsl(163,53%,33%)"><small> </small><span class="username" data-name="TallLeprechaunn">TallLeprechaunn</span>:</strong> <em>lol nice</em></div><div class="chat"><small>Dimka left.</small></div><div class="chat chatmessage-geagearg"><strong style="color:hsl(168,79%,35.901908042497055%)"><small>☆</small><span class="username" data-name="geagearg">geagearg</span>:</strong> <em>It's a good mon</em></div><div class="chat"><small>Robb576 left.</small></div><div class="spacer battle-history"><br></div><div class="battle-history">Stoutland, come back!<br></div><div class="battle-history">Go! <strong>Corsola</strong>!<br></div><div class="spacer battle-history"><br></div><div class="battle-history">The opposing Monferno used <strong>Close Combat</strong>!<br></div><div class="battle-history"><small>It's super effective!</small><br></div><div class="battle-history"><small>A critical hit!</small><br></div><div class="battle-history"><small>(Corsola lost <abbr title="−313/313">100%</abbr> of its health!)</small><br></div><div class="battle-history"><small>The opposing Monferno's Defense fell!</small><br></div><div class="battle-history"><small>The opposing Monferno's Special Defense fell!</small><br></div><div class="spacer battle-history"><br></div><div class="battle-history">Corsola fainted!<br></div><div class="chat"><small>hyva nimi joined.</small></div><div class="spacer battle-history"><br></div><div class="battle-history">Go! <strong>Hippopotas</strong>!<br></div><div class="battle-history"><small>[Hippopotas's Sand Stream]</small><br><small>A sandstorm kicked up!</small><br></div><div class="spacer battle-history"><br></div><h2 class="battle-history">Turn 3</h2><div class="chat chatmessage-titanman07"><strong style="color:hsl(122,82%,34%)"><small> </small><span class="username" data-name="Titanman07">Titanman07</span>:</strong> <em>sac corsola</em></div><div class="chat chatmessage-aleramone"><strong style="color:hsl(222,74%,53.34763920614762%)"><small>☆</small><span class="username" data-name="Ale Ramone">Ale Ramone</span>:</strong> <em>after this can I pm you about Corsola pls?</em></div><div class="chat chatmessage-jewelia"><strong style="color:hsl(178,45%,38.333333333333336%)"><small> </small><span class="username" data-name="Jewelia">Jewelia</span>:</strong> <em>Too late lol ^</em></div><div class="chat"><small>laser☯circus joined.</small></div><div class="spacer battle-history"><br></div><div class="battle-history">The opposing Monferno used <strong>U-turn</strong>!<br></div><div class="battle-history"><small>(Hippopotas lost <abbr title="−36/340">10.6%</abbr> of its health!)</small><br></div><div class="chat"><small>cabetsiit left.</small></div><div class="chat chatmessage-geagearg"><strong style="color:hsl(168,79%,35.901908042497055%)"><small>☆</small><span class="username" data-name="geagearg">geagearg</span>:</strong> <em>Me?</em></div><div class="chat chatmessage-aleramone"><strong style="color:hsl(222,74%,53.34763920614762%)"><small>☆</small><span class="username" data-name="Ale Ramone">Ale Ramone</span>:</strong> <em>yes</em></div><div class="chat"><small>Borgeousu joined.</small></div><div class="chat chatmessage-iamreallystrong"><strong style="color:hsl(318,58%,46%)"><small> </small><span class="username" data-name="i am really strong">i am really strong</span>:</strong> <em>why tell us all</em></div><div class="chat chatmessage-geagearg"><strong style="color:hsl(168,79%,35.901908042497055%)"><small>☆</small><span class="username" data-name="geagearg">geagearg</span>:</strong> <em>I just wanted to try it out lmao</em></div><div class="chat chatmessage-titanman07"><strong style="color:hsl(122,82%,34%)"><small> </small><span class="username" data-name="Titanman07">Titanman07</span>:</strong> <em>ok</em></div><div class="chat"><small>Dimka joined.</small></div><div class="chat chatmessage-aleramone"><strong style="color:hsl(222,74%,53.34763920614762%)"><small>☆</small><span class="username" data-name="Ale Ramone">Ale Ramone</span>:</strong> <em>ok</em></div><div class="chat"><small>Sasha the Sylveon joined.</small></div><div class="chat chatmessage-aleramone"><strong style="color:hsl(222,74%,53.34763920614762%)"><small>☆</small><span class="username" data-name="Ale Ramone">Ale Ramone</span>:</strong> <em>that's it</em></div><div class="chat"><small>Dimka left.</small></div><div class="spacer battle-history"><br></div><div class="battle-history">The opposing Monferno went back to Ale Ramone!<br></div><div class="battle-history">Ale Ramone sent out <strong>Swanna</strong>!<br></div><div class="spacer battle-history"><br></div><div class="battle-history">Hippopotas used <strong>Stealth Rock</strong>!<br></div><div class="battle-history"><small>Pointed stones float in the air around the opposing team!</small><br></div><div class="spacer battle-history"><br></div><div class="battle-history"><small>The sandstorm is raging.</small><br></div><div class="battle-history"><small>The opposing Swanna is buffeted by the sandstorm!</small><br></div><div class="spacer battle-history"><br></div><h2 class="battle-history">Turn 4</h2><div class="chat chatmessage-geagearg"><strong style="color:hsl(168,79%,35.901908042497055%)"><small>☆</small><span class="username" data-name="geagearg">geagearg</span>:</strong> <em>recover, scald, power gem, mirror coat lol</em></div><div class="chat"><small>MaxiDuck joined.</small></div><div class="spacer battle-history"><br></div><div class="battle-history">Hippopotas, come back!<br></div><div class="battle-history">Go! <strong>Stoutland</strong>!<br></div><div class="spacer battle-history"><br></div><div class="battle-history">The opposing Swanna used <strong>Defog</strong>!<br></div><div class="battle-history"><small>Stoutland's evasiveness fell!</small><br></div><div class="battle-history"><small>The pointed stones disappeared from around the opposing team!</small><br></div><div class="spacer battle-history"><br></div><div class="battle-history"><small>The sandstorm is raging.</small><br></div><div class="battle-history"><small>The opposing Swanna is buffeted by the sandstorm!</small><br></div><div class="spacer battle-history"><br></div><h2 class="battle-history">Turn 5</h2><div class="chat"><small>Zekrom2413 joined.</small></div><div class="chat chatmessage-aleramone"><strong style="color:hsl(222,74%,53.34763920614762%)"><small>☆</small><span class="username" data-name="Ale Ramone">Ale Ramone</span>:</strong> <em>did it work?</em></div><div class="spacer battle-history"><br></div><div class="battle-history">Ale Ramone withdrew Swanna!<br></div><div class="battle-history">Ale Ramone sent out <strong>Golem</strong>!<br></div><div class="spacer battle-history"><br></div><div class="battle-history">Stoutland used <strong>Return</strong>!<br></div><div class="battle-history"><small>It's not very effective...</small><br></div><div class="battle-history"><small>(The opposing Golem lost <abbr title="−99/363">27.3%</abbr> of its health!)</small><br></div><div class="spacer battle-history"><br></div><div class="battle-history"><small>The sandstorm is raging.</small><br></div><div class="battle-history"><small>The opposing Golem restored a little HP using its Leftovers!</small><br></div><div class="spacer battle-history"><br></div><h2 class="battle-history">Turn 6</h2><div class="chat chatmessage-iamreallystrong"><strong style="color:hsl(318,58%,46%)"><small> </small><span class="username" data-name="i am really strong">i am really strong</span>:</strong> <em>alakazam sash counter works wonders</em></div><div class="chat chatmessage-geagearg"><strong style="color:hsl(168,79%,35.901908042497055%)"><small>☆</small><span class="username" data-name="geagearg">geagearg</span>:</strong> <em>Only ever used it once before this</em></div><div class="spacer battle-history"><br></div><div class="battle-history">Stoutland, come back!<br></div><div class="battle-history">Go! <strong>Hippopotas</strong>!<br></div><div class="spacer battle-history"><br></div><div class="battle-history">Ale Ramone withdrew Golem!<br></div><div class="battle-history">Ale Ramone sent out <strong>Monferno</strong>!<br></div><div class="spacer battle-history"><br></div><div class="battle-history"><small>The sandstorm is raging.</small><br></div><div class="battle-history"><small>The opposing Monferno is buffeted by the sandstorm!</small><br></div><div class="spacer battle-history"><br></div><h2 class="battle-history">Turn 7</h2><div class="chat chatmessage-geagearg"><strong style="color:hsl(168,79%,35.901908042497055%)"><small>☆</small><span class="username" data-name="geagearg">geagearg</span>:</strong> <em>And we all know how today went lol</em></div><div class="spacer battle-history"><br></div><div class="battle-history">The opposing Monferno used <strong>U-turn</strong>!<br></div><div class="battle-history"><small>(Hippopotas lost <abbr title="−40/340">11.8%</abbr> of its health!)</small><br></div><div class="chat chatmessage-titanman07"><strong style="color:hsl(122,82%,34%)"><small> </small><span class="username" data-name="Titanman07">Titanman07</span>:</strong> <em>which golem do you think is better ale</em></div><div class="spacer battle-history"><br></div><div class="battle-history">The opposing Monferno went back to Ale Ramone!<br></div><div class="battle-history">Ale Ramone sent out <strong>Swanna</strong>!<br></div><div class="spacer battle-history"><br></div><div class="battle-history">Hippopotas used <strong>Stealth Rock</strong>!<br></div><div class="battle-history"><small>Pointed stones float in the air around the opposing team!</small><br></div><div class="spacer battle-history"><br></div><div class="battle-history"><small>The sandstorm subsided.</small><br></div><div class="spacer battle-history"><br></div><h2 class="battle-history">Turn 8</h2><div class="chat chatmessage-aleramone"><strong style="color:hsl(222,74%,53.34763920614762%)"><small>☆</small><span class="username" data-name="Ale Ramone">Ale Ramone</span>:</strong> <em>idk... since I can't build a gen 6 or 7 set I'm using a gen 5 one</em></div><div class="spacer battle-history"><br></div><div class="battle-history">Hippopotas, come back!<br></div><div class="battle-history">Go! <strong>Audino</strong>!<br></div><div class="spacer battle-history"><br></div><div class="battle-history">The opposing Swanna used <strong>Defog</strong>!<br></div><div class="battle-history"><small>Audino's evasiveness fell!</small><br></div><div class="battle-history"><small>The pointed stones disappeared from around the opposing team!</small><br></div><div class="spacer battle-history"><br></div><h2 class="battle-history">Turn 9</h2><div class="chat"><small>MarkTheHalfPint joined.</small></div><div class="chat"><small>NerdDestroyer27 joined.</small></div><div class="spacer battle-history"><br></div><div class="battle-history">The opposing Swanna used <strong>Scald</strong>!<br></div><div class="battle-history"><small>(Audino lost <abbr title="−114/410">27.8%</abbr> of its health!)</small><br></div><div class="battle-history"><small>The opposing Swanna lost some of its HP!</small><br></div><div class="spacer battle-history"><br></div><div class="battle-history">Audino used <strong>Knock Off</strong>!<br></div><div class="battle-history"><small>(The opposing Swanna lost <abbr title="−78/291">26.8%</abbr> of its health!)</small><br></div><div class="battle-history"><small>Audino knocked off the opposing Swanna's Life Orb!</small><br></div><div class="spacer battle-history"><br></div><div class="battle-history"><small>Audino restored a little HP using its Leftovers!</small><br></div><div class="spacer battle-history"><br></div><h2 class="battle-history">Turn 10</h2><div class="chat chatmessage-titanman07"><strong style="color:hsl(122,82%,34%)"><small> </small><span class="username" data-name="Titanman07">Titanman07</span>:</strong> <em>ok</em></div><div class="spacer battle-history"><br></div><div class="battle-history">Ale Ramone withdrew Swanna!<br></div><div class="battle-history">Ale Ramone sent out <strong>Monferno</strong>!<br></div><div class="spacer battle-history"><br></div><div class="battle-history">Audino used <strong>Wish</strong>!<br></div><div class="spacer battle-history"><br></div><div class="battle-history"><small>Audino restored a little HP using its Leftovers!</small><br></div><div class="spacer battle-history"><br></div><h2 class="battle-history">Turn 11</h2><div class="spacer battle-history"><br></div><div class="battle-history">Audino, come back!<br></div><div class="battle-history">Go! <strong>Hippopotas</strong>!<br></div><div class="battle-history"><small>[Hippopotas's Sand Stream]</small><br><small>A sandstorm kicked up!</small><br></div><div class="spacer battle-history"><br></div><div class="battle-history">The opposing Monferno used <strong>U-turn</strong>!<br></div><div class="battle-history"><small>(Hippopotas lost <abbr title="−36/340">10.6%</abbr> of its health!)</small><br></div><div class="chat chatmessage-titanman07"><strong style="color:hsl(122,82%,34%)"><small> </small><span class="username" data-name="Titanman07">Titanman07</span>:</strong> <em>roserade</em></div><div class="chat chatmessage-iamreallystrong"><strong style="color:hsl(318,58%,46%)"><small> </small><span class="username" data-name="i am really strong">i am really strong</span>:</strong> <em>luffy vs big mom</em></div><div class="spacer battle-history"><br></div><div class="battle-history">The opposing Monferno went back to Ale Ramone!<br></div><div class="battle-history">Ale Ramone sent out <strong>Swanna</strong>!<br></div><div class="spacer battle-history"><br></div><div class="battle-history"><small>The sandstorm is raging.</small><br></div><div class="battle-history"><small>The opposing Swanna is buffeted by the sandstorm!</small><br></div><div class="battle-history"><small>Audino's wish came true!</small><br></div><div class="spacer battle-history"><br></div><h2 class="battle-history">Turn 12</h2><div class="spacer battle-history"><br></div><div class="battle-history">Hippopotas, come back!<br></div><div class="battle-history">Go! <strong>Stoutland</strong>!<br></div><div class="spacer battle-history"><br></div><div class="battle-history">The opposing Swanna used <strong>Scald</strong>!<br></div><div class="battle-history"><small>(Stoutland lost <abbr title="−109/311">35.0%</abbr> of its health!)</small><br></div><div class="battle-history"><small>Stoutland was burned!</small><br></div><div class="spacer battle-history"><br></div><div class="battle-history"><small>The sandstorm is raging.</small><br></div><div class="battle-history"><small>The opposing Swanna is buffeted by the sandstorm!</small><br></div><div class="battle-history"><small>Stoutland was hurt by its burn!</small><br></div><div class="spacer battle-history"><br></div><h2 class="battle-history">Turn 13</h2><div class="chat"><small>AstralLethal joined.</small></div><div class="chat chatmessage-iamreallystrong"><strong style="color:hsl(318,58%,46%)"><small> </small><span class="username" data-name="i am really strong">i am really strong</span>:</strong> <em>that burn</em></div><div class="chat chatmessage-titanman07"><strong style="color:hsl(122,82%,34%)"><small> </small><span class="username" data-name="Titanman07">Titanman07</span>:</strong> <em>damn</em></div><div class="spacer battle-history"><br></div><div class="battle-history">Stoutland, come back!<br></div><div class="battle-history">Go! <strong>Audino</strong>!<br></div><div class="spacer battle-history"><br></div><div class="battle-history">Ale Ramone withdrew Swanna!<br></div><div class="battle-history">Ale Ramone sent out <strong>Golem</strong>!<br></div><div class="spacer battle-history"><br></div><div class="battle-history"><small>The sandstorm is raging.</small><br></div><div class="battle-history"><small>Audino is buffeted by the sandstorm!</small><br></div><div class="battle-history"><small>Audino restored a little HP using its Leftovers!</small><br></div><div class="battle-history"><small>The opposing Golem restored a little HP using its Leftovers!</small><br></div><div class="spacer battle-history"><br></div><h2 class="battle-history">Turn 14</h2><div class="spacer battle-history"><br></div><div class="battle-history">Audino used <strong>Heal Bell</strong>!<br></div><div class="battle-history"><small>A bell chimed!</small><br></div><div class="battle-history"><small>Stoutland's burn was healed.</small><br></div><div class="spacer battle-history"><br></div><div class="battle-history">The opposing Golem used <strong>Earthquake</strong>!<br></div><div class="battle-history"><small>(Audino lost <abbr title="−180/410">43.9%</abbr> of its health!)</small><br></div><div class="spacer battle-history"><br></div><div class="battle-history"><small>The sandstorm is raging.</small><br></div><div class="battle-history"><small>Audino is buffeted by the sandstorm!</small><br></div><div class="battle-history"><small>Audino restored a little HP using its Leftovers!</small><br></div><div class="battle-history"><small>The opposing Golem restored a little HP using its Leftovers!</small><br></div><div class="spacer battle-history"><br></div><h2 class="battle-history">Turn 15</h2><div class="chat chatmessage-titanman07"><strong style="color:hsl(122,82%,34%)"><small> </small><span class="username" data-name="Titanman07">Titanman07</span>:</strong> <em>nice</em></div><div class="chat"><small>The Dank Jet left.</small></div><div class="spacer battle-history"><br></div><div class="battle-history">Audino, come back!<br></div><div class="battle-history">Go! <strong>Avalugg</strong>!<br></div><div class="spacer battle-history"><br></div><div class="battle-history">The opposing Golem used <strong>Stone Edge</strong>!<br></div><div class="battle-history"><small>It's super effective!</small><br></div><div class="battle-history"><small>A critical hit!</small><br></div><div class="battle-history"><small>(Avalugg lost <abbr title="−216/394">54.8%</abbr> of its health!)</small><br></div><div class="spacer battle-history"><br></div><div class="battle-history"><small>The sandstorm subsided.</small><br></div><div class="battle-history"><small>The opposing Golem restored a little HP using its Leftovers!</small><br></div><div class="battle-history"><small>Avalugg restored a little HP using its Leftovers!</small><br></div><div class="spacer battle-history"><br></div><h2 class="battle-history">Turn 16</h2><div class="chat"><small>Sambo joined.</small></div><div class="chat chatmessage-geagearg"><strong style="color:hsl(168,79%,35.901908042497055%)"><small>☆</small><span class="username" data-name="geagearg">geagearg</span>:</strong> <em>0 :P</em></div><div class="spacer battle-history"><br></div><div class="battle-history">Ale Ramone withdrew Golem!<br></div><div class="battle-history">Ale Ramone sent out <strong>Rapidash</strong>!<br></div><div class="spacer battle-history"><br></div><div class="battle-history">Avalugg used <strong>Recover</strong>!<br></div><div class="battle-history"><small>Avalugg restored its HP.</small><br></div><div class="spacer battle-history"><br></div><h2 class="battle-history">Turn 17</h2><div class="spacer battle-history"><br></div><div class="battle-history">The opposing Rapidash used <strong>Flare Blitz</strong>!<br></div><div class="battle-history"><small>It's super effective!</small><br></div><div class="battle-history"><small>(Avalugg lost <abbr title="−174/394">44.2%</abbr> of its health!)</small><br></div><div class="battle-history"><small>The opposing Rapidash is damaged by the recoil!</small><br></div><div class="spacer battle-history"><br></div><div class="battle-history">Avalugg used <strong>Toxic</strong>!<br></div><div class="battle-history"><small>The opposing Rapidash avoided the attack!</small><br></div><div class="spacer battle-history"><br></div><div class="battle-history"><small>The opposing Rapidash restored a little HP using its Leftovers!</small><br></div><div class="battle-history"><small>Avalugg restored a little HP using its Leftovers!</small><br></div><div class="spacer battle-history"><br></div><h2 class="battle-history">Turn 18</h2><div class="chat chatmessage-aleramone"><strong style="color:hsl(222,74%,53.34763920614762%)"><small>☆</small><span class="username" data-name="Ale Ramone">Ale Ramone</span>:</strong> <em>sorry</em></div><div class="chat chatmessage-iamreallystrong"><strong style="color:hsl(318,58%,46%)"><small> </small><span class="username" data-name="i am really strong">i am really strong</span>:</strong> <em>chunk of ice vs chunch of rock</em></div><div class="chat chatmessage-geagearg"><strong style="color:hsl(168,79%,35.901908042497055%)"><small>☆</small><span class="username" data-name="geagearg">geagearg</span>:</strong> <em>shit happens fam</em></div><div class="chat chatmessage-aleramone"><strong style="color:hsl(222,74%,53.34763920614762%)"><small>☆</small><span class="username" data-name="Ale Ramone">Ale Ramone</span>:</strong> <em>that's bad</em></div><div class="chat"><small>NerdDestroyer27 left.</small></div><div class="chat chatmessage-iamreallystrong"><strong style="color:hsl(318,58%,46%)"><small> </small><span class="username" data-name="i am really strong">i am really strong</span>:</strong> <em>i wanted to see</em></div><div class="spacer battle-history"><br></div><div class="battle-history">Ale Ramone withdrew Rapidash!<br></div><div class="battle-history">Ale Ramone sent out <strong>Tangela</strong>!<br></div><div class="spacer battle-history"><br></div><div class="battle-history">Avalugg used <strong>Recover</strong>!<br></div><div class="battle-history"><small>Avalugg restored its HP.</small><br></div><div class="spacer battle-history"><br></div><h2 class="battle-history">Turn 19</h2><div class="chat"><small>Apu up ahead left.</small></div><div class="chat"><small>laser☯circus left.</small></div><div class="chat"><small>Brawlion joined.</small></div><div class="spacer battle-history"><br></div><div class="battle-history">Avalugg, come back!<br></div><div class="battle-history">Go! Audrey Sylvain (<strong>Roselia</strong>)!<br></div><div class="spacer battle-history"><br></div><div class="battle-history">The opposing Tangela used <strong>Hidden Power</strong>!<br></div><div class="battle-history"><small>It's super effective!</small><br></div><div class="battle-history"><small>(Audrey Sylvain lost <abbr title="−64/303">21.1%</abbr> of its health!)</small><br></div><div class="spacer battle-history"><br></div><h2 class="battle-history">Turn 20</h2><div class="spacer battle-history"><br></div><div class="battle-history">Ale Ramone withdrew Tangela!<br></div><div class="battle-history">Ale Ramone sent out <strong>Monferno</strong>!<br></div><div class="spacer battle-history"><br></div><div class="battle-history">Audrey Sylvain used <strong>Sludge Bomb</strong>!<br></div><div class="battle-history"><small>(The opposing Monferno lost <abbr title="−118/269">43.9%</abbr> of its health!)</small><br></div><div class="spacer battle-history"><br></div><h2 class="battle-history">Turn 21</h2><div class="spacer battle-history"><br></div><div class="battle-history">Audrey Sylvain, come back!<br></div><div class="battle-history">Go! <strong>Hippopotas</strong>!<br></div><div class="battle-history"><small>[Hippopotas's Sand Stream]</small><br><small>A sandstorm kicked up!</small><br></div><div class="spacer battle-history"><br></div><div class="battle-history">The opposing Monferno used <strong>Flare Blitz</strong>!<br></div><div class="battle-history"><small>(Hippopotas lost <abbr title="−99/340">29.1%</abbr> of its health!)</small><br></div><div class="battle-history"><small>The opposing Monferno is damaged by the recoil!</small><br></div><div class="spacer battle-history"><br></div><div class="battle-history"><small>The sandstorm is raging.</small><br></div><div class="battle-history"><small>The opposing Monferno is buffeted by the sandstorm!</small><br></div><div class="spacer battle-history"><br></div><h2 class="battle-history">Turn 22</h2><div class="chat chatmessage-titanman07"><strong style="color:hsl(122,82%,34%)"><small> </small><span class="username" data-name="Titanman07">Titanman07</span>:</strong> <em>stay in</em></div><div class="chat chatmessage-titanman07"><strong style="color:hsl(122,82%,34%)"><small> </small><span class="username" data-name="Titanman07">Titanman07</span>:</strong> <em>nvm</em></div><div class="spacer battle-history"><br></div><div class="battle-history">The opposing Monferno used <strong>U-turn</strong>!<br></div><div class="battle-history"><small>(Hippopotas lost <abbr title="−38/340">11.2%</abbr> of its health!)</small><br></div><div class="chat chatmessage-brawlion"><strong style="color:hsl(236,53%,60.82889947659851%)"><small> </small><span class="username" data-name="Brawlion">Brawlion</span>:</strong> <em>close</em></div><div class="chat chatmessage-iamreallystrong"><strong style="color:hsl(318,58%,46%)"><small> </small><span class="username" data-name="i am really strong">i am really strong</span>:</strong> <em>funny last match i said roselia can counter tangelareally good</em></div><div class="spacer battle-history"><br></div><div class="battle-history">The opposing Monferno went back to Ale Ramone!<br></div><div class="battle-history">Ale Ramone sent out <strong>Swanna</strong>!<br></div><div class="spacer battle-history"><br></div><div class="battle-history">Hippopotas used <strong>Slack Off</strong>!<br></div><div class="battle-history"><small>Hippopotas restored its HP.</small><br></div><div class="spacer battle-history"><br></div><div class="battle-history"><small>The sandstorm is raging.</small><br></div><div class="battle-history"><small>The opposing Swanna is buffeted by the sandstorm!</small><br></div><div class="spacer battle-history"><br></div><h2 class="battle-history">Turn 23</h2><div class="chat"><small>IcE BraaNd left.</small></div><div class="spacer battle-history"><br></div><div class="battle-history">Hippopotas, come back!<br></div><div class="battle-history">Go! <strong>Audino</strong>!<br></div><div class="spacer battle-history"><br></div><div class="battle-history">The opposing Swanna used <strong>Roost</strong>!<br></div><div class="battle-history"><small>The opposing Swanna restored its HP.</small><br></div><div class="spacer battle-history"><br></div><div class="battle-history"><small>The sandstorm is raging.</small><br></div><div class="battle-history"><small>The opposing Swanna is buffeted by the sandstorm!</small><br></div><div class="battle-history"><small>Audino is buffeted by the sandstorm!</small><br></div><div class="battle-history"><small>Audino restored a little HP using its Leftovers!</small><br></div><div class="spacer battle-history"><br></div><h2 class="battle-history">Turn 24</h2><div class="chat"><small>Borgeousu left.</small></div><div class="chat"><small>Kahuna Kiawe left.</small></div><div class="chat"><small>MaxiDuck left.</small></div><div class="spacer battle-history"><br></div><div class="battle-history">The opposing Swanna used <strong>Scald</strong>!<br></div><div class="battle-history"><small>A critical hit!</small><br></div><div class="battle-history"><small>(Audino lost <abbr title="−139/410">33.9%</abbr> of its health!)</small><br></div><div class="battle-history"><small>Audino was burned!</small><br></div><div class="spacer battle-history"><br></div><div class="battle-history">Audino used <strong>Wish</strong>!<br></div><div class="spacer battle-history"><br></div><div class="battle-history"><small>The sandstorm is raging.</small><br></div><div class="battle-history"><small>The opposing Swanna is buffeted by the sandstorm!</small><br></div><div class="battle-history"><small>Audino is buffeted by the sandstorm!</small><br></div><div class="battle-history"><small>Audino restored a little HP using its Leftovers!</small><br></div><div class="battle-history"><small>Audino was hurt by its burn!</small><br></div><div class="spacer battle-history"><br></div><h2 class="battle-history">Turn 25</h2><div class="spacer battle-history"><br></div><div class="battle-history">Audino, come back!<br></div><div class="battle-history">Go! <strong>Stoutland</strong>!<br></div><div class="spacer battle-history"><br></div><div class="battle-history">The opposing Swanna used <strong>Hurricane</strong>!<br></div><div class="battle-history"><small>(Stoutland lost <abbr title="−159/311">51.1%</abbr> of its health!)</small><br></div><div class="spacer battle-history"><br></div><div class="battle-history"><small>The sandstorm subsided.</small><br></div><div class="battle-history"><small>Audino's wish came true!</small><br></div><div class="spacer battle-history"><br></div><h2 class="battle-history">Turn 26</h2><div class="spacer battle-history"><br></div><div class="battle-history">Ale Ramone withdrew Swanna!<br></div><div class="battle-history">Ale Ramone sent out <strong>Golem</strong>!<br></div><div class="spacer battle-history"><br></div><div class="battle-history">Stoutland, come back!<br></div><div class="battle-history">Go! <strong>Audino</strong>!<br></div><div class="spacer battle-history"><br></div><div class="battle-history"><small>Audino restored a little HP using its Leftovers!</small><br></div><div class="battle-history"><small>The opposing Golem restored a little HP using its Leftovers!</small><br></div><div class="battle-history"><small>Audino was hurt by its burn!</small><br></div><div class="spacer battle-history"><br></div><h2 class="battle-history">Turn 27</h2><div class="chat chatmessage-iamreallystrong"><strong style="color:hsl(318,58%,46%)"><small> </small><span class="username" data-name="i am really strong">i am really strong</span>:</strong> <em>close</em></div><div class="chat"><small>crixt14 left.</small></div><div class="spacer battle-history"><br></div><div class="battle-history">Audino, come back!<br></div><div class="battle-history">Go! <strong>Avalugg</strong>!<br></div><div class="spacer battle-history"><br></div><div class="battle-history">The opposing Golem used <strong>Stealth Rock</strong>!<br></div><div class="battle-history"><small>Pointed stones float in the air around your team!</small><br></div><div class="spacer battle-history"><br></div><h2 class="battle-history">Turn 28</h2><div class="chat chatmessage-titanman07"><strong style="color:hsl(122,82%,34%)"><small> </small><span class="username" data-name="Titanman07">Titanman07</span>:</strong> <em>turn 25 and still on each team only 1 pokemon has been lost</em></div><div class="chat chatmessage-titanman07"><strong style="color:hsl(122,82%,34%)"><small> </small><span class="username" data-name="Titanman07">Titanman07</span>:</strong> <em>28 now</em></div><div class="spacer battle-history"><br></div><div class="battle-history">Ale Ramone withdrew Golem!<br></div><div class="battle-history">Ale Ramone sent out <strong>Tangela</strong>!<br></div><div class="spacer battle-history"><br></div><div class="battle-history">Avalugg used <strong>Rapid Spin</strong>!<br></div><div class="battle-history"><small>(The opposing Tangela lost <abbr title="−9/334">2.7%</abbr> of its health!)</small><br></div><div class="battle-history"><small>The pointed stones disappeared from around your team!</small><br></div><div class="spacer battle-history"><br></div><h2 class="battle-history">Turn 29</h2><div class="spacer battle-history"><br></div><div class="battle-history">Ale Ramone withdrew Tangela!<br></div><div class="battle-history">Ale Ramone sent out <strong>Swanna</strong>!<br></div><div class="spacer battle-history"><br></div><div class="battle-history">Avalugg used <strong>Toxic</strong>!<br></div><div class="battle-history"><small>The opposing Swanna was badly poisoned!</small><br></div><div class="spacer battle-history"><br></div><div class="battle-history"><small>The opposing Swanna was hurt by poison!</small><br></div><div class="spacer battle-history"><br></div><h2 class="battle-history">Turn 30</h2><div class="spacer battle-history"><br></div><div class="battle-history">Avalugg, come back!<br></div><div class="battle-history">Go! <strong>Audino</strong>!<br></div><div class="spacer battle-history"><br></div><div class="battle-history">The opposing Swanna used <strong>Hurricane</strong>!<br></div><div class="battle-history"><small>(Audino lost <abbr title="−112/410">27.3%</abbr> of its health!)</small><br></div><div class="spacer battle-history"><br></div><div class="battle-history"><small>Audino restored a little HP using its Leftovers!</small><br></div><div class="battle-history"><small>The opposing Swanna was hurt by poison!</small><br></div><div class="battle-history"><small>Audino was hurt by its burn!</small><br></div><div class="spacer battle-history"><br></div><h2 class="battle-history">Turn 31</h2><div class="chat chatmessage-titanman07"><strong style="color:hsl(122,82%,34%)"><small> </small><span class="username" data-name="Titanman07">Titanman07</span>:</strong> <em>calling game gonna go past turn 76</em></div><div class="spacer battle-history"><br></div><div class="battle-history">Ale Ramone withdrew Swanna!<br></div><div class="battle-history">Ale Ramone sent out <strong>Monferno</strong>!<br></div><div class="spacer battle-history"><br></div><div class="battle-history">Audino used <strong>Heal Bell</strong>!<br></div><div class="battle-history"><small>A bell chimed!</small><br></div><div class="battle-history"><small>Audino's burn was healed.</small><br></div><div class="spacer battle-history"><br></div><div class="battle-history"><small>Audino restored a little HP using its Leftovers!</small><br></div><div class="spacer battle-history"><br></div><h2 class="battle-history">Turn 32</h2><div class="spacer battle-history"><br></div><div class="battle-history">Audino used <strong>Protect</strong>!<br></div><div class="battle-history"><small>Audino protected itself!</small><br></div><div class="spacer battle-history"><br></div><div class="battle-history">The opposing Monferno used <strong>Close Combat</strong>!<br></div><div class="battle-history"><small>Audino protected itself!</small><br></div><div class="spacer battle-history"><br></div><div class="battle-history"><small>Audino restored a little HP using its Leftovers!</small><br></div><div class="spacer battle-history"><br></div><h2 class="battle-history">Turn 33</h2><div class="spacer battle-history"><br></div><div class="battle-history">Audino, come back!<br></div><div class="battle-history">Go! <strong>Hippopotas</strong>!<br></div><div class="battle-history"><small>[Hippopotas's Sand Stream]</small><br><small>A sandstorm kicked up!</small><br></div><div class="spacer battle-history"><br></div><div class="battle-history">The opposing Monferno used <strong>U-turn</strong>!<br></div><div class="battle-history"><small>(Hippopotas lost <abbr title="−35/340">10.3%</abbr> of its health!)</small><br></div><div class="chat chatmessage-brawlion"><strong style="color:hsl(236,53%,60.82889947659851%)"><small> </small><span class="username" data-name="Brawlion">Brawlion</span>:</strong> <em>rip</em></div><div class="spacer battle-history"><br></div><div class="battle-history">The opposing Monferno went back to Ale Ramone!<br></div><div class="battle-history">Ale Ramone sent out <strong>Tangela</strong>!<br></div><div class="spacer battle-history"><br></div><div class="battle-history"><small>The sandstorm is raging.</small><br></div><div class="battle-history"><small>The opposing Tangela is buffeted by the sandstorm!</small><br></div><div class="spacer battle-history"><br></div><h2 class="battle-history">Turn 34</h2><div class="spacer battle-history"><br></div><div class="battle-history">Hippopotas, come back!<br></div><div class="battle-history">Go! Audrey Sylvain (<strong>Roselia</strong>)!<br></div><div class="spacer battle-history"><br></div><div class="battle-history">The opposing Tangela used <strong>Sleep Powder</strong>!<br></div><div class="battle-history"><small>It doesn't affect Audrey Sylvain...</small><br></div><div class="spacer battle-history"><br></div><div class="battle-history"><small>The sandstorm is raging.</small><br></div><div class="battle-history"><small>Audrey Sylvain is buffeted by the sandstorm!</small><br></div><div class="battle-history"><small>The opposing Tangela is buffeted by the sandstorm!</small><br></div><div class="spacer battle-history"><br></div><h2 class="battle-history">Turn 35</h2><div class="chat"><small>GaryAjax joined.</small></div><div class="chat chatmessage-maxilafiera"><strong style="color:hsl(167,48%,44.97809512696692%)"><small> </small><span class="username" data-name="MaxiLaFiera">MaxiLaFiera</span>:</strong> <em>EEH</em></div><div class="chat chatmessage-maxilafiera"><strong style="color:hsl(167,48%,44.97809512696692%)"><small> </small><span class="username" data-name="MaxiLaFiera">MaxiLaFiera</span>:</strong> <em>VOLEVI</em></div><div class="spacer battle-history"><br></div><div class="battle-history">Ale Ramone withdrew Tangela!<br></div><div class="battle-history">Ale Ramone sent out <strong>Golem</strong>!<br></div><div class="spacer battle-history"><br></div><div class="battle-history">Audrey Sylvain used <strong>Sludge Bomb</strong>!<br></div><div class="battle-history"><small>It's not very effective...</small><br></div><div class="battle-history"><small>(The opposing Golem lost <abbr title="−19/363">5.2%</abbr> of its health!)</small><br></div><div class="spacer battle-history"><br></div><div class="battle-history"><small>The sandstorm is raging.</small><br></div><div class="battle-history"><small>Audrey Sylvain is buffeted by the sandstorm!</small><br></div><div class="battle-history"><small>The opposing Golem restored a little HP using its Leftovers!</small><br></div><div class="spacer battle-history"><br></div><h2 class="battle-history">Turn 36</h2><div class="spacer battle-history"><br></div><div class="battle-history">Ale Ramone withdrew Golem!<br></div><div class="battle-history">Ale Ramone sent out <strong>Rapidash</strong>!<br></div><div class="spacer battle-history"><br></div><div class="battle-history">Audrey Sylvain used <strong>Giga Drain</strong>!<br></div><div class="battle-history"><small>It's not very effective...</small><br></div><div class="battle-history"><small>(The opposing Rapidash lost <abbr title="−49/271">18.1%</abbr> of its health!)</small><br></div><div class="battle-history"><small>The opposing Rapidash had its energy drained!</small><br></div><div class="spacer battle-history"><br></div><div class="battle-history"><small>The sandstorm is raging.</small><br></div><div class="battle-history"><small>The opposing Rapidash is buffeted by the sandstorm!</small><br></div><div class="battle-history"><small>Audrey Sylvain is buffeted by the sandstorm!</small><br></div><div class="battle-history"><small>The opposing Rapidash restored a little HP using its Leftovers!</small><br></div><div class="spacer battle-history"><br></div><h2 class="battle-history">Turn 37</h2><div class="chat chatmessage-brawlion"><strong style="color:hsl(236,53%,60.82889947659851%)"><small> </small><span class="username" data-name="Brawlion">Brawlion</span>:</strong> <em>guip</em></div><div class="spacer battle-history"><br></div><div class="battle-history">Ale Ramone withdrew Rapidash!<br></div><div class="battle-history">Ale Ramone sent out <strong>Monferno</strong>!<br></div><div class="spacer battle-history"><br></div><div class="battle-history">Audrey Sylvain, come back!<br></div><div class="battle-history">Go! <strong>Hippopotas</strong>!<br></div><div class="spacer battle-history"><br></div><div class="battle-history"><small>The sandstorm subsided.</small><br></div><div class="spacer battle-history"><br></div><h2 class="battle-history">Turn 38</h2><div class="spacer battle-history"><br></div><div class="battle-history">The opposing Monferno used <strong>U-turn</strong>!<br></div><div class="battle-history"><small>(Hippopotas lost <abbr title="−39/340">11.5%</abbr> of its health!)</small><br></div><div class="spacer battle-history"><br></div><div class="battle-history">The opposing Monferno went back to Ale Ramone!<br></div><div class="battle-history">Ale Ramone sent out <strong>Swanna</strong>!<br></div><div class="spacer battle-history"><br></div><div class="battle-history">Hippopotas used <strong>Stealth Rock</strong>!<br></div><div class="battle-history"><small>Pointed stones float in the air around the opposing team!</small><br></div><div class="spacer battle-history"><br></div><div class="battle-history"><small>The opposing Swanna was hurt by poison!</small><br></div><div class="spacer battle-history"><br></div><h2 class="battle-history">Turn 39</h2><div class="chat"><small>ArcherTippani joined.</small></div><div class="spacer battle-history"><br></div><div class="battle-history">The opposing Swanna used <strong>Defog</strong>!<br></div><div class="battle-history"><small>Hippopotas's evasiveness fell!</small><br></div><div class="battle-history"><small>The pointed stones disappeared from around the opposing team!</small><br></div><div class="spacer battle-history"><br></div><div class="battle-history">Hippopotas used <strong>Earthquake</strong>!<br></div><div class="battle-history"><small>It doesn't affect the opposing Swanna...</small><br></div><div class="spacer battle-history"><br></div><div class="battle-history"><small>The opposing Swanna was hurt by poison!</small><br></div><div class="spacer battle-history"><br></div><h2 class="battle-history">Turn 40</h2><div class="spacer battle-history"><br></div><div class="battle-history">Hippopotas, come back!<br></div><div class="battle-history">Go! <strong>Audino</strong>!<br></div><div class="spacer battle-history"><br></div><div class="battle-history">The opposing Swanna used <strong>Roost</strong>!<br></div><div class="battle-history"><small>The opposing Swanna restored its HP.</small><br></div><div class="spacer battle-history"><br></div><div class="battle-history"><small>The opposing Swanna was hurt by poison!</small><br></div><div class="spacer battle-history"><br></div><h2 class="battle-history">Turn 41</h2><div class="spacer battle-history"><br></div><div class="battle-history">Ale Ramone withdrew Swanna!<br></div><div class="battle-history">Ale Ramone sent out <strong>Rapidash</strong>!<br></div><div class="spacer battle-history"><br></div><div class="battle-history">Audino used <strong>Wish</strong>!<br></div><div class="spacer battle-history"><br></div><div class="battle-history"><small>The opposing Rapidash restored a little HP using its Leftovers!</small><br></div><div class="spacer battle-history"><br></div><h2 class="battle-history">Turn 42</h2><div class="chat chatmessage-archertippani"><strong style="color:hsl(216,43%,52.264825767104554%)"><small> </small><span class="username" data-name="ArcherTippani">ArcherTippani</span>:</strong> <em>40 turns... Damn</em></div><div class="spacer battle-history"><br></div><div class="battle-history">The opposing Rapidash used <strong>Flare Blitz</strong>!<br></div><div class="battle-history"><small>(Audino lost <abbr title="−192/410">46.8%</abbr> of its health!)</small><br></div><div class="battle-history"><small>The opposing Rapidash is damaged by the recoil!</small><br></div><div class="spacer battle-history"><br></div><div class="battle-history">Audino used <strong>Knock Off</strong>!<br></div><div class="battle-history"><small>(The opposing Rapidash lost <abbr title="−62/271">22.9%</abbr> of its health!)</small><br></div><div class="battle-history"><small>Audino knocked off the opposing Rapidash's Leftovers!</small><br></div><div class="spacer battle-history"><br></div><div class="battle-history"><small>Audino's wish came true!</small><br></div><div class="spacer battle-history"><br></div><h2 class="battle-history">Turn 43</h2><div class="chat chatmessage-maxilafiera"><strong style="color:hsl(167,48%,44.97809512696692%)"><small> </small><span class="username" data-name="MaxiLaFiera">MaxiLaFiera</span>:</strong> <em>why he used earthquake omg</em></div><div class="chat chatmessage-brawlion"><strong style="color:hsl(236,53%,60.82889947659851%)"><small> </small><span class="username" data-name="Brawlion">Brawlion</span>:</strong> <em>they are stalling</em></div><div class="spacer battle-history"><br></div><div class="battle-history">The opposing Rapidash used <strong>Morning Sun</strong>!<br></div><div class="battle-history"><small>The opposing Rapidash restored its HP.</small><br></div><div class="spacer battle-history"><br></div><div class="battle-history">Audino used <strong>Wish</strong>!<br></div><div class="spacer battle-history"><br></div><h2 class="battle-history">Turn 44</h2><div class="chat chatmessage-iamreallystrong"><strong style="color:hsl(318,58%,46%)"><small> </small><span class="username" data-name="i am really strong">i am really strong</span>:</strong> <em>and the game started with 2 kills ...</em></div><div class="chat"><small>TheShiningEspeon left.</small></div><div class="chat chatmessage-titanman07"><strong style="color:hsl(122,82%,34%)"><small> </small><span class="username" data-name="Titanman07">Titanman07</span>:</strong> <em>still only one gone from each team</em></div><div class="spacer battle-history"><br></div><div class="battle-history">Audino, come back!<br></div><div class="battle-history">Go! <strong>Hippopotas</strong>!<br></div><div class="battle-history"><small>[Hippopotas's Sand Stream]</small><br><small>A sandstorm kicked up!</small><br></div><div class="spacer battle-history"><br></div><div class="battle-history">The opposing Rapidash used <strong>Flare Blitz</strong>!<br></div><div class="battle-history"><small>(Hippopotas lost <abbr title="−103/340">30.3%</abbr> of its health!)</small><br></div><div class="battle-history"><small>The opposing Rapidash is damaged by the recoil!</small><br></div><div class="spacer battle-history"><br></div><div class="battle-history"><small>The sandstorm is raging.</small><br></div><div class="battle-history"><small>The opposing Rapidash is buffeted by the sandstorm!</small><br></div><div class="battle-history"><small>Audino's wish came true!</small><br></div><div class="spacer battle-history"><br></div><h2 class="battle-history">Turn 45</h2><div class="chat"><small>Kill Bill Pandey joined.</small></div><div class="chat"><small>IcE BraaNd joined.</small></div><div class="spacer battle-history"><br></div><div class="battle-history">Ale Ramone withdrew Rapidash!<br></div><div class="battle-history">Ale Ramone sent out <strong>Swanna</strong>!<br></div><div class="spacer battle-history"><br></div><div class="battle-history">Hippopotas, come back!<br></div><div class="battle-history">Go! <strong>Stoutland</strong>!<br></div><div class="spacer battle-history"><br></div><div class="battle-history"><small>The sandstorm is raging.</small><br></div><div class="battle-history"><small>The opposing Swanna is buffeted by the sandstorm!</small><br></div><div class="battle-history"><small>The opposing Swanna was hurt by poison!</small><br></div><div class="spacer battle-history"><br></div><h2 class="battle-history">Turn 46</h2><div class="spacer battle-history"><br></div><div class="battle-history">Ale Ramone withdrew Swanna!<br></div><div class="battle-history">Ale Ramone sent out <strong>Golem</strong>!<br></div><div class="spacer battle-history"><br></div><div class="battle-history">Stoutland used <strong>Superpower</strong>!<br></div><div class="battle-history"><small>It's super effective!</small><br></div><div class="battle-history"><small>(The opposing Golem lost <abbr title="−306/363">84.3%</abbr> of its health!)</small><br></div><div class="battle-history"><small>Stoutland's Attack fell!</small><br></div><div class="battle-history"><small>Stoutland's Defense fell!</small><br></div><div class="spacer battle-history"><br></div><div class="battle-history"><small>The sandstorm is raging.</small><br></div><div class="battle-history"><small>The opposing Golem restored a little HP using its Leftovers!</small><br></div><div class="spacer battle-history"><br></div><h2 class="battle-history">Turn 47</h2><div class="chat chatmessage-brawlion"><strong style="color:hsl(236,53%,60.82889947659851%)"><small> </small><span class="username" data-name="Brawlion">Brawlion</span>:</strong> <em>i think they are waiting for one of them to forfeit</em></div><div class="chat"><small>3100Twentiee joined.</small></div><div class="chat chatmessage-iamreallystrong"><strong style="color:hsl(318,58%,46%)"><small> </small><span class="username" data-name="i am really strong">i am really strong</span>:</strong> <em>not bad</em></div><div class="chat"><small>Pavelimus joined.</small></div><div class="spacer battle-history"><br></div><div class="battle-history">Ale Ramone withdrew Golem!<br></div><div class="battle-history">Ale Ramone sent out <strong>Tangela</strong>!<br></div><div class="spacer battle-history"><br></div><div class="battle-history">Stoutland used <strong>Superpower</strong>!<br></div><div class="battle-history"><small>(The opposing Tangela lost <abbr title="−57/334">17.1%</abbr> of its health!)</small><br></div><div class="battle-history"><small>Stoutland's Attack fell!</small><br></div><div class="battle-history"><small>Stoutland's Defense fell!</small><br></div><div class="spacer battle-history"><br></div><div class="battle-history"><small>The sandstorm is raging.</small><br></div><div class="battle-history"><small>The opposing Tangela is buffeted by the sandstorm!</small><br></div><div class="spacer battle-history"><br></div><h2 class="battle-history">Turn 48</h2><div class="chat chatmessage-archertippani"><strong style="color:hsl(216,43%,52.264825767104554%)"><small> </small><span class="username" data-name="ArcherTippani">ArcherTippani</span>:</strong> <em>Probably</em></div><div class="spacer battle-history"><br></div><div class="battle-history">Stoutland, come back!<br></div><div class="battle-history">Go! Audrey Sylvain (<strong>Roselia</strong>)!<br></div><div class="spacer battle-history"><br></div><div class="battle-history">Ale Ramone withdrew Tangela!<br></div><div class="battle-history">Ale Ramone sent out <strong>Rapidash</strong>!<br></div><div class="spacer battle-history"><br></div><div class="battle-history"><small>The sandstorm subsided.</small><br></div><div class="spacer battle-history"><br></div><h2 class="battle-history">Turn 49</h2><div class="spacer battle-history"><br></div><div class="battle-history">Audrey Sylvain, come back!<br></div><div class="battle-history">Go! <strong>Hippopotas</strong>!<br></div><div class="battle-history"><small>[Hippopotas's Sand Stream]</small><br><small>A sandstorm kicked up!</small><br></div><div class="spacer battle-history"><br></div><div class="battle-history">The opposing Rapidash used <strong>Flare Blitz</strong>!<br></div><div class="battle-history"><small>(Hippopotas lost <abbr title="−100/340">29.4%</abbr> of its health!)</small><br></div><div class="battle-history"><small>The opposing Rapidash is damaged by the recoil!</small><br></div><div class="spacer battle-history"><br></div><div class="battle-history"><small>The sandstorm is raging.</small><br></div><div class="battle-history"><small>The opposing Rapidash is buffeted by the sandstorm!</small><br></div><div class="spacer battle-history"><br></div><h2 class="battle-history">Turn 50</h2><div class="spacer battle-history"><br></div><div class="battle-history">Ale Ramone withdrew Rapidash!<br></div><div class="battle-history">Ale Ramone sent out <strong>Swanna</strong>!<br></div><div class="spacer battle-history"><br></div><div class="battle-history">Hippopotas used <strong>Stealth Rock</strong>!<br></div><div class="battle-history"><small>Pointed stones float in the air around the opposing team!</small><br></div><div class="spacer battle-history"><br></div><div class="battle-history"><small>The sandstorm is raging.</small><br></div><div class="battle-history"><small>The opposing Swanna is buffeted by the sandstorm!</small><br></div><div class="battle-history"><small>The opposing Swanna was hurt by poison!</small><br></div><div class="spacer battle-history"><br></div><h2 class="battle-history">Turn 51</h2><div class="chat"><small>Rissin joined.</small></div><div class="chat chatmessage-brawlion"><strong style="color:hsl(236,53%,60.82889947659851%)"><small> </small><span class="username" data-name="Brawlion">Brawlion</span>:</strong> <em>lol</em></div><div class="chat chatmessage-aleramone"><strong style="color:hsl(222,74%,53.34763920614762%)"><small>☆</small><span class="username" data-name="Ale Ramone">Ale Ramone</span>:</strong> <em>gg man, i can't win</em></div><div class="chat chatmessage-brawlion"><strong style="color:hsl(236,53%,60.82889947659851%)"><small> </small><span class="username" data-name="Brawlion">Brawlion</span>:</strong> <em>stop stall</em></div><div class="chat chatmessage-geagearg"><strong style="color:hsl(168,79%,35.901908042497055%)"><small>☆</small><span class="username" data-name="geagearg">geagearg</span>:</strong> <em>gg</em></div><div class="spacer battle-history"><br></div><div class="battle-history">Hippopotas, come back!<br></div><div class="battle-history">Go! <strong>Audino</strong>!<br></div><div class="spacer battle-history"><br></div><div class="battle-history">The opposing Swanna used <strong>Defog</strong>!<br></div><div class="battle-history"><small>Audino's evasiveness fell!</small><br></div><div class="battle-history"><small>The pointed stones disappeared from around the opposing team!</small><br></div><div class="spacer battle-history"><br></div><div class="battle-history"><small>The sandstorm is raging.</small><br></div><div class="battle-history"><small>The opposing Swanna is buffeted by the sandstorm!</small><br></div><div class="battle-history"><small>Audino is buffeted by the sandstorm!</small><br></div><div class="battle-history"><small>Audino restored a little HP using its Leftovers!</small><br></div><div class="battle-history"><small>The opposing Swanna was hurt by poison!</small><br></div><div class="spacer battle-history"><br></div><h2 class="battle-history">Turn 52</h2><div class="spacer battle-history"><br></div><div class="battle-history">Audino, come back!<br></div><div class="battle-history">Go! <strong>Stoutland</strong>!<br></div><div class="spacer battle-history"><br></div><div class="battle-history">The opposing Swanna used <strong>Roost</strong>!<br></div><div class="battle-history"><small>The opposing Swanna restored its HP.</small><br></div><div class="spacer battle-history"><br></div><div class="battle-history"><small>The sandstorm is raging.</small><br></div><div class="battle-history"><small>The opposing Swanna is buffeted by the sandstorm!</small><br></div><div class="battle-history"><small>The opposing Swanna was hurt by poison!</small><br></div><div class="spacer battle-history"><br></div><h2 class="battle-history">Turn 53</h2><div class="spacer battle-history"><br></div><div class="battle-history">Ale Ramone withdrew Swanna!<br></div><div class="battle-history">Ale Ramone sent out <strong>Tangela</strong>!<br></div><div class="spacer battle-history"><br></div><div class="battle-history">Stoutland used <strong>Return</strong>!<br></div><div class="battle-history"><small>(The opposing Tangela lost <abbr title="−111/334">33.2%</abbr> of its health!)</small><br></div><div class="spacer battle-history"><br></div><div class="battle-history"><small>The sandstorm subsided.</small><br></div><div class="spacer battle-history"><br></div><h2 class="battle-history">Turn 54</h2><div class="chat"><small>LopsyDopsy joined.</small></div><div class="spacer battle-history"><br></div><div class="battle-history">Stoutland, come back!<br></div><div class="battle-history">Go! Audrey Sylvain (<strong>Roselia</strong>)!<br></div><div class="spacer battle-history"><br></div><div class="battle-history">The opposing Tangela used <strong>Hidden Power</strong>!<br></div><div class="battle-history"><small>It's super effective!</small><br></div><div class="battle-history"><small>(Audrey Sylvain lost <abbr title="−72/303">23.8%</abbr> of its health!)</small><br></div><div class="spacer battle-history"><br></div><h2 class="battle-history">Turn 55</h2><div class="chat chatmessage-brawlion"><strong style="color:hsl(236,53%,60.82889947659851%)"><small> </small><span class="username" data-name="Brawlion">Brawlion</span>:</strong> <em>well</em></div><div class="chat chatmessage-iamreallystrong"><strong style="color:hsl(318,58%,46%)"><small> </small><span class="username" data-name="i am really strong">i am really strong</span>:</strong> <em>this tangela</em></div><div class="chat chatmessage-geagearg"><strong style="color:hsl(168,79%,35.901908042497055%)"><small>☆</small><span class="username" data-name="geagearg">geagearg</span>:</strong> <em>Tangela is crazy</em></div><div class="chat chatmessage-lopsydopsy"><strong style="color:hsl(90,44%,43%)"><small> </small><span class="username" data-name="LopsyDopsy">LopsyDopsy</span>:</strong> <em>lmao</em></div><div class="spacer battle-history"><br></div><div class="battle-history">Audrey Sylvain used <strong>Sludge Bomb</strong>!<br></div><div class="battle-history"><small>It's super effective!</small><br></div><div class="battle-history"><small>(The opposing Tangela lost <abbr title="−223/334">66.8%</abbr> of its health!)</small><br></div><div class="spacer battle-history"><br></div><div class="battle-history">The opposing Tangela fainted!<br></div><div class="chat chatmessage-brawlion"><strong style="color:hsl(236,53%,60.82889947659851%)"><small> </small><span class="username" data-name="Brawlion">Brawlion</span>:</strong> <em>rip finally</em></div><div class="spacer battle-history"><br></div><div class="battle-history">Ale Ramone sent out <strong>Rapidash</strong>!<br></div><div class="spacer battle-history"><br></div><h2 class="battle-history">Turn 56</h2><div class="chat chatmessage-iamreallystrong"><strong style="color:hsl(318,58%,46%)"><small> </small><span class="username" data-name="i am really strong">i am really strong</span>:</strong> <em>gg</em></div><div class="spacer battle-history"><br></div><div class="battle-history">Audrey Sylvain, come back!<br></div><div class="battle-history">Go! <strong>Audino</strong>!<br></div><div class="spacer battle-history"><br></div><div class="battle-history">The opposing Rapidash used <strong>Flare Blitz</strong>!<br></div><div class="battle-history"><small>(Audino lost <abbr title="−201/410">49.0%</abbr> of its health!)</small><br></div><div class="battle-history"><small>The opposing Rapidash is damaged by the recoil!</small><br></div><div class="spacer battle-history"><br></div><div class="battle-history"><small>Audino restored a little HP using its Leftovers!</small><br></div><div class="spacer battle-history"><br></div><h2 class="battle-history">Turn 57</h2><div class="chat"><small>Complexities ❤ joined.</small></div><div class="chat chatmessage-archertippani"><strong style="color:hsl(216,43%,52.264825767104554%)"><small> </small><span class="username" data-name="ArcherTippani">ArcherTippani</span>:</strong> <em>Tangrowth is a good mon, in my opinion. It's pretty bulky and has a neat design.</em></div><div class="spacer battle-history"><br></div><div class="battle-history">Audino, come back!<br></div><div class="battle-history">Go! <strong>Hippopotas</strong>!<br></div><div class="battle-history"><small>[Hippopotas's Sand Stream]</small><br><small>A sandstorm kicked up!</small><br></div><div class="spacer battle-history"><br></div><div class="battle-history">The opposing Rapidash used <strong>Flare Blitz</strong>!<br></div><div class="battle-history"><small>(Hippopotas lost <abbr title="−109/340">32.1%</abbr> of its health!)</small><br></div><div class="battle-history"><small>The opposing Rapidash is damaged by the recoil!</small><br></div><div class="spacer battle-history"><br></div><div class="battle-history"><small>The sandstorm is raging.</small><br></div><div class="battle-history"><small>The opposing Rapidash is buffeted by the sandstorm!</small><br></div><div class="spacer battle-history"><br></div><div class="battle-history">The opposing Rapidash fainted!<br></div><div class="chat chatmessage-brawlion"><strong style="color:hsl(236,53%,60.82889947659851%)"><small> </small><span class="username" data-name="Brawlion">Brawlion</span>:</strong> <em>lol</em></div><div class="chat chatmessage-brawlion"><strong style="color:hsl(236,53%,60.82889947659851%)"><small> </small><span class="username" data-name="Brawlion">Brawlion</span>:</strong> <em>3 mons ded</em></div><div class="spacer battle-history"><br></div><div class="battle-history">Ale Ramone sent out <strong>Swanna</strong>!<br></div><div class="spacer battle-history"><br></div><h2 class="battle-history">Turn 58</h2><div class="chat chatmessage-iamreallystrong"><strong style="color:hsl(318,58%,46%)"><small> </small><span class="username" data-name="i am really strong">i am really strong</span>:</strong> <em>tangroth is ou</em></div><div class="chat"><small>LopsyDopsy left.</small></div><div class="chat chatmessage-titanman07"><strong style="color:hsl(122,82%,34%)"><small> </small><span class="username" data-name="Titanman07">Titanman07</span>:</strong> <em>i have faith in you ale</em></div><div class="chat chatmessage-aleramone"><strong style="color:hsl(222,74%,53.34763920614762%)"><small>☆</small><span class="username" data-name="Ale Ramone">Ale Ramone</span>:</strong> <em>you could have played with 5 mons</em></div><div class="chat chatmessage-brawlion"><strong style="color:hsl(236,53%,60.82889947659851%)"><small> </small><span class="username" data-name="Brawlion">Brawlion</span>:</strong> <em>go ale</em></div><div class="chat"><small>IcE BraaNd left.</small></div><div class="spacer battle-history"><br></div><div class="battle-history">The opposing Swanna used <strong>Scald</strong>!<br></div><div class="battle-history"><small>It's super effective!</small><br></div><div class="battle-history"><small>(Hippopotas lost <abbr title="−131/340">38.5%</abbr> of its health!)</small><br></div><div class="spacer battle-history"><br></div><div class="battle-history">Hippopotas fainted!<br></div><div class="spacer battle-history"><br></div><div class="battle-history"><small>The sandstorm is raging.</small><br></div><div class="battle-history"><small>The opposing Swanna is buffeted by the sandstorm!</small><br></div><div class="battle-history"><small>The opposing Swanna was hurt by poison!</small><br></div><div class="spacer battle-history"><br></div><div class="battle-history">Go! <strong>Stoutland</strong>!<br></div><div class="spacer battle-history"><br></div><h2 class="battle-history">Turn 59</h2><div class="chat"><small>Angel de Cabinet joined.</small></div><div class="spacer battle-history"><br></div><div class="battle-history">Stoutland used <strong>Return</strong>!<br></div><div class="battle-history"><small>(The opposing Swanna lost <abbr title="−100/291">34.4%</abbr> of its health!)</small><br></div><div class="spacer battle-history"><br></div><div class="battle-history">The opposing Swanna fainted!<br></div><div class="spacer battle-history"><br></div><div class="battle-history"><small>The sandstorm is raging.</small><br></div><div class="chat"><small>ShinyKingHatchiko joined.</small></div><div class="spacer battle-history"><br></div><div class="battle-history">Ale Ramone sent out <strong>Golem</strong>!<br></div><div class="spacer battle-history"><br></div><h2 class="battle-history">Turn 60</h2><div class="spacer battle-history"><br></div><div class="battle-history">The opposing Golem used <strong>Sucker Punch</strong>!<br></div><div class="battle-history"><small>(Stoutland lost <abbr title="−96/311">30.9%</abbr> of its health!)</small><br></div><div class="spacer battle-history"><br></div><div class="battle-history">Stoutland used <strong>Return</strong>!<br></div><div class="battle-history"><small>It's not very effective...</small><br></div><div class="battle-history"><small>(The opposing Golem lost <abbr title="−79/363">21.8%</abbr> of its health!)</small><br></div><div class="spacer battle-history"><br></div><div class="battle-history">The opposing Golem fainted!<br></div><div class="spacer battle-history"><br></div><div class="battle-history"><small>The sandstorm is raging.</small><br></div><div class="chat chatmessage-iamreallystrong"><strong style="color:hsl(318,58%,46%)"><small> </small><span class="username" data-name="i am really strong">i am really strong</span>:</strong> <em>return to hell</em></div><div class="spacer battle-history"><br></div><div class="battle-history">Ale Ramone sent out <strong>Monferno</strong>!<br></div><div class="spacer battle-history"><br></div><h2 class="battle-history">Turn 61</h2><div class="chat chatmessage-brawlion"><strong style="color:hsl(236,53%,60.82889947659851%)"><small> </small><span class="username" data-name="Brawlion">Brawlion</span>:</strong> <em>rip</em></div><div class="spacer battle-history"><br></div><div class="battle-history">The opposing Monferno used <strong>Mach Punch</strong>!<br></div><div class="battle-history"><small>It's super effective!</small><br></div><div class="battle-history"><small>(Stoutland lost <abbr title="−114/311">36.7%</abbr> of its health!)</small><br></div><div class="spacer battle-history"><br></div><div class="battle-history">Stoutland fainted!<br></div><div class="spacer battle-history"><br></div><div class="battle-history"><small>The sandstorm subsided.</small><br></div><div class="chat"><small>Angel de Cabinet left.</small></div><div class="chat chatmessage-harukanakamaru"><strong style="color:hsl(96,62%,39%)"><small> </small><span class="username" data-name="Haruka Nakamaru">Haruka Nakamaru</span>:</strong> <em>gg</em></div><div class="spacer battle-history"><br></div><div class="battle-history">Go! <strong>Avalugg</strong>!<br></div><div class="spacer battle-history"><br></div><h2 class="battle-history">Turn 62</h2><div class="chat chatmessage-iamreallystrong"><strong style="color:hsl(318,58%,46%)"><small> </small><span class="username" data-name="i am really strong">i am really strong</span>:</strong> <em>quake</em></div><div class="spacer battle-history"><br></div><div class="battle-history">The opposing Monferno used <strong>Close Combat</strong>!<br></div><div class="battle-history"><small>It's super effective!</small><br></div><div class="battle-history"><small>(Avalugg lost <abbr title="−152/394">38.6%</abbr> of its health!)</small><br></div><div class="battle-history"><small>The opposing Monferno's Defense fell!</small><br></div><div class="battle-history"><small>The opposing Monferno's Special Defense fell!</small><br></div><div class="spacer battle-history"><br></div><div class="battle-history">Avalugg used <strong>Avalanche</strong>!<br></div><div class="battle-history"><small>It's not very effective...</small><br></div><div class="battle-history"><small>(The opposing Monferno lost <abbr title="−86/269">32.0%</abbr> of its health!)</small><br></div><div class="spacer battle-history"><br></div><div class="battle-history">The opposing Monferno fainted!<br></div><div class="spacer battle-history"><br></div><div class="battle-history"><strong>geagearg</strong> won the battle!<br></div><div class="chat"><small>Pavelimus left.</small></div><div class="chat chatmessage-geagearg"><strong style="color:hsl(168,79%,35.901908042497055%)"><small>☆</small><span class="username" data-name="geagearg">geagearg</span>:</strong> <em>gg</em></div><div class="chat chatmessage-aleramone"><strong style="color:hsl(222,74%,53.34763920614762%)"><small>☆</small><span class="username" data-name="Ale Ramone">Ale Ramone</span>:</strong> <em>gg</em></div><div class="chat"><small>Haruka Nakamaru left.</small></div><div class="chat"><small>leo05051998 left.</small></div><div class="chat"><small>Brawlion left.</small></div><div class="chat"><small>CC) Ranger Arthur left.</small></div><div class="chat"><small>3100Twentiee left.</small></div><div class="chat"><small>Jewelia left.</small></div><div class="chat"><small>AstralLethal left.</small></div><div class="chat"><small>Titanman07 left.</small></div><div class="chat"><small>Ale Ramone left.</small></div><div class="chat"><small>Blitzburgh left.</small></div><div class="chat"><small>ShinyKingHatchiko left.</small></div><div class="chat"><small>geagearg left.</small></div><div class="chat"><small>Me and my bucket left.</small></div><div class="chat"><small>Zekrom2413 left.</small></div><div class="chat"><small>TallLeprechaunn left.</small></div><div class="chat"><small>MaxiLaFiera left.</small></div><div class="chat"><small>geagearg joined.</small></div><div class="chat"><small>i am really strong left.</small></div></div><div class="inner-preempt"></div></div></div>
</div>
<script>
let daily = Math.floor(Date.now()/1000/60/60/24);document.write('<script src="https://play.pokemonshowdown.com/js/replay-embed.js?version'+daily+'"></'+'script>');
</script>
