<!DOCTYPE html>
<meta charset="utf-8" />
<!-- version 1 -->
<title>PU replay: ShuckleDeath vs. RawMelon</title>
<style>
html,body {font-family:Verdana, sans-serif;font-size:10pt;margin:0;padding:0;}body{padding:12px 0;} .battle-log {font-family:Verdana, sans-serif;font-size:10pt;} .battle-log-inline {border:1px solid #AAAAAA;background:#EEF2F5;color:black;max-width:640px;margin:0 auto 80px;padding-bottom:5px;} .battle-log .inner {padding:4px 8px 0px 8px;} .battle-log .inner-preempt {padding:0 8px 4px 8px;} .battle-log .inner-after {margin-top:0.5em;} .battle-log h2 {margin:0.5em -8px;padding:4px 8px;border:1px solid #AAAAAA;background:#E0E7EA;border-left:0;border-right:0;font-family:Verdana, sans-serif;font-size:13pt;} .battle-log .chat {vertical-align:middle;padding:3px 0 3px 0;font-size:8pt;} .battle-log .chat strong {color:#40576A;} .battle-log .chat em {padding:1px 4px 1px 3px;color:#000000;font-style:normal;} .chat.mine {background:rgba(0,0,0,0.05);margin-left:-8px;margin-right:-8px;padding-left:8px;padding-right:8px;} .spoiler {color:#BBBBBB;background:#BBBBBB;padding:0px 3px;} .spoiler:hover, .spoiler:active, .spoiler-shown {color:#000000;background:#E2E2E2;padding:0px 3px;} .spoiler a {color:#BBBBBB;} .spoiler:hover a, .spoiler:active a, .spoiler-shown a {color:#2288CC;} .chat code, .chat .spoiler:hover code, .chat .spoiler:active code, .chat .spoiler-shown code {border:1px solid #C0C0C0;background:#EEEEEE;color:black;padding:0 2px;} .chat .spoiler code {border:1px solid #CCCCCC;background:#CCCCCC;color:#CCCCCC;} .battle-log .rated {padding:3px 4px;} .battle-log .rated strong {color:white;background:#89A;padding:1px 4px;border-radius:4px;} .spacer {margin-top:0.5em;} .message-announce {background:#6688AA;color:white;padding:1px 4px 2px;} .message-announce a, .broadcast-green a, .broadcast-blue a, .broadcast-red a {color:#DDEEFF;} .broadcast-green {background-color:#559955;color:white;padding:2px 4px;} .broadcast-blue {background-color:#6688AA;color:white;padding:2px 4px;} .infobox {border:1px solid #6688AA;padding:2px 4px;} .infobox-limited {max-height:200px;overflow:auto;overflow-x:hidden;} .broadcast-red {background-color:#AA5544;color:white;padding:2px 4px;} .message-learn-canlearn {font-weight:bold;color:#228822;text-decoration:underline;} .message-learn-cannotlearn {font-weight:bold;color:#CC2222;text-decoration:underline;} .message-effect-weak {font-weight:bold;color:#CC2222;} .message-effect-resist {font-weight:bold;color:#6688AA;} .message-effect-immune {font-weight:bold;color:#666666;} .message-learn-list {margin-top:0;margin-bottom:0;} .message-throttle-notice, .message-error {color:#992222;} .message-overflow, .chat small.message-overflow {font-size:0pt;} .message-overflow::before {font-size:9pt;content:'...';} .subtle {color:#3A4A66;}
</style>
<div class="wrapper replay-wrapper" style="max-width:1180px;margin:0 auto">
<input type="hidden" name="replayid" value="pu-560945038" />
<div class="battle"></div><div class="battle-log"></div><div class="replay-controls"></div><div class="replay-controls-2"></div>
<h1 style="font-weight:normal;text-align:center"><strong>PU</strong><br /><a href="http://pokemonshowdown.com/users/shuckledeath" class="subtle" target="_blank">ShuckleDeath</a> vs. <a href="http://pokemonshowdown.com/users/rawmelon" class="subtle" target="_blank">RawMelon</a></h1>
<script type="text/plain" class="battle-log-data">|j|ShuckleDeath
|j|RawMelon
|player|p1|ShuckleDeath|58
|player|p2|RawMelon|154
|gametype|singles
|gen|6
|tier|PU
|seed|14714,52422,28392,5448
|rule|Sleep Clause Mod: Limit one foe put to sleep
|rule|Species Clause: Limit one of each Pokémon
|rule|OHKO Clause: OHKO moves are banned
|rule|Moody Clause: Moody is banned
|rule|Evasion Moves Clause: Evasion moves are banned
|rule|Endless Battle Clause: Forcing endless battles is banned
|rule|HP Percentage Mod: HP is shown in percentages
|clearpoke
|poke|p1|Muk, M|item
|poke|p1|Beheeyem, F|item
|poke|p1|Vibrava, M|item
|poke|p1|Probopass, M|item
|poke|p1|Monferno, M|item
|poke|p1|Leafeon, M|item
|poke|p2|Gabite, M|item
|poke|p2|Tentacool, M|item
|poke|p2|Pawniard, F|item
|poke|p2|Articuno|item
|poke|p2|Zebstrika, F|item
|poke|p2|Ursaring, F|item
|rule|Swagger Clause: Swagger is banned
|rule|Baton Pass Clause: Limit one Baton Passer, can't pass Spe and other stats simultaneously
|teampreview
|c|☆RawMelon|hf
|c|☆ShuckleDeath|same
|choice|team 5, team 2, team 3, team 4, team 1, team 6|team 5, team 2, team 3, team 4, team 1, team 6
|
|start
|switch|p1a: Monferno|Monferno, M|269\/269
|switch|p2a: Zebstrika|Zebstrika, F|291\/291
|turn|1
|choice|move closecombat|move voltswitch
|
|move|p2a: Zebstrika|Volt Switch|p1a: Monferno
|-damage|p1a: Monferno|125\/269
|-damage|p2a: Zebstrika|262\/291|[from] item: Life Orb
|choice||switch 5
|
|switch|p2a: Gabite|Gabite, M|277\/277
|move|p1a: Monferno|Close Combat|p2a: Gabite
|-damage|p2a: Gabite|114\/277
|-damage|p1a: Monferno|92\/269|[from] ability: Rough Skin|[of] p2a: Gabite
|-unboost|p1a: Monferno|def|1
|-unboost|p1a: Monferno|spd|1
|
|upkeep
|turn|2
|choice|switch 4|move dragonclaw
|
|switch|p1a: Probopass|Probopass, M|273\/273
|-item|p1a: Probopass|Air Balloon
|move|p2a: Gabite|Dragon Claw|p1a: Probopass
|-resisted|p1a: Probopass
|-damage|p1a: Probopass|231\/273
|-enditem|p1a: Probopass|Air Balloon
|
|upkeep
|turn|3
|choice|switch 2|move stealthrock
|
|switch|p1a: Beheeyem|Beheeyem, F|353\/353
|move|p2a: Gabite|Stealth Rock|p1a: Beheeyem
|-sidestart|p1: ShuckleDeath|move: Stealth Rock
|
|upkeep
|turn|4
|choice|move psyshock|switch 6
|
|switch|p2a: Ursaring|Ursaring, F|383\/383
|move|p1a: Beheeyem|Psyshock|p2a: Ursaring
|-damage|p2a: Ursaring|199\/383
|
|-heal|p2a: Ursaring|222\/383|[from] item: Leftovers
|upkeep
|turn|5
|choice|move calmmind|move bulkup
|
|move|p2a: Ursaring|Bulk Up|p2a: Ursaring
|-boost|p2a: Ursaring|atk|1
|-boost|p2a: Ursaring|def|1
|move|p1a: Beheeyem|Calm Mind|p1a: Beheeyem
|-boost|p1a: Beheeyem|spa|1
|-boost|p1a: Beheeyem|spd|1
|
|-heal|p2a: Ursaring|245\/383|[from] item: Leftovers
|upkeep
|turn|6
|choice|move calmmind|move frustration
|
|move|p2a: Ursaring|Frustration|p1a: Beheeyem
|-crit|p1a: Beheeyem
|-damage|p1a: Beheeyem|41\/353
|move|p1a: Beheeyem|Calm Mind|p1a: Beheeyem
|-boost|p1a: Beheeyem|spa|1
|-boost|p1a: Beheeyem|spd|1
|
|-heal|p2a: Ursaring|268\/383|[from] item: Leftovers
|-heal|p1a: Beheeyem|63\/353|[from] item: Leftovers
|upkeep
|turn|7
|c|☆RawMelon|sry
|c|☆ShuckleDeath|y u cheating
|choice|switch 2|move frustration
|
|switch|p1a: Probopass|Probopass, M|231\/273
|-damage|p1a: Probopass|214\/273|[from] Stealth Rock
|move|p2a: Ursaring|Frustration|p1a: Probopass
|-resisted|p1a: Probopass
|-damage|p1a: Probopass|172\/273
|
|-heal|p2a: Ursaring|291\/383|[from] item: Leftovers
|upkeep
|turn|8
|c|☆RawMelon|it did 60+ though tbh
|choice|move flashcannon|move frustration
|
|move|p1a: Probopass|Flash Cannon|p2a: Ursaring
|-damage|p2a: Ursaring|198\/383
|move|p2a: Ursaring|Frustration|p1a: Probopass
|-resisted|p1a: Probopass
|-damage|p1a: Probopass|130\/273
|
|-heal|p2a: Ursaring|221\/383|[from] item: Leftovers
|upkeep
|turn|9
|choice|move flashcannon|move frustration
|
|move|p1a: Probopass|Flash Cannon|p2a: Ursaring
|-damage|p2a: Ursaring|131\/383
|move|p2a: Ursaring|Frustration|p1a: Probopass
|-resisted|p1a: Probopass
|-damage|p1a: Probopass|88\/273
|
|-heal|p2a: Ursaring|154\/383|[from] item: Leftovers
|upkeep
|turn|10
|choice|move voltswitch|move rest
|
|move|p1a: Probopass|Volt Switch|p2a: Ursaring
|-damage|p2a: Ursaring|97\/383
|choice|switch 3|
|
|switch|p1a: Vibrava|Vibrava, M|303\/303
|-damage|p1a: Vibrava|285\/303|[from] Stealth Rock
|move|p2a: Ursaring|Rest|p2a: Ursaring
|-status|p2a: Ursaring|slp
|-heal|p2a: Ursaring|383\/383 slp|[silent]
|-status|p2a: Ursaring|slp|[from] move: Rest
|
|upkeep
|turn|11
|choice|move defog|move frustration
|
|move|p1a: Vibrava|Defog|p2a: Ursaring
|-unboost|p2a: Ursaring|evasion|1
|-sideend|p1: ShuckleDeath|Stealth Rock|[from] move: Defog|[of] p1a: Vibrava
|cant|p2a: Ursaring|slp
|
|upkeep
|turn|12
|c|☆RawMelon|oops
|choice|move uturn|move sleeptalk
|
|move|p1a: Vibrava|U-turn|p2a: Ursaring
|-damage|p2a: Ursaring|345\/383 slp
|choice|switch 5|
|
|switch|p1a: Muk|Muk, M|361\/361
|cant|p2a: Ursaring|slp
|move|p2a: Ursaring|Sleep Talk|p2a: Ursaring
|move|p2a: Ursaring|Bulk Up|p2a: Ursaring|[from]Sleep Talk
|-boost|p2a: Ursaring|atk|1
|-boost|p2a: Ursaring|def|1
|
|-heal|p2a: Ursaring|368\/383 slp|[from] item: Leftovers
|upkeep
|turn|13
|choice|move gunkshot|move frustration
|
|move|p1a: Muk|Gunk Shot|p2a: Ursaring
|-damage|p2a: Ursaring|178\/383 slp
|-curestatus|p2a: Ursaring|slp|[msg]
|move|p2a: Ursaring|Frustration|p1a: Muk
|-damage|p1a: Muk|0 fnt
|faint|p1a: Muk
|
|-heal|p2a: Ursaring|201\/383|[from] item: Leftovers
|upkeep
|choice|switch 4|
|
|switch|p1a: Monferno|Monferno, M|92\/269
|turn|14
|choice|move closecombat|switch 2
|
|switch|p2a: Tentacool|Tentacool, M|284\/284
|move|p1a: Monferno|Close Combat|p2a: Tentacool
|-resisted|p2a: Tentacool
|-crit|p2a: Tentacool
|-damage|p2a: Tentacool|92\/284
|-unboost|p1a: Monferno|def|1
|-unboost|p1a: Monferno|spd|1
|
|upkeep
|turn|15
|c|☆ShuckleDeath|muk is bork
|c|☆RawMelon|boo
|choice|switch 2|move toxicspikes
|
|switch|p1a: Beheeyem|Beheeyem, F|63\/353
|move|p2a: Tentacool|Toxic Spikes|p1a: Beheeyem
|-sidestart|p1: ShuckleDeath|move: Toxic Spikes
|
|-heal|p1a: Beheeyem|85\/353|[from] item: Leftovers
|upkeep
|turn|16
|c|☆ShuckleDeath|how do i win
|choice|move recover|switch 3
|
|switch|p2a: Pawniard|Pawniard, F|231\/231
|move|p1a: Beheeyem|Recover|p1a: Beheeyem
|-heal|p1a: Beheeyem|262\/353
|
|-heal|p1a: Beheeyem|284\/353|[from] item: Leftovers
|upkeep
|turn|17
|c|☆RawMelon|no clue
|choice|switch 3|move pursuit
|
|-activate|p1a: Beheeyem|move: Pursuit
|move|p2a: Pawniard|Pursuit|p1a: Beheeyem|[from]Pursuit
|-supereffective|p1a: Beheeyem
|-damage|p1a: Beheeyem|66\/353
|switch|p1a: Probopass|Probopass, M|88\/273
|
|upkeep
|turn|18
|choice|move earthpower|move ironhead
|
|move|p2a: Pawniard|Iron Head|p1a: Probopass
|-damage|p1a: Probopass|0 fnt
|faint|p1a: Probopass
|
|upkeep
|choice|switch 2|
|
|switch|p1a: Monferno|Monferno, M|92\/269
|-status|p1a: Monferno|psn
|turn|19
|choice|move machpunch|switch 3
|
|switch|p2a: Tentacool|Tentacool, M|92\/284
|move|p1a: Monferno|Mach Punch|p2a: Tentacool
|-resisted|p2a: Tentacool
|-damage|p2a: Tentacool|41\/284
|
|-damage|p1a: Monferno|59\/269 psn|[from] psn
|upkeep
|turn|20
|choice|move flareblitz|move scald
|
|move|p1a: Monferno|Flare Blitz|p2a: Tentacool
|-resisted|p2a: Tentacool
|-crit|p2a: Tentacool
|-damage|p2a: Tentacool|0 fnt
|-damage|p1a: Monferno|45\/269 psn|[from] recoil|[of] p2a: Tentacool
|faint|p2a: Tentacool
|
|-damage|p1a: Monferno|12\/269 psn|[from] psn
|upkeep
|choice||switch 6
|
|switch|p2a: Gabite|Gabite, M|114\/277
|turn|21
|choice|move closecombat|move stealthrock
|
|move|p2a: Gabite|Stealth Rock|p1a: Monferno
|-sidestart|p1: ShuckleDeath|move: Stealth Rock
|move|p1a: Monferno|Close Combat|p2a: Gabite
|-damage|p2a: Gabite|0 fnt
|-damage|p1a: Monferno|0 fnt|[from] ability: Rough Skin|[of] p2a: Gabite
|faint|p1a: Monferno
|faint|p2a: Gabite
|
|upkeep
|choice|switch 6|switch 3
|
|switch|p1a: Leafeon|Leafeon, M|271\/271
|switch|p2a: Pawniard|Pawniard, F|231\/231
|-damage|p1a: Leafeon|238\/271|[from] Stealth Rock
|-status|p1a: Leafeon|psn
|turn|22
|choice|move doubleedge|move knockoff
|
|move|p1a: Leafeon|Double-Edge|p2a: Pawniard
|-resisted|p2a: Pawniard
|-damage|p2a: Pawniard|172\/231
|-damage|p1a: Leafeon|219\/271 psn|[from] recoil|[of] p2a: Pawniard
|move|p2a: Pawniard|Knock Off|p1a: Leafeon
|-damage|p1a: Leafeon|99\/271 psn
|-enditem|p1a: Leafeon|Choice Scarf|[from] move: Knock Off|[of] p2a: Pawniard
|
|-damage|p1a: Leafeon|66\/271 psn|[from] psn
|upkeep
|turn|23
|choice|move doubleedge|move suckerpunch
|
|move|p2a: Pawniard|Sucker Punch|p1a: Leafeon
|-damage|p1a: Leafeon|0 fnt
|faint|p1a: Leafeon
|
|upkeep
|c|☆ShuckleDeath|ggs
|c|☆RawMelon|gg
|choice|switch 3|
|
|switch|p1a: Beheeyem|Beheeyem, F|66\/353
|-damage|p1a: Beheeyem|22\/353|[from] Stealth Rock
|-status|p1a: Beheeyem|psn
|turn|24
|choice|move signalbeam|move knockoff
|
|move|p2a: Pawniard|Knock Off|p1a: Beheeyem
|-supereffective|p1a: Beheeyem
|-damage|p1a: Beheeyem|0 fnt
|-enditem|p1a: Beheeyem|Leftovers|[from] move: Knock Off|[of] p2a: Pawniard
|faint|p1a: Beheeyem
|
|upkeep
|choice|switch 5|
|
|switch|p1a: Vibrava|Vibrava, M|285\/303
|-damage|p1a: Vibrava|267\/303|[from] Stealth Rock
|turn|25
|choice|move earthquake|switch 4
|
|switch|p2a: Articuno|Articuno|321\/321
|-ability|p2a: Articuno|Pressure
|move|p1a: Vibrava|Earthquake|p2a: Articuno
|-immune|p2a: Articuno|[msg]
|
|upkeep
|turn|26
|choice|move uturn|move freezedry
|
|move|p2a: Articuno|Freeze-Dry|p1a: Vibrava
|-supereffective|p1a: Vibrava
|-crit|p1a: Vibrava
|-damage|p1a: Vibrava|0 fnt
|faint|p1a: Vibrava
|
|win|RawMelon</script>
</div>
<div class="battle-log battle-log-inline"><div class="inner"><div class="battle-options"></div><div class="inner"><div class="chat"><small>ShuckleDeath joined.</small></div><div class="chat"><small>RawMelon joined.</small></div><div class=""><small>Format:</small> <br><strong>PU</strong></div><div class=""><small><em>Sleep Clause Mod:</em> Limit one foe put to sleep</small></div><div class=""><small><em>Species Clause:</em> Limit one of each Pokémon</small></div><div class=""><small><em>OHKO Clause:</em> OHKO moves are banned</small></div><div class=""><small><em>Moody Clause:</em> Moody is banned</small></div><div class=""><small><em>Evasion Moves Clause:</em> Evasion moves are banned</small></div><div class=""><small><em>Endless Battle Clause:</em> Forcing endless battles is banned</small></div><div class=""><small><em>HP Percentage Mod:</em> HP is shown in percentages</small></div><div class=""><small><em>Swagger Clause:</em> Swagger is banned</small></div><div class=""><small><em>Baton Pass Clause:</em> Limit one Baton Passer, can't pass Spe and other stats simultaneously</small></div><div class="chat battle-history"><strong>ShuckleDeath's team:</strong> <em style="color:#445566;display:block;">Muk / Beheeyem / Vibrava / Probopass / Monferno / Leafeon</em></div><div class="chat battle-history"><strong>RawMelon's team:</strong> <em style="color:#445566;display:block;">Gabite / Tentacool / Pawniard / Articuno / Zebstrika / Ursaring</em></div><div class="chat chatmessage-rawmelon"><strong style="color:hsl(223,45%,54.735457078935404%)"><small>☆</small><span class="username" data-name="RawMelon">RawMelon</span>:</strong> <em>hf</em></div><div class="chat chatmessage-shuckledeath"><strong style="color:hsl(351,56%,48.145736073283295%)"><small>☆</small><span class="username" data-name="ShuckleDeath">ShuckleDeath</span>:</strong> <em>same</em></div><div class="spacer battle-history"><br></div><div class="battle-history">Battle started between ShuckleDeath and RawMelon!<br></div><div class="spacer battle-history"><br></div><div class="battle-history">Go! <strong>Monferno</strong>!<br></div><div class="spacer battle-history"><br></div><div class="battle-history">RawMelon sent out <strong>Zebstrika</strong>!<br></div><div class="spacer battle-history"><br></div><h2 class="battle-history">Turn 1</h2><div class="spacer battle-history"><br></div><div class="battle-history">The opposing Zebstrika used <strong>Volt Switch</strong>!<br></div><div class="battle-history"><small>(Monferno lost <abbr title="−144/269">53.5%</abbr> of its health!)</small><br></div><div class="battle-history"><small>The opposing Zebstrika lost some of its HP!</small><br></div><div class="spacer battle-history"><br></div><div class="battle-history">The opposing Zebstrika went back to RawMelon!<br></div><div class="battle-history">RawMelon sent out <strong>Gabite</strong>!<br></div><div class="spacer battle-history"><br></div><div class="battle-history">Monferno used <strong>Close Combat</strong>!<br></div><div class="battle-history"><small>(The opposing Gabite lost <abbr title="−163/277">58.8%</abbr> of its health!)</small><br></div><div class="battle-history"><small>[The opposing Gabite's Rough Skin]</small><br><small>Monferno was hurt!</small><br></div><div class="battle-history"><small>Monferno's Defense fell!</small><br></div><div class="battle-history"><small>Monferno's Special Defense fell!</small><br></div><div class="spacer battle-history"><br></div><h2 class="battle-history">Turn 2</h2><div class="spacer battle-history"><br></div><div class="battle-history">Monferno, come back!<br></div><div class="battle-history">Go! <strong>Probopass</strong>!<br></div><div class="battle-history"><small>Probopass floats in the air with its Air Balloon!</small><br></div><div class="spacer battle-history"><br></div><div class="battle-history">The opposing Gabite used <strong>Dragon Claw</strong>!<br></div><div class="battle-history"><small>It's not very effective...</small><br></div><div class="battle-history"><small>(Probopass lost <abbr title="−42/273">15.4%</abbr> of its health!)</small><br></div><div class="battle-history"><small>Probopass's Air Balloon popped!</small><br></div><div class="spacer battle-history"><br></div><h2 class="battle-history">Turn 3</h2><div class="spacer battle-history"><br></div><div class="battle-history">Probopass, come back!<br></div><div class="battle-history">Go! <strong>Beheeyem</strong>!<br></div><div class="spacer battle-history"><br></div><div class="battle-history">The opposing Gabite used <strong>Stealth Rock</strong>!<br></div><div class="battle-history"><small>Pointed stones float in the air around your team!</small><br></div><div class="spacer battle-history"><br></div><h2 class="battle-history">Turn 4</h2><div class="spacer battle-history"><br></div><div class="battle-history">RawMelon withdrew Gabite!<br></div><div class="battle-history">RawMelon sent out <strong>Ursaring</strong>!<br></div><div class="spacer battle-history"><br></div><div class="battle-history">Beheeyem used <strong>Psyshock</strong>!<br></div><div class="battle-history"><small>(The opposing Ursaring lost <abbr title="−184/383">48.0%</abbr> of its health!)</small><br></div><div class="spacer battle-history"><br></div><div class="battle-history"><small>The opposing Ursaring restored a little HP using its Leftovers!</small><br></div><div class="spacer battle-history"><br></div><h2 class="battle-history">Turn 5</h2><div class="spacer battle-history"><br></div><div class="battle-history">The opposing Ursaring used <strong>Bulk Up</strong>!<br></div><div class="battle-history"><small>The opposing Ursaring's Attack rose!</small><br></div><div class="battle-history"><small>The opposing Ursaring's Defense rose!</small><br></div><div class="spacer battle-history"><br></div><div class="battle-history">Beheeyem used <strong>Calm Mind</strong>!<br></div><div class="battle-history"><small>Beheeyem's Special Attack rose!</small><br></div><div class="battle-history"><small>Beheeyem's Special Defense rose!</small><br></div><div class="spacer battle-history"><br></div><div class="battle-history"><small>The opposing Ursaring restored a little HP using its Leftovers!</small><br></div><div class="spacer battle-history"><br></div><h2 class="battle-history">Turn 6</h2><div class="spacer battle-history"><br></div><div class="battle-history">The opposing Ursaring used <strong>Frustration</strong>!<br></div><div class="battle-history"><small>A critical hit!</small><br></div><div class="battle-history"><small>(Beheeyem lost <abbr title="−312/353">88.4%</abbr> of its health!)</small><br></div><div class="spacer battle-history"><br></div><div class="battle-history">Beheeyem used <strong>Calm Mind</strong>!<br></div><div class="battle-history"><small>Beheeyem's Special Attack rose!</small><br></div><div class="battle-history"><small>Beheeyem's Special Defense rose!</small><br></div><div class="spacer battle-history"><br></div><div class="battle-history"><small>The opposing Ursaring restored a little HP using its Leftovers!</small><br></div><div class="battle-history"><small>Beheeyem restored a little HP using its Leftovers!</small><br></div><div class="spacer battle-history"><br></div><h2 class="battle-history">Turn 7</h2><div class="chat chatmessage-rawmelon"><strong style="color:hsl(223,45%,54.735457078935404%)"><small>☆</small><span class="username" data-name="RawMelon">RawMelon</span>:</strong> <em>sry</em></div><div class="chat chatmessage-shuckledeath"><strong style="color:hsl(351,56%,48.145736073283295%)"><small>☆</small><span class="username" data-name="ShuckleDeath">ShuckleDeath</span>:</strong> <em>y u cheating</em></div><div class="spacer battle-history"><br></div><div class="battle-history">Beheeyem, come back!<br></div><div class="battle-history">Go! <strong>Probopass</strong>!<br></div><div class="battle-history"><small>Pointed stones dug into Probopass!</small><br></div><div class="spacer battle-history"><br></div><div class="battle-history">The opposing Ursaring used <strong>Frustration</strong>!<br></div><div class="battle-history"><small>It's not very effective...</small><br></div><div class="battle-history"><small>(Probopass lost <abbr title="−42/273">15.4%</abbr> of its health!)</small><br></div><div class="spacer battle-history"><br></div><div class="battle-history"><small>The opposing Ursaring restored a little HP using its Leftovers!</small><br></div><div class="spacer battle-history"><br></div><h2 class="battle-history">Turn 8</h2><div class="chat chatmessage-rawmelon"><strong style="color:hsl(223,45%,54.735457078935404%)"><small>☆</small><span class="username" data-name="RawMelon">RawMelon</span>:</strong> <em>it did 60+ though tbh</em></div><div class="spacer battle-history"><br></div><div class="battle-history">Probopass used <strong>Flash Cannon</strong>!<br></div><div class="battle-history"><small>(The opposing Ursaring lost <abbr title="−93/383">24.3%</abbr> of its health!)</small><br></div><div class="spacer battle-history"><br></div><div class="battle-history">The opposing Ursaring used <strong>Frustration</strong>!<br></div><div class="battle-history"><small>It's not very effective...</small><br></div><div class="battle-history"><small>(Probopass lost <abbr title="−42/273">15.4%</abbr> of its health!)</small><br></div><div class="spacer battle-history"><br></div><div class="battle-history"><small>The opposing Ursaring restored a little HP using its Leftovers!</small><br></div><div class="spacer battle-history"><br></div><h2 class="battle-history">Turn 9</h2><div class="spacer battle-history"><br></div><div class="battle-history">Probopass used <strong>Flash Cannon</strong>!<br></div><div class="battle-history"><small>(The opposing Ursaring lost <abbr title="−90/383">23.5%</abbr> of its health!)</small><br></div><div class="spacer battle-history"><br></div><div class="battle-history">The opposing Ursaring used <strong>Frustration</strong>!<br></div><div class="battle-history"><small>It's not very effective...</small><br></div><div class="battle-history"><small>(Probopass lost <abbr title="−42/273">15.4%</abbr> of its health!)</small><br></div><div class="spacer battle-history"><br></div><div class="battle-history"><small>The opposing Ursaring restored a little HP using its Leftovers!</small><br></div><div class="spacer battle-history"><br></div><h2 class="battle-history">Turn 10</h2><div class="spacer battle-history"><br></div><div class="battle-history">Probopass used <strong>Volt Switch</strong>!<br></div><div class="battle-history"><small>(The opposing Ursaring lost <abbr title="−57/383">14.9%</abbr> of its health!)</small><br></div><div class="spacer battle-history"><br></div><div class="battle-history">Probopass went back to ShuckleDeath!<br></div><div class="battle-history">Go! <strong>Vibrava</strong>!<br></div><div class="battle-history"><small>Pointed stones dug into Vibrava!</small><br></div><div class="spacer battle-history"><br></div><div class="battle-history">The opposing Ursaring used <strong>Rest</strong>!<br></div><div class="battle-history"><small>The opposing Ursaring fell asleep!</small><br></div><div class="battle-history"><small>The opposing Ursaring slept and became healthy!</small><br></div><div class="spacer battle-history"><br></div><h2 class="battle-history">Turn 11</h2><div class="spacer battle-history"><br></div><div class="battle-history">Vibrava used <strong>Defog</strong>!<br></div><div class="battle-history"><small>The opposing Ursaring's evasiveness fell!</small><br></div><div class="battle-history"><small>The pointed stones disappeared from around your team!</small><br></div><div class="spacer battle-history"><br></div><div class="battle-history">The opposing Ursaring is fast asleep.<br></div><div class="spacer battle-history"><br></div><h2 class="battle-history">Turn 12</h2><div class="chat chatmessage-rawmelon"><strong style="color:hsl(223,45%,54.735457078935404%)"><small>☆</small><span class="username" data-name="RawMelon">RawMelon</span>:</strong> <em>oops</em></div><div class="spacer battle-history"><br></div><div class="battle-history">Vibrava used <strong>U-turn</strong>!<br></div><div class="battle-history"><small>(The opposing Ursaring lost <abbr title="−38/383">9.9%</abbr> of its health!)</small><br></div><div class="spacer battle-history"><br></div><div class="battle-history">Vibrava went back to ShuckleDeath!<br></div><div class="battle-history">Go! <strong>Muk</strong>!<br></div><div class="spacer battle-history"><br></div><div class="battle-history">The opposing Ursaring is fast asleep.<br></div><div class="spacer battle-history"><br></div><div class="battle-history">The opposing Ursaring used <strong>Sleep Talk</strong>!<br></div><div class="spacer battle-history"><br></div><div class="battle-history">The opposing Ursaring used <strong>Bulk Up</strong>!<br></div><div class="battle-history"><small>The opposing Ursaring's Attack rose!</small><br></div><div class="battle-history"><small>The opposing Ursaring's Defense rose!</small><br></div><div class="spacer battle-history"><br></div><div class="battle-history"><small>The opposing Ursaring restored a little HP using its Leftovers!</small><br></div><div class="spacer battle-history"><br></div><h2 class="battle-history">Turn 13</h2><div class="spacer battle-history"><br></div><div class="battle-history">Muk used <strong>Gunk Shot</strong>!<br></div><div class="battle-history"><small>(The opposing Ursaring lost <abbr title="−190/383">49.6%</abbr> of its health!)</small><br></div><div class="battle-history"><small>The opposing Ursaring woke up!</small><br></div><div class="spacer battle-history"><br></div><div class="battle-history">The opposing Ursaring used <strong>Frustration</strong>!<br></div><div class="battle-history"><small>(Muk lost <abbr title="−361/361">100%</abbr> of its health!)</small><br></div><div class="spacer battle-history"><br></div><div class="battle-history">Muk fainted!<br></div><div class="spacer battle-history"><br></div><div class="battle-history"><small>The opposing Ursaring restored a little HP using its Leftovers!</small><br></div><div class="spacer battle-history"><br></div><div class="battle-history">Go! <strong>Monferno</strong>!<br></div><div class="spacer battle-history"><br></div><h2 class="battle-history">Turn 14</h2><div class="spacer battle-history"><br></div><div class="battle-history">RawMelon withdrew Ursaring!<br></div><div class="battle-history">RawMelon sent out <strong>Tentacool</strong>!<br></div><div class="spacer battle-history"><br></div><div class="battle-history">Monferno used <strong>Close Combat</strong>!<br></div><div class="battle-history"><small>It's not very effective...</small><br></div><div class="battle-history"><small>A critical hit!</small><br></div><div class="battle-history"><small>(The opposing Tentacool lost <abbr title="−192/284">67.6%</abbr> of its health!)</small><br></div><div class="battle-history"><small>Monferno's Defense fell!</small><br></div><div class="battle-history"><small>Monferno's Special Defense fell!</small><br></div><div class="spacer battle-history"><br></div><h2 class="battle-history">Turn 15</h2><div class="chat chatmessage-shuckledeath"><strong style="color:hsl(351,56%,48.145736073283295%)"><small>☆</small><span class="username" data-name="ShuckleDeath">ShuckleDeath</span>:</strong> <em>muk is bork</em></div><div class="chat chatmessage-rawmelon"><strong style="color:hsl(223,45%,54.735457078935404%)"><small>☆</small><span class="username" data-name="RawMelon">RawMelon</span>:</strong> <em>boo</em></div><div class="spacer battle-history"><br></div><div class="battle-history">Monferno, come back!<br></div><div class="battle-history">Go! <strong>Beheeyem</strong>!<br></div><div class="spacer battle-history"><br></div><div class="battle-history">The opposing Tentacool used <strong>Toxic Spikes</strong>!<br></div><div class="battle-history"><small>Poison spikes were scattered on the ground all around your team!</small><br></div><div class="spacer battle-history"><br></div><div class="battle-history"><small>Beheeyem restored a little HP using its Leftovers!</small><br></div><div class="spacer battle-history"><br></div><h2 class="battle-history">Turn 16</h2><div class="chat chatmessage-shuckledeath"><strong style="color:hsl(351,56%,48.145736073283295%)"><small>☆</small><span class="username" data-name="ShuckleDeath">ShuckleDeath</span>:</strong> <em>how do i win</em></div><div class="spacer battle-history"><br></div><div class="battle-history">RawMelon withdrew Tentacool!<br></div><div class="battle-history">RawMelon sent out <strong>Pawniard</strong>!<br></div><div class="spacer battle-history"><br></div><div class="battle-history">Beheeyem used <strong>Recover</strong>!<br></div><div class="battle-history"><small>Beheeyem restored its HP.</small><br></div><div class="spacer battle-history"><br></div><div class="battle-history"><small>Beheeyem restored a little HP using its Leftovers!</small><br></div><div class="spacer battle-history"><br></div><h2 class="battle-history">Turn 17</h2><div class="chat chatmessage-rawmelon"><strong style="color:hsl(223,45%,54.735457078935404%)"><small>☆</small><span class="username" data-name="RawMelon">RawMelon</span>:</strong> <em>no clue</em></div><div class="spacer battle-history"><br></div><div class="battle-history"><small>(Beheeyem is being withdrawn...)</small><br></div><div class="spacer battle-history"><br></div><div class="battle-history">The opposing Pawniard used <strong>Pursuit</strong>!<br></div><div class="battle-history"><small>It's super effective!</small><br></div><div class="battle-history"><small>(Beheeyem lost <abbr title="−218/353">61.8%</abbr> of its health!)</small><br></div><div class="spacer battle-history"><br></div><div class="battle-history">Beheeyem, come back!<br></div><div class="battle-history">Go! <strong>Probopass</strong>!<br></div><div class="spacer battle-history"><br></div><h2 class="battle-history">Turn 18</h2><div class="spacer battle-history"><br></div><div class="battle-history">The opposing Pawniard used <strong>Iron Head</strong>!<br></div><div class="battle-history"><small>(Probopass lost <abbr title="−88/273">32.2%</abbr> of its health!)</small><br></div><div class="spacer battle-history"><br></div><div class="battle-history">Probopass fainted!<br></div><div class="spacer battle-history"><br></div><div class="battle-history">Go! <strong>Monferno</strong>!<br></div><div class="battle-history"><small>Monferno was poisoned!</small><br></div><div class="spacer battle-history"><br></div><h2 class="battle-history">Turn 19</h2><div class="spacer battle-history"><br></div><div class="battle-history">RawMelon withdrew Pawniard!<br></div><div class="battle-history">RawMelon sent out <strong>Tentacool</strong>!<br></div><div class="spacer battle-history"><br></div><div class="battle-history">Monferno used <strong>Mach Punch</strong>!<br></div><div class="battle-history"><small>It's not very effective...</small><br></div><div class="battle-history"><small>(The opposing Tentacool lost <abbr title="−51/284">18.0%</abbr> of its health!)</small><br></div><div class="spacer battle-history"><br></div><div class="battle-history"><small>Monferno was hurt by poison!</small><br></div><div class="spacer battle-history"><br></div><h2 class="battle-history">Turn 20</h2><div class="spacer battle-history"><br></div><div class="battle-history">Monferno used <strong>Flare Blitz</strong>!<br></div><div class="battle-history"><small>It's not very effective...</small><br></div><div class="battle-history"><small>A critical hit!</small><br></div><div class="battle-history"><small>(The opposing Tentacool lost <abbr title="−41/284">14.4%</abbr> of its health!)</small><br></div><div class="battle-history"><small>Monferno is damaged by the recoil!</small><br></div><div class="spacer battle-history"><br></div><div class="battle-history">The opposing Tentacool fainted!<br></div><div class="spacer battle-history"><br></div><div class="battle-history"><small>Monferno was hurt by poison!</small><br></div><div class="spacer battle-history"><br></div><div class="battle-history">RawMelon sent out <strong>Gabite</strong>!<br></div><div class="spacer battle-history"><br></div><h2 class="battle-history">Turn 21</h2><div class="spacer battle-history"><br></div><div class="battle-history">The opposing Gabite used <strong>Stealth Rock</strong>!<br></div><div class="battle-history"><small>Pointed stones float in the air around your team!</small><br></div><div class="spacer battle-history"><br></div><div class="battle-history">Monferno used <strong>Close Combat</strong>!<br></div><div class="battle-history"><small>(The opposing Gabite lost <abbr title="−114/277">41.2%</abbr> of its health!)</small><br></div><div class="battle-history"><small>[The opposing Gabite's Rough Skin]</small><br><small>Monferno was hurt!</small><br></div><div class="spacer battle-history"><br></div><div class="battle-history">Monferno fainted!<br></div><div class="battle-history">The opposing Gabite fainted!<br></div><div class="spacer battle-history"><br></div><div class="battle-history">Go! <strong>Leafeon</strong>!<br></div><div class="spacer battle-history"><br></div><div class="battle-history">RawMelon sent out <strong>Pawniard</strong>!<br></div><div class="battle-history"><small>Pointed stones dug into Leafeon!</small><br></div><div class="battle-history"><small>Leafeon was poisoned!</small><br></div><div class="spacer battle-history"><br></div><h2 class="battle-history">Turn 22</h2><div class="spacer battle-history"><br></div><div class="battle-history">Leafeon used <strong>Double-Edge</strong>!<br></div><div class="battle-history"><small>It's not very effective...</small><br></div><div class="battle-history"><small>(The opposing Pawniard lost <abbr title="−59/231">25.5%</abbr> of its health!)</small><br></div><div class="battle-history"><small>Leafeon is damaged by the recoil!</small><br></div><div class="spacer battle-history"><br></div><div class="battle-history">The opposing Pawniard used <strong>Knock Off</strong>!<br></div><div class="battle-history"><small>(Leafeon lost <abbr title="−120/271">44.3%</abbr> of its health!)</small><br></div><div class="battle-history"><small>The opposing Pawniard knocked off Leafeon's Choice Scarf!</small><br></div><div class="spacer battle-history"><br></div><div class="battle-history"><small>Leafeon was hurt by poison!</small><br></div><div class="spacer battle-history"><br></div><h2 class="battle-history">Turn 23</h2><div class="spacer battle-history"><br></div><div class="battle-history">The opposing Pawniard used <strong>Sucker Punch</strong>!<br></div><div class="battle-history"><small>(Leafeon lost <abbr title="−66/271">24.4%</abbr> of its health!)</small><br></div><div class="spacer battle-history"><br></div><div class="battle-history">Leafeon fainted!<br></div><div class="chat chatmessage-shuckledeath"><strong style="color:hsl(351,56%,48.145736073283295%)"><small>☆</small><span class="username" data-name="ShuckleDeath">ShuckleDeath</span>:</strong> <em>ggs</em></div><div class="chat chatmessage-rawmelon"><strong style="color:hsl(223,45%,54.735457078935404%)"><small>☆</small><span class="username" data-name="RawMelon">RawMelon</span>:</strong> <em>gg</em></div><div class="spacer battle-history"><br></div><div class="battle-history">Go! <strong>Beheeyem</strong>!<br></div><div class="battle-history"><small>Pointed stones dug into Beheeyem!</small><br></div><div class="battle-history"><small>Beheeyem was poisoned!</small><br></div><div class="spacer battle-history"><br></div><h2 class="battle-history">Turn 24</h2><div class="spacer battle-history"><br></div><div class="battle-history">The opposing Pawniard used <strong>Knock Off</strong>!<br></div><div class="battle-history"><small>It's super effective!</small><br></div><div class="battle-history"><small>(Beheeyem lost <abbr title="−22/353">6.2%</abbr> of its health!)</small><br></div><div class="battle-history"><small>The opposing Pawniard knocked off Beheeyem's Leftovers!</small><br></div><div class="spacer battle-history"><br></div><div class="battle-history">Beheeyem fainted!<br></div><div class="spacer battle-history"><br></div><div class="battle-history">Go! <strong>Vibrava</strong>!<br></div><div class="battle-history"><small>Pointed stones dug into Vibrava!</small><br></div><div class="spacer battle-history"><br></div><h2 class="battle-history">Turn 25</h2><div class="spacer battle-history"><br></div><div class="battle-history">RawMelon withdrew Pawniard!<br></div><div class="battle-history">RawMelon sent out <strong>Articuno</strong>!<br></div><div class="battle-history"><small>[The opposing Articuno's Pressure]</small><br><small>The opposing Articuno is exerting its pressure!</small><br></div><div class="spacer battle-history"><br></div><div class="battle-history">Vibrava used <strong>Earthquake</strong>!<br></div><div class="battle-history"><small>It doesn't affect the opposing Articuno...</small><br></div><div class="spacer battle-history"><br></div><h2 class="battle-history">Turn 26</h2><div class="spacer battle-history"><br></div><div class="battle-history">The opposing Articuno used <strong>Freeze-Dry</strong>!<br></div><div class="battle-history"><small>It's super effective!</small><br></div><div class="battle-history"><small>A critical hit!</small><br></div><div class="battle-history"><small>(Vibrava lost <abbr title="−267/303">88.1%</abbr> of its health!)</small><br></div><div class="spacer battle-history"><br></div><div class="battle-history">Vibrava fainted!<br></div><div class="spacer battle-history"><br></div><div class="battle-history"><strong>RawMelon</strong> won the battle!<br></div></div><div class="inner-preempt"></div></div></div>
</div>
<script>
let daily = Math.floor(Date.now()/1000/60/60/24);document.write('<script src="https://play.pokemonshowdown.com/js/replay-embed.js?version'+daily+'"></'+'script>');
</script>
