<!DOCTYPE html>
<meta charset="utf-8" />
<!-- version 1 -->
<title>PU replay: dr cafeine vs. robino2</title>
<style>
html,body {font-family:Verdana, sans-serif;font-size:10pt;margin:0;padding:0;}body{padding:12px 0;} .battle-log {font-family:Verdana, sans-serif;font-size:10pt;} .battle-log-inline {border:1px solid #AAAAAA;background:#EEF2F5;color:black;max-width:640px;margin:0 auto 80px;padding-bottom:5px;} .battle-log .inner {padding:4px 8px 0px 8px;} .battle-log .inner-preempt {padding:0 8px 4px 8px;} .battle-log .inner-after {margin-top:0.5em;} .battle-log h2 {margin:0.5em -8px;padding:4px 8px;border:1px solid #AAAAAA;background:#E0E7EA;border-left:0;border-right:0;font-family:Verdana, sans-serif;font-size:13pt;} .battle-log .chat {vertical-align:middle;padding:3px 0 3px 0;font-size:8pt;} .battle-log .chat strong {color:#40576A;} .battle-log .chat em {padding:1px 4px 1px 3px;color:#000000;font-style:normal;} .chat.mine {background:rgba(0,0,0,0.05);margin-left:-8px;margin-right:-8px;padding-left:8px;padding-right:8px;} .spoiler {color:#BBBBBB;background:#BBBBBB;padding:0px 3px;} .spoiler:hover, .spoiler:active, .spoiler-shown {color:#000000;background:#E2E2E2;padding:0px 3px;} .spoiler a {color:#BBBBBB;} .spoiler:hover a, .spoiler:active a, .spoiler-shown a {color:#2288CC;} .chat code, .chat .spoiler:hover code, .chat .spoiler:active code, .chat .spoiler-shown code {border:1px solid #C0C0C0;background:#EEEEEE;color:black;padding:0 2px;} .chat .spoiler code {border:1px solid #CCCCCC;background:#CCCCCC;color:#CCCCCC;} .battle-log .rated {padding:3px 4px;} .battle-log .rated strong {color:white;background:#89A;padding:1px 4px;border-radius:4px;} .spacer {margin-top:0.5em;} .message-announce {background:#6688AA;color:white;padding:1px 4px 2px;} .message-announce a, .broadcast-green a, .broadcast-blue a, .broadcast-red a {color:#DDEEFF;} .broadcast-green {background-color:#559955;color:white;padding:2px 4px;} .broadcast-blue {background-color:#6688AA;color:white;padding:2px 4px;} .infobox {border:1px solid #6688AA;padding:2px 4px;} .infobox-limited {max-height:200px;overflow:auto;overflow-x:hidden;} .broadcast-red {background-color:#AA5544;color:white;padding:2px 4px;} .message-learn-canlearn {font-weight:bold;color:#228822;text-decoration:underline;} .message-learn-cannotlearn {font-weight:bold;color:#CC2222;text-decoration:underline;} .message-effect-weak {font-weight:bold;color:#CC2222;} .message-effect-resist {font-weight:bold;color:#6688AA;} .message-effect-immune {font-weight:bold;color:#666666;} .message-learn-list {margin-top:0;margin-bottom:0;} .message-throttle-notice, .message-error {color:#992222;} .message-overflow, .chat small.message-overflow {font-size:0pt;} .message-overflow::before {font-size:9pt;content:'...';} .subtle {color:#3A4A66;}
</style>
<div class="wrapper replay-wrapper" style="max-width:1180px;margin:0 auto">
<input type="hidden" name="replayid" value="pu-587080457" />
<div class="battle"></div><div class="battle-log"></div><div class="replay-controls"></div><div class="replay-controls-2"></div>
<h1 style="font-weight:normal;text-align:center"><strong>PU</strong><br /><a href="http://pokemonshowdown.com/users/drcafeine" class="subtle" target="_blank">dr cafeine</a> vs. <a href="http://pokemonshowdown.com/users/robino2" class="subtle" target="_blank">robino2</a></h1>
<script type="text/plain" class="battle-log-data">|j|dr cafeine
|j|robino2
|player|p1|dr cafeine|220
|teamsize|p1|6
|player|p2|robino2|169
|teamsize|p2|6
|gametype|singles
|gen|6
|tier|PU
|rated
|seed|48593,23840,64203,11699
|rule|Sleep Clause Mod: Limit one foe put to sleep
|rule|Species Clause: Limit one of each Pokémon
|rule|OHKO Clause: OHKO moves are banned
|rule|Moody Clause: Moody is banned
|rule|Evasion Moves Clause: Evasion moves are banned
|rule|Endless Battle Clause: Forcing endless battles is banned
|rule|HP Percentage Mod: HP is shown in percentages
|clearpoke
|poke|p1|Dodrio, F|item
|poke|p1|Marshtomp, M|item
|poke|p1|Ampharos, M|item
|poke|p1|Floatzel, F|item
|poke|p1|Bellossom, M|item
|poke|p1|Combusken, M|item
|poke|p2|Tropius, F|item
|poke|p2|Heatmor, F|item
|poke|p2|Ariados, M|item
|poke|p2|Avalugg, F|item
|poke|p2|Luxray, M|item
|poke|p2|Bibarel, M|item
|rule|Swagger Clause: Swagger is banned
|rule|Baton Pass Clause: Limit one Baton Passer, can't pass Spe and other stats simultaneously
|teampreview
|choice|team 2, team 1, team 3, team 4, team 5, team 6|team 3, team 2, team 1, team 4, team 5, team 6
|
|start
|switch|p1a: really guy ?|Marshtomp, M|344\/344
|switch|p2a: Ariados|Ariados, M|282\/282
|turn|1
|choice|move stealthrock|move stickyweb
|
|move|p2a: Ariados|Sticky Web|p1a: really guy ?
|-sidestart|p1: dr cafeine|move: Sticky Web
|move|p1a: really guy ?|Stealth Rock|p2a: Ariados
|-sidestart|p2: robino2|move: Stealth Rock
|
|upkeep
|turn|2
|choice|move waterfall|move toxicspikes
|
|move|p2a: Ariados|Toxic Spikes|p1a: really guy ?
|-sidestart|p1: dr cafeine|move: Toxic Spikes
|move|p1a: really guy ?|Waterfall|p2a: Ariados
|-damage|p2a: Ariados|138\/282
|
|upkeep
|turn|3
|choice|move earthquake|move suckerpunch
|
|move|p2a: Ariados|Sucker Punch|p1a: really guy ?
|-damage|p1a: really guy ?|243\/344
|move|p1a: really guy ?|Earthquake|p2a: Ariados
|-damage|p2a: Ariados|0 fnt
|faint|p2a: Ariados
|
|-heal|p1a: really guy ?|264\/344|[from] item: Leftovers
|upkeep
|choice||switch 3
|
|switch|p2a: Tropius|Tropius, F|402\/402
|-damage|p2a: Tropius|302\/402|[from] Stealth Rock
|turn|4
|choice|switch 2|move gigadrain
|
|switch|p1a: test|Dodrio, F|261\/261
|move|p2a: Tropius|Giga Drain|p1a: test
|-resisted|p1a: test
|-damage|p1a: test|213\/261
|-heal|p2a: Tropius|326\/402|[from] drain|[of] p1a: test
|
|upkeep
|turn|5
|choice|move bravebird|switch 4
|
|switch|p2a: Avalugg|Avalugg, F|381\/381
|-damage|p2a: Avalugg|286\/381|[from] Stealth Rock
|move|p1a: test|Brave Bird|p2a: Avalugg
|-damage|p2a: Avalugg|176\/381
|-damage|p1a: test|177\/261|[from] Recoil|[of] p2a: Avalugg
|-damage|p1a: test|151\/261|[from] item: Life Orb
|
|-heal|p2a: Avalugg|199\/381|[from] item: Leftovers
|upkeep
|turn|6
|choice|switch 6|move avalanche
|
|switch|p1a: picsou|Combusken, M|261\/261
|-activate|p1a: picsou|move: Sticky Web
|-unboost|p1a: picsou|spe|1
|-status|p1a: picsou|psn
|move|p2a: Avalugg|Avalanche|p1a: picsou
|-resisted|p1a: picsou
|-damage|p1a: picsou|192\/261 psn
|
|-heal|p2a: Avalugg|222\/381|[from] item: Leftovers
|-damage|p1a: picsou|160\/261 psn|[from] psn
|upkeep
|turn|7
|choice|move vacuumwave|switch 2
|
|switch|p2a: Heatmor|Heatmor, F|312\/312
|-damage|p2a: Heatmor|234\/312|[from] Stealth Rock
|move|p1a: picsou|Vacuum Wave|p2a: Heatmor
|-damage|p2a: Heatmor|124\/312
|-damage|p1a: picsou|134\/261 psn|[from] item: Life Orb
|
|-damage|p1a: picsou|102\/261 psn|[from] psn
|upkeep
|turn|8
|choice|switch 2|move focusblast
|
|switch|p1a: really guy ?|Marshtomp, M|264\/344
|-activate|p1a: really guy ?|move: Sticky Web
|-unboost|p1a: really guy ?|spe|1
|-status|p1a: really guy ?|psn
|move|p2a: Heatmor|Focus Blast|p1a: really guy ?
|-damage|p1a: really guy ?|74\/344 psn
|
|-heal|p1a: really guy ?|95\/344 psn|[from] item: Leftovers
|-damage|p1a: really guy ?|52\/344 psn|[from] psn
|upkeep
|turn|9
|choice|move waterfall|switch 4
|
|switch|p2a: Tropius|Tropius, F|326\/402
|-damage|p2a: Tropius|226\/402|[from] Stealth Rock
|move|p1a: really guy ?|Waterfall|p2a: Tropius
|-resisted|p2a: Tropius
|-damage|p2a: Tropius|121\/402
|-enditem|p2a: Tropius|Sitrus Berry|[eat]
|-heal|p2a: Tropius|221\/402|[from] item: Sitrus Berry
|
|-heal|p1a: really guy ?|73\/344 psn|[from] item: Leftovers
|-damage|p1a: really guy ?|30\/344 psn|[from] psn
|-item|p2a: Tropius|Sitrus Berry|[from] ability: Harvest
|upkeep
|turn|10
|choice|switch 2|move protect
|
|switch|p1a: picsou|Combusken, M|102\/261 psn
|-activate|p1a: picsou|move: Sticky Web
|-unboost|p1a: picsou|spe|1
|move|p2a: Tropius|Protect|p2a: Tropius
|-fail|p2a: Tropius
|
|-damage|p1a: picsou|70\/261 psn|[from] psn
|upkeep
|turn|11
|choice|move agility|move substitute
|
|move|p1a: picsou|Agility|p1a: picsou
|-boost|p1a: picsou|spe|2
|move|p2a: Tropius|Substitute|p2a: Tropius
|-start|p2a: Tropius|Substitute
|-damage|p2a: Tropius|121\/402
|-enditem|p2a: Tropius|Sitrus Berry|[eat]
|-heal|p2a: Tropius|221\/402|[from] item: Sitrus Berry
|
|-damage|p1a: picsou|38\/261 psn|[from] psn
|-item|p2a: Tropius|Sitrus Berry|[from] ability: Harvest
|upkeep
|turn|12
|j|Syfou
|l|Syfou
|choice|move hiddenpower|move protect
|
|move|p2a: Tropius|Protect|p2a: Tropius
|-singleturn|p2a: Tropius|Protect
|move|p1a: picsou|Hidden Power|p2a: Tropius
|-activate|p2a: Tropius|move: Protect
|
|-damage|p1a: picsou|6\/261 psn|[from] psn
|upkeep
|turn|13
|choice|move fireblast|move gigadrain
|
|move|p1a: picsou|Fire Blast|p2a: Tropius
|-supereffective|p2a: Tropius
|-end|p2a: Tropius|Substitute
|-damage|p1a: picsou|0 fnt|[from] item: Life Orb
|faint|p1a: picsou
|move|p2a: Tropius|Giga Drain|p1: picsou|[notarget]
|-notarget
|
|upkeep
|choice|switch 6|
|
|switch|p1a: test|Dodrio, F|151\/261
|turn|14
|choice|move roost|switch 2
|
|switch|p2a: Avalugg|Avalugg, F|222\/381
|-damage|p2a: Avalugg|127\/381|[from] Stealth Rock
|move|p1a: test|Roost|p1a: test
|-heal|p1a: test|261\/261
|
|-heal|p2a: Avalugg|150\/381|[from] item: Leftovers
|upkeep
|turn|15
|choice|switch 4|move avalanche
|
|switch|p1a: poutre la loutre|Floatzel, F|311\/311
|-status|p1a: poutre la loutre|psn
|-activate|p1a: poutre la loutre|move: Sticky Web
|-unboost|p1a: poutre la loutre|spe|1
|move|p2a: Avalugg|Avalanche|p1a: poutre la loutre
|-resisted|p1a: poutre la loutre
|-damage|p1a: poutre la loutre|239\/311 psn
|
|-heal|p2a: Avalugg|173\/381|[from] item: Leftovers
|-damage|p1a: poutre la loutre|201\/311 psn|[from] psn
|upkeep
|turn|16
|choice|move poweruppunch|move earthquake
|
|move|p1a: poutre la loutre|Power-Up Punch|p2a: Avalugg
|-supereffective|p2a: Avalugg
|-damage|p2a: Avalugg|121\/381
|-boost|p1a: poutre la loutre|atk|1
|-damage|p1a: poutre la loutre|170\/311 psn|[from] item: Life Orb
|move|p2a: Avalugg|Earthquake|p1a: poutre la loutre
|-damage|p1a: poutre la loutre|12\/311 psn
|
|-heal|p2a: Avalugg|144\/381|[from] item: Leftovers
|-damage|p1a: poutre la loutre|0 fnt|[from] psn
|upkeep
|faint|p1a: poutre la loutre
|choice|switch 5|
|
|switch|p1a: bellissima|Bellossom, M|291\/291
|-activate|p1a: bellissima|move: Sticky Web
|-unboost|p1a: bellissima|spe|1
|-status|p1a: bellissima|psn
|turn|17
|choice|move leafstorm|move avalanche
|
|move|p1a: bellissima|Leaf Storm|p2a: Avalugg
|-damage|p2a: Avalugg|0 fnt
|-unboost|p1a: bellissima|spa|2
|faint|p2a: Avalugg
|
|-damage|p1a: bellissima|255\/291 psn|[from] psn
|upkeep
|choice||switch 4
|
|switch|p2a: Heatmor|Heatmor, F|124\/312
|-damage|p2a: Heatmor|46\/312|[from] Stealth Rock
|turn|18
|choice|switch 2|move fireblast
|
|switch|p1a: really guy ?|Marshtomp, M|30\/344 psn
|-activate|p1a: really guy ?|move: Sticky Web
|-unboost|p1a: really guy ?|spe|1
|move|p2a: Heatmor|Fire Blast|p1a: really guy ?|[miss]
|-miss|p2a: Heatmor|p1a: really guy ?
|
|-heal|p1a: really guy ?|51\/344 psn|[from] item: Leftovers
|-damage|p1a: really guy ?|8\/344 psn|[from] psn
|upkeep
|turn|19
|choice|move earthquake|move fireblast
|
|move|p2a: Heatmor|Fire Blast|p1a: really guy ?
|-resisted|p1a: really guy ?
|-damage|p1a: really guy ?|0 fnt
|faint|p1a: really guy ?
|
|upkeep
|choice|switch 4|
|
|switch|p1a: test|Dodrio, F|261\/261
|turn|20
|choice|move return|move fireblast
|
|move|p2a: Heatmor|Fire Blast|p1a: test
|-damage|p1a: test|0 fnt
|faint|p1a: test
|
|upkeep
|choice|switch 3|
|
|switch|p1a: phary|Ampharos, M|384\/384
|-status|p1a: phary|psn
|-activate|p1a: phary|move: Sticky Web
|-unboost|p1a: phary|spe|1
|turn|21
|choice|move thunderbolt|move fireblast
|
|move|p2a: Heatmor|Fire Blast|p1a: phary
|-damage|p1a: phary|183\/384 psn
|move|p1a: phary|Thunderbolt|p2a: Heatmor
|-damage|p2a: Heatmor|0 fnt
|faint|p2a: Heatmor
|
|-heal|p1a: phary|207\/384 psn|[from] item: Leftovers
|-damage|p1a: phary|159\/384 psn|[from] psn
|upkeep
|choice||switch 2
|
|switch|p2a: Tropius|Tropius, F|221\/402
|-damage|p2a: Tropius|121\/402|[from] Stealth Rock
|-enditem|p2a: Tropius|Sitrus Berry|[eat]
|-heal|p2a: Tropius|221\/402|[from] item: Sitrus Berry
|turn|22
|choice|move lightscreen|move protect
|
|move|p2a: Tropius|Protect|p2a: Tropius
|-singleturn|p2a: Tropius|Protect
|move|p1a: phary|Light Screen|p1a: phary
|-sidestart|p1: dr cafeine|move: Light Screen
|
|-heal|p1a: phary|183\/384 psn|[from] item: Leftovers
|-damage|p1a: phary|135\/384 psn|[from] psn
|-item|p2a: Tropius|Sitrus Berry|[from] ability: Harvest
|upkeep
|turn|23
|choice|move hiddenpower|move gigadrain
|
|move|p2a: Tropius|Giga Drain|p1a: phary
|-crit|p1a: phary
|-damage|p1a: phary|29\/384 psn
|-heal|p2a: Tropius|274\/402|[from] drain|[of] p1a: phary
|move|p1a: phary|Hidden Power|p2a: Tropius
|-supereffective|p2a: Tropius
|-crit|p2a: Tropius
|-damage|p2a: Tropius|0 fnt
|faint|p2a: Tropius
|
|-heal|p1a: phary|53\/384 psn|[from] item: Leftovers
|-damage|p1a: phary|5\/384 psn|[from] psn
|upkeep
|choice||switch 6
|
|switch|p2a: Bibarel|Bibarel, M|362\/362
|-damage|p2a: Bibarel|317\/362|[from] Stealth Rock
|turn|24
|choice|move thunderbolt|move quickattack
|
|move|p2a: Bibarel|Quick Attack|p1a: phary
|-damage|p1a: phary|0 fnt
|faint|p1a: phary
|
|upkeep
|choice|switch 2|
|
|switch|p1a: bellissima|Bellossom, M|255\/291 psn
|-activate|p1a: bellissima|move: Sticky Web
|-unboost|p1a: bellissima|spe|1
|turn|25
|choice|move gigadrain|move quickattack
|
|move|p2a: Bibarel|Quick Attack|p1a: bellissima
|-damage|p1a: bellissima|192\/291 psn
|move|p1a: bellissima|Giga Drain|p2a: Bibarel
|-supereffective|p2a: Bibarel
|-damage|p2a: Bibarel|0 fnt
|-heal|p1a: bellissima|291\/291 psn|[from] drain|[of] p2a: Bibarel
|faint|p2a: Bibarel
|
|-damage|p1a: bellissima|255\/291 psn|[from] psn
|upkeep
|choice||switch 5
|
|switch|p2a: Luxray|Luxray, M|302\/302
|-damage|p2a: Luxray|265\/302|[from] Stealth Rock
|turn|26
|choice|move leafstorm|move facade
|
|move|p2a: Luxray|Facade|p1a: bellissima
|-damage|p1a: bellissima|176\/291 psn
|move|p1a: bellissima|Leaf Storm|p2a: Luxray
|-damage|p2a: Luxray|4\/302
|-unboost|p1a: bellissima|spa|2
|
|-damage|p1a: bellissima|140\/291 psn|[from] psn
|-sideend|p1: dr cafeine|move: Light Screen
|-status|p2a: Luxray|brn|[from] item: Flame Orb
|upkeep
|turn|27
|choice|move gigadrain|move facade
|
|move|p2a: Luxray|Facade|p1a: bellissima
|-damage|p1a: bellissima|0 fnt
|faint|p1a: bellissima
|
|win|robino2
|l|robino2
|raw|dr cafeine's rating: 1147 &rarr; <strong>1116<\/strong><br \/>(-31 for losing)
|raw|robino2's rating: 1057 &rarr; <strong>1097<\/strong><br \/>(+40 for winning)</script>
</div>
<div class="battle-log battle-log-inline"><div class="inner"><div class="battle-options"></div><div class="inner"><div class="chat"><small>dr cafeine joined.</small></div><div class="chat"><small>robino2 joined.</small></div><div class=""><small>Format:</small> <br><strong>PU</strong></div><div class="rated"><strong>Rated battle</strong></div><div class=""><small><em>Sleep Clause Mod:</em> Limit one foe put to sleep</small></div><div class=""><small><em>Species Clause:</em> Limit one of each Pokémon</small></div><div class=""><small><em>OHKO Clause:</em> OHKO moves are banned</small></div><div class=""><small><em>Moody Clause:</em> Moody is banned</small></div><div class=""><small><em>Evasion Moves Clause:</em> Evasion moves are banned</small></div><div class=""><small><em>Endless Battle Clause:</em> Forcing endless battles is banned</small></div><div class=""><small><em>HP Percentage Mod:</em> HP is shown in percentages</small></div><div class=""><small><em>Swagger Clause:</em> Swagger is banned</small></div><div class=""><small><em>Baton Pass Clause:</em> Limit one Baton Passer, can't pass Spe and other stats simultaneously</small></div><div class="chat battle-history"><strong>dr cafeine's team:</strong> <em style="color:#445566;display:block;">Dodrio / Marshtomp / Ampharos / Floatzel / Bellossom / Combusken</em></div><div class="chat battle-history"><strong>robino2's team:</strong> <em style="color:#445566;display:block;">Tropius / Heatmor / Ariados / Avalugg / Luxray / Bibarel</em></div><div class="spacer battle-history"><br></div><div class="battle-history">Battle started between dr cafeine and robino2!<br></div><div class="spacer battle-history"><br></div><div class="battle-history">Go! really guy ? (<strong>Marshtomp</strong>)!<br></div><div class="spacer battle-history"><br></div><div class="battle-history">robino2 sent out <strong>Ariados</strong>!<br></div><div class="spacer battle-history"><br></div><h2 class="battle-history">Turn 1</h2><div class="spacer battle-history"><br></div><div class="battle-history">The opposing Ariados used <strong>Sticky Web</strong>!<br></div><div class="battle-history"><small>A sticky web spreads out on the ground around your team!</small><br></div><div class="spacer battle-history"><br></div><div class="battle-history">really guy ? used <strong>Stealth Rock</strong>!<br></div><div class="battle-history"><small>Pointed stones float in the air around the opposing team!</small><br></div><div class="spacer battle-history"><br></div><h2 class="battle-history">Turn 2</h2><div class="spacer battle-history"><br></div><div class="battle-history">The opposing Ariados used <strong>Toxic Spikes</strong>!<br></div><div class="battle-history"><small>Poison spikes were scattered on the ground all around your team!</small><br></div><div class="spacer battle-history"><br></div><div class="battle-history">really guy ? used <strong>Waterfall</strong>!<br></div><div class="battle-history"><small>(The opposing Ariados lost <abbr title="−144/282">51.1%</abbr> of its health!)</small><br></div><div class="spacer battle-history"><br></div><h2 class="battle-history">Turn 3</h2><div class="spacer battle-history"><br></div><div class="battle-history">The opposing Ariados used <strong>Sucker Punch</strong>!<br></div><div class="battle-history"><small>(really guy ? lost <abbr title="−101/344">29.4%</abbr> of its health!)</small><br></div><div class="spacer battle-history"><br></div><div class="battle-history">really guy ? used <strong>Earthquake</strong>!<br></div><div class="battle-history"><small>(The opposing Ariados lost <abbr title="−138/282">48.9%</abbr> of its health!)</small><br></div><div class="spacer battle-history"><br></div><div class="battle-history">The opposing Ariados fainted!<br></div><div class="spacer battle-history"><br></div><div class="battle-history"><small>really guy ? restored a little HP using its Leftovers!</small><br></div><div class="spacer battle-history"><br></div><div class="battle-history">robino2 sent out <strong>Tropius</strong>!<br></div><div class="battle-history"><small>Pointed stones dug into the opposing Tropius!</small><br></div><div class="spacer battle-history"><br></div><h2 class="battle-history">Turn 4</h2><div class="spacer battle-history"><br></div><div class="battle-history">really guy ?, come back!<br></div><div class="battle-history">Go! test (<strong>Dodrio</strong>)!<br></div><div class="spacer battle-history"><br></div><div class="battle-history">The opposing Tropius used <strong>Giga Drain</strong>!<br></div><div class="battle-history"><small>It's not very effective...</small><br></div><div class="battle-history"><small>(test lost <abbr title="−48/261">18.4%</abbr> of its health!)</small><br></div><div class="battle-history"><small>test had its energy drained!</small><br></div><div class="spacer battle-history"><br></div><h2 class="battle-history">Turn 5</h2><div class="spacer battle-history"><br></div><div class="battle-history">robino2 withdrew Tropius!<br></div><div class="battle-history">robino2 sent out <strong>Avalugg</strong>!<br></div><div class="battle-history"><small>Pointed stones dug into the opposing Avalugg!</small><br></div><div class="spacer battle-history"><br></div><div class="battle-history">test used <strong>Brave Bird</strong>!<br></div><div class="battle-history"><small>(The opposing Avalugg lost <abbr title="−110/381">28.9%</abbr> of its health!)</small><br></div><div class="battle-history"><small>test is damaged by the recoil!</small><br></div><div class="battle-history"><small>test lost some of its HP!</small><br></div><div class="spacer battle-history"><br></div><div class="battle-history"><small>The opposing Avalugg restored a little HP using its Leftovers!</small><br></div><div class="spacer battle-history"><br></div><h2 class="battle-history">Turn 6</h2><div class="spacer battle-history"><br></div><div class="battle-history">test, come back!<br></div><div class="battle-history">Go! picsou (<strong>Combusken</strong>)!<br></div><div class="battle-history"><small>picsou was caught in a sticky web!</small><br></div><div class="battle-history"><small>picsou's Speed fell!</small><br></div><div class="battle-history"><small>picsou was poisoned!</small><br></div><div class="spacer battle-history"><br></div><div class="battle-history">The opposing Avalugg used <strong>Avalanche</strong>!<br></div><div class="battle-history"><small>It's not very effective...</small><br></div><div class="battle-history"><small>(picsou lost <abbr title="−69/261">26.4%</abbr> of its health!)</small><br></div><div class="spacer battle-history"><br></div><div class="battle-history"><small>The opposing Avalugg restored a little HP using its Leftovers!</small><br></div><div class="battle-history"><small>picsou was hurt by poison!</small><br></div><div class="spacer battle-history"><br></div><h2 class="battle-history">Turn 7</h2><div class="spacer battle-history"><br></div><div class="battle-history">robino2 withdrew Avalugg!<br></div><div class="battle-history">robino2 sent out <strong>Heatmor</strong>!<br></div><div class="battle-history"><small>Pointed stones dug into the opposing Heatmor!</small><br></div><div class="spacer battle-history"><br></div><div class="battle-history">picsou used <strong>Vacuum Wave</strong>!<br></div><div class="battle-history"><small>(The opposing Heatmor lost <abbr title="−110/312">35.3%</abbr> of its health!)</small><br></div><div class="battle-history"><small>picsou lost some of its HP!</small><br></div><div class="spacer battle-history"><br></div><div class="battle-history"><small>picsou was hurt by poison!</small><br></div><div class="spacer battle-history"><br></div><h2 class="battle-history">Turn 8</h2><div class="spacer battle-history"><br></div><div class="battle-history">picsou, come back!<br></div><div class="battle-history">Go! really guy ? (<strong>Marshtomp</strong>)!<br></div><div class="battle-history"><small>really guy ? was caught in a sticky web!</small><br></div><div class="battle-history"><small>really guy ?'s Speed fell!</small><br></div><div class="battle-history"><small>really guy ? was poisoned!</small><br></div><div class="spacer battle-history"><br></div><div class="battle-history">The opposing Heatmor used <strong>Focus Blast</strong>!<br></div><div class="battle-history"><small>(really guy ? lost <abbr title="−190/344">55.2%</abbr> of its health!)</small><br></div><div class="spacer battle-history"><br></div><div class="battle-history"><small>really guy ? restored a little HP using its Leftovers!</small><br></div><div class="battle-history"><small>really guy ? was hurt by poison!</small><br></div><div class="spacer battle-history"><br></div><h2 class="battle-history">Turn 9</h2><div class="spacer battle-history"><br></div><div class="battle-history">robino2 withdrew Heatmor!<br></div><div class="battle-history">robino2 sent out <strong>Tropius</strong>!<br></div><div class="battle-history"><small>Pointed stones dug into the opposing Tropius!</small><br></div><div class="spacer battle-history"><br></div><div class="battle-history">really guy ? used <strong>Waterfall</strong>!<br></div><div class="battle-history"><small>It's not very effective...</small><br></div><div class="battle-history"><small>(The opposing Tropius lost <abbr title="−105/402">26.1%</abbr> of its health!)</small><br></div><div class="battle-history"><small>The opposing Tropius ate its Sitrus Berry!</small><br></div><div class="battle-history"><small>The opposing Tropius restored HP using its Sitrus Berry!</small><br></div><div class="spacer battle-history"><br></div><div class="battle-history"><small>really guy ? restored a little HP using its Leftovers!</small><br></div><div class="battle-history"><small>really guy ? was hurt by poison!</small><br></div><div class="battle-history"><small>[The opposing Tropius's Harvest]</small><br><small>The opposing Tropius harvested one Sitrus Berry!</small><br></div><div class="spacer battle-history"><br></div><h2 class="battle-history">Turn 10</h2><div class="spacer battle-history"><br></div><div class="battle-history">really guy ?, come back!<br></div><div class="battle-history">Go! picsou (<strong>Combusken</strong>)!<br></div><div class="battle-history"><small>picsou was caught in a sticky web!</small><br></div><div class="battle-history"><small>picsou's Speed fell!</small><br></div><div class="spacer battle-history"><br></div><div class="battle-history">The opposing Tropius used <strong>Protect</strong>!<br></div><div class="battle-history"><small>But it failed!</small><br></div><div class="spacer battle-history"><br></div><div class="battle-history"><small>picsou was hurt by poison!</small><br></div><div class="spacer battle-history"><br></div><h2 class="battle-history">Turn 11</h2><div class="spacer battle-history"><br></div><div class="battle-history">picsou used <strong>Agility</strong>!<br></div><div class="battle-history"><small>picsou's Speed rose sharply!</small><br></div><div class="spacer battle-history"><br></div><div class="battle-history">The opposing Tropius used <strong>Substitute</strong>!<br></div><div class="battle-history"><small>The opposing Tropius put in a substitute!</small><br></div><div class="battle-history"><small>(The opposing Tropius lost <abbr title="−100/402">24.9%</abbr> of its health!)</small><br></div><div class="battle-history"><small>The opposing Tropius ate its Sitrus Berry!</small><br></div><div class="battle-history"><small>The opposing Tropius restored HP using its Sitrus Berry!</small><br></div><div class="spacer battle-history"><br></div><div class="battle-history"><small>picsou was hurt by poison!</small><br></div><div class="battle-history"><small>[The opposing Tropius's Harvest]</small><br><small>The opposing Tropius harvested one Sitrus Berry!</small><br></div><div class="spacer battle-history"><br></div><h2 class="battle-history">Turn 12</h2><div class="chat"><small>Syfou joined.</small></div><div class="chat"><small>Syfou left.</small></div><div class="spacer battle-history"><br></div><div class="battle-history">The opposing Tropius used <strong>Protect</strong>!<br></div><div class="battle-history"><small>The opposing Tropius protected itself!</small><br></div><div class="spacer battle-history"><br></div><div class="battle-history">picsou used <strong>Hidden Power</strong>!<br></div><div class="battle-history"><small>The opposing Tropius protected itself!</small><br></div><div class="spacer battle-history"><br></div><div class="battle-history"><small>picsou was hurt by poison!</small><br></div><div class="spacer battle-history"><br></div><h2 class="battle-history">Turn 13</h2><div class="spacer battle-history"><br></div><div class="battle-history">picsou used <strong>Fire Blast</strong>!<br></div><div class="battle-history"><small>It's super effective!</small><br></div><div class="battle-history"><small>The opposing Tropius's substitute faded!</small><br></div><div class="battle-history"><small>picsou lost some of its HP!</small><br></div><div class="spacer battle-history"><br></div><div class="battle-history">picsou fainted!<br></div><div class="battle-history">The opposing Tropius used <strong>Giga Drain</strong>!<br></div><div class="battle-history"><small>But there was no target...</small><br></div><div class="spacer battle-history"><br></div><div class="battle-history">Go! test (<strong>Dodrio</strong>)!<br></div><div class="spacer battle-history"><br></div><h2 class="battle-history">Turn 14</h2><div class="spacer battle-history"><br></div><div class="battle-history">robino2 withdrew Tropius!<br></div><div class="battle-history">robino2 sent out <strong>Avalugg</strong>!<br></div><div class="battle-history"><small>Pointed stones dug into the opposing Avalugg!</small><br></div><div class="spacer battle-history"><br></div><div class="battle-history">test used <strong>Roost</strong>!<br></div><div class="battle-history"><small>test restored its HP.</small><br></div><div class="spacer battle-history"><br></div><div class="battle-history"><small>The opposing Avalugg restored a little HP using its Leftovers!</small><br></div><div class="spacer battle-history"><br></div><h2 class="battle-history">Turn 15</h2><div class="spacer battle-history"><br></div><div class="battle-history">test, come back!<br></div><div class="battle-history">Go! poutre la loutre (<strong>Floatzel</strong>)!<br></div><div class="battle-history"><small>poutre la loutre was poisoned!</small><br></div><div class="battle-history"><small>poutre la loutre was caught in a sticky web!</small><br></div><div class="battle-history"><small>poutre la loutre's Speed fell!</small><br></div><div class="spacer battle-history"><br></div><div class="battle-history">The opposing Avalugg used <strong>Avalanche</strong>!<br></div><div class="battle-history"><small>It's not very effective...</small><br></div><div class="battle-history"><small>(poutre la loutre lost <abbr title="−72/311">23.2%</abbr> of its health!)</small><br></div><div class="spacer battle-history"><br></div><div class="battle-history"><small>The opposing Avalugg restored a little HP using its Leftovers!</small><br></div><div class="battle-history"><small>poutre la loutre was hurt by poison!</small><br></div><div class="spacer battle-history"><br></div><h2 class="battle-history">Turn 16</h2><div class="spacer battle-history"><br></div><div class="battle-history">poutre la loutre used <strong>Power-Up Punch</strong>!<br></div><div class="battle-history"><small>It's super effective!</small><br></div><div class="battle-history"><small>(The opposing Avalugg lost <abbr title="−52/381">13.6%</abbr> of its health!)</small><br></div><div class="battle-history"><small>poutre la loutre's Attack rose!</small><br></div><div class="battle-history"><small>poutre la loutre lost some of its HP!</small><br></div><div class="spacer battle-history"><br></div><div class="battle-history">The opposing Avalugg used <strong>Earthquake</strong>!<br></div><div class="battle-history"><small>(poutre la loutre lost <abbr title="−158/311">50.8%</abbr> of its health!)</small><br></div><div class="spacer battle-history"><br></div><div class="battle-history"><small>The opposing Avalugg restored a little HP using its Leftovers!</small><br></div><div class="battle-history"><small>poutre la loutre was hurt by poison!</small><br></div><div class="spacer battle-history"><br></div><div class="battle-history">poutre la loutre fainted!<br></div><div class="spacer battle-history"><br></div><div class="battle-history">Go! bellissima (<strong>Bellossom</strong>)!<br></div><div class="battle-history"><small>bellissima was caught in a sticky web!</small><br></div><div class="battle-history"><small>bellissima's Speed fell!</small><br></div><div class="battle-history"><small>bellissima was poisoned!</small><br></div><div class="spacer battle-history"><br></div><h2 class="battle-history">Turn 17</h2><div class="spacer battle-history"><br></div><div class="battle-history">bellissima used <strong>Leaf Storm</strong>!<br></div><div class="battle-history"><small>(The opposing Avalugg lost <abbr title="−144/381">37.8%</abbr> of its health!)</small><br></div><div class="battle-history"><small>bellissima's Special Attack fell harshly!</small><br></div><div class="spacer battle-history"><br></div><div class="battle-history">The opposing Avalugg fainted!<br></div><div class="spacer battle-history"><br></div><div class="battle-history"><small>bellissima was hurt by poison!</small><br></div><div class="spacer battle-history"><br></div><div class="battle-history">robino2 sent out <strong>Heatmor</strong>!<br></div><div class="battle-history"><small>Pointed stones dug into the opposing Heatmor!</small><br></div><div class="spacer battle-history"><br></div><h2 class="battle-history">Turn 18</h2><div class="spacer battle-history"><br></div><div class="battle-history">bellissima, come back!<br></div><div class="battle-history">Go! really guy ? (<strong>Marshtomp</strong>)!<br></div><div class="battle-history"><small>really guy ? was caught in a sticky web!</small><br></div><div class="battle-history"><small>really guy ?'s Speed fell!</small><br></div><div class="spacer battle-history"><br></div><div class="battle-history">The opposing Heatmor used <strong>Fire Blast</strong>!<br></div><div class="battle-history"><small>really guy ? avoided the attack!</small><br></div><div class="spacer battle-history"><br></div><div class="battle-history"><small>really guy ? restored a little HP using its Leftovers!</small><br></div><div class="battle-history"><small>really guy ? was hurt by poison!</small><br></div><div class="spacer battle-history"><br></div><h2 class="battle-history">Turn 19</h2><div class="spacer battle-history"><br></div><div class="battle-history">The opposing Heatmor used <strong>Fire Blast</strong>!<br></div><div class="battle-history"><small>It's not very effective...</small><br></div><div class="battle-history"><small>(really guy ? lost <abbr title="−8/344">2.3%</abbr> of its health!)</small><br></div><div class="spacer battle-history"><br></div><div class="battle-history">really guy ? fainted!<br></div><div class="spacer battle-history"><br></div><div class="battle-history">Go! test (<strong>Dodrio</strong>)!<br></div><div class="spacer battle-history"><br></div><h2 class="battle-history">Turn 20</h2><div class="spacer battle-history"><br></div><div class="battle-history">The opposing Heatmor used <strong>Fire Blast</strong>!<br></div><div class="battle-history"><small>(test lost <abbr title="−261/261">100%</abbr> of its health!)</small><br></div><div class="spacer battle-history"><br></div><div class="battle-history">test fainted!<br></div><div class="spacer battle-history"><br></div><div class="battle-history">Go! phary (<strong>Ampharos</strong>)!<br></div><div class="battle-history"><small>phary was poisoned!</small><br></div><div class="battle-history"><small>phary was caught in a sticky web!</small><br></div><div class="battle-history"><small>phary's Speed fell!</small><br></div><div class="spacer battle-history"><br></div><h2 class="battle-history">Turn 21</h2><div class="spacer battle-history"><br></div><div class="battle-history">The opposing Heatmor used <strong>Fire Blast</strong>!<br></div><div class="battle-history"><small>(phary lost <abbr title="−201/384">52.3%</abbr> of its health!)</small><br></div><div class="spacer battle-history"><br></div><div class="battle-history">phary used <strong>Thunderbolt</strong>!<br></div><div class="battle-history"><small>(The opposing Heatmor lost <abbr title="−46/312">14.7%</abbr> of its health!)</small><br></div><div class="spacer battle-history"><br></div><div class="battle-history">The opposing Heatmor fainted!<br></div><div class="spacer battle-history"><br></div><div class="battle-history"><small>phary restored a little HP using its Leftovers!</small><br></div><div class="battle-history"><small>phary was hurt by poison!</small><br></div><div class="spacer battle-history"><br></div><div class="battle-history">robino2 sent out <strong>Tropius</strong>!<br></div><div class="battle-history"><small>Pointed stones dug into the opposing Tropius!</small><br></div><div class="battle-history"><small>The opposing Tropius ate its Sitrus Berry!</small><br></div><div class="battle-history"><small>The opposing Tropius restored HP using its Sitrus Berry!</small><br></div><div class="spacer battle-history"><br></div><h2 class="battle-history">Turn 22</h2><div class="spacer battle-history"><br></div><div class="battle-history">The opposing Tropius used <strong>Protect</strong>!<br></div><div class="battle-history"><small>The opposing Tropius protected itself!</small><br></div><div class="spacer battle-history"><br></div><div class="battle-history">phary used <strong>Light Screen</strong>!<br></div><div class="battle-history"><small>Light Screen made your team stronger against special moves!</small><br></div><div class="spacer battle-history"><br></div><div class="battle-history"><small>phary restored a little HP using its Leftovers!</small><br></div><div class="battle-history"><small>phary was hurt by poison!</small><br></div><div class="battle-history"><small>[The opposing Tropius's Harvest]</small><br><small>The opposing Tropius harvested one Sitrus Berry!</small><br></div><div class="spacer battle-history"><br></div><h2 class="battle-history">Turn 23</h2><div class="spacer battle-history"><br></div><div class="battle-history">The opposing Tropius used <strong>Giga Drain</strong>!<br></div><div class="battle-history"><small>A critical hit!</small><br></div><div class="battle-history"><small>(phary lost <abbr title="−106/384">27.6%</abbr> of its health!)</small><br></div><div class="battle-history"><small>phary had its energy drained!</small><br></div><div class="spacer battle-history"><br></div><div class="battle-history">phary used <strong>Hidden Power</strong>!<br></div><div class="battle-history"><small>It's super effective!</small><br></div><div class="battle-history"><small>A critical hit!</small><br></div><div class="battle-history"><small>(The opposing Tropius lost <abbr title="−274/402">68.2%</abbr> of its health!)</small><br></div><div class="spacer battle-history"><br></div><div class="battle-history">The opposing Tropius fainted!<br></div><div class="spacer battle-history"><br></div><div class="battle-history"><small>phary restored a little HP using its Leftovers!</small><br></div><div class="battle-history"><small>phary was hurt by poison!</small><br></div><div class="spacer battle-history"><br></div><div class="battle-history">robino2 sent out <strong>Bibarel</strong>!<br></div><div class="battle-history"><small>Pointed stones dug into the opposing Bibarel!</small><br></div><div class="spacer battle-history"><br></div><h2 class="battle-history">Turn 24</h2><div class="spacer battle-history"><br></div><div class="battle-history">The opposing Bibarel used <strong>Quick Attack</strong>!<br></div><div class="battle-history"><small>(phary lost <abbr title="−5/384">1.3%</abbr> of its health!)</small><br></div><div class="spacer battle-history"><br></div><div class="battle-history">phary fainted!<br></div><div class="spacer battle-history"><br></div><div class="battle-history">Go! bellissima (<strong>Bellossom</strong>)!<br></div><div class="battle-history"><small>bellissima was caught in a sticky web!</small><br></div><div class="battle-history"><small>bellissima's Speed fell!</small><br></div><div class="spacer battle-history"><br></div><h2 class="battle-history">Turn 25</h2><div class="spacer battle-history"><br></div><div class="battle-history">The opposing Bibarel used <strong>Quick Attack</strong>!<br></div><div class="battle-history"><small>(bellissima lost <abbr title="−63/291">21.6%</abbr> of its health!)</small><br></div><div class="spacer battle-history"><br></div><div class="battle-history">bellissima used <strong>Giga Drain</strong>!<br></div><div class="battle-history"><small>It's super effective!</small><br></div><div class="battle-history"><small>(The opposing Bibarel lost <abbr title="−317/362">87.6%</abbr> of its health!)</small><br></div><div class="battle-history"><small>The opposing Bibarel had its energy drained!</small><br></div><div class="spacer battle-history"><br></div><div class="battle-history">The opposing Bibarel fainted!<br></div><div class="spacer battle-history"><br></div><div class="battle-history"><small>bellissima was hurt by poison!</small><br></div><div class="spacer battle-history"><br></div><div class="battle-history">robino2 sent out <strong>Luxray</strong>!<br></div><div class="battle-history"><small>Pointed stones dug into the opposing Luxray!</small><br></div><div class="spacer battle-history"><br></div><h2 class="battle-history">Turn 26</h2><div class="spacer battle-history"><br></div><div class="battle-history">The opposing Luxray used <strong>Facade</strong>!<br></div><div class="battle-history"><small>(bellissima lost <abbr title="−79/291">27.1%</abbr> of its health!)</small><br></div><div class="spacer battle-history"><br></div><div class="battle-history">bellissima used <strong>Leaf Storm</strong>!<br></div><div class="battle-history"><small>(The opposing Luxray lost <abbr title="−261/302">86.4%</abbr> of its health!)</small><br></div><div class="battle-history"><small>bellissima's Special Attack fell harshly!</small><br></div><div class="spacer battle-history"><br></div><div class="battle-history"><small>bellissima was hurt by poison!</small><br></div><div class="battle-history"><small>Your team's Light Screen wore off!</small><br></div><div class="battle-history"><small>The opposing Luxray was burned!</small><br></div><div class="spacer battle-history"><br></div><h2 class="battle-history">Turn 27</h2><div class="spacer battle-history"><br></div><div class="battle-history">The opposing Luxray used <strong>Facade</strong>!<br></div><div class="battle-history"><small>(bellissima lost <abbr title="−140/291">48.1%</abbr> of its health!)</small><br></div><div class="spacer battle-history"><br></div><div class="battle-history">bellissima fainted!<br></div><div class="spacer battle-history"><br></div><div class="battle-history"><strong>robino2</strong> won the battle!<br></div><div class="chat"><small>robino2 left.</small></div><div class="chat">dr cafeine's rating: 1147 → <strong>1116</strong><br>(-31 for losing)</div><div class="chat">robino2's rating: 1057 → <strong>1097</strong><br>(+40 for winning)</div></div><div class="inner-preempt"></div></div></div>
</div>
<script>
let daily = Math.floor(Date.now()/1000/60/60/24);document.write('<script src="https://play.pokemonshowdown.com/js/replay-embed.js?version'+daily+'"></'+'script>');
</script>
