<!DOCTYPE html>
<meta charset="utf-8" />
<!-- version 1 -->
<title>PU replay: GenZeon vs. The Hero 0f Rhyme</title>
<style>
html,body {font-family:Verdana, sans-serif;font-size:10pt;margin:0;padding:0;}body{padding:12px 0;} .battle-log {font-family:Verdana, sans-serif;font-size:10pt;} .battle-log-inline {border:1px solid #AAAAAA;background:#EEF2F5;color:black;max-width:640px;margin:0 auto 80px;padding-bottom:5px;} .battle-log .inner {padding:4px 8px 0px 8px;} .battle-log .inner-preempt {padding:0 8px 4px 8px;} .battle-log .inner-after {margin-top:0.5em;} .battle-log h2 {margin:0.5em -8px;padding:4px 8px;border:1px solid #AAAAAA;background:#E0E7EA;border-left:0;border-right:0;font-family:Verdana, sans-serif;font-size:13pt;} .battle-log .chat {vertical-align:middle;padding:3px 0 3px 0;font-size:8pt;} .battle-log .chat strong {color:#40576A;} .battle-log .chat em {padding:1px 4px 1px 3px;color:#000000;font-style:normal;} .chat.mine {background:rgba(0,0,0,0.05);margin-left:-8px;margin-right:-8px;padding-left:8px;padding-right:8px;} .spoiler {color:#BBBBBB;background:#BBBBBB;padding:0px 3px;} .spoiler:hover, .spoiler:active, .spoiler-shown {color:#000000;background:#E2E2E2;padding:0px 3px;} .spoiler a {color:#BBBBBB;} .spoiler:hover a, .spoiler:active a, .spoiler-shown a {color:#2288CC;} .chat code, .chat .spoiler:hover code, .chat .spoiler:active code, .chat .spoiler-shown code {border:1px solid #C0C0C0;background:#EEEEEE;color:black;padding:0 2px;} .chat .spoiler code {border:1px solid #CCCCCC;background:#CCCCCC;color:#CCCCCC;} .battle-log .rated {padding:3px 4px;} .battle-log .rated strong {color:white;background:#89A;padding:1px 4px;border-radius:4px;} .spacer {margin-top:0.5em;} .message-announce {background:#6688AA;color:white;padding:1px 4px 2px;} .message-announce a, .broadcast-green a, .broadcast-blue a, .broadcast-red a {color:#DDEEFF;} .broadcast-green {background-color:#559955;color:white;padding:2px 4px;} .broadcast-blue {background-color:#6688AA;color:white;padding:2px 4px;} .infobox {border:1px solid #6688AA;padding:2px 4px;} .infobox-limited {max-height:200px;overflow:auto;overflow-x:hidden;} .broadcast-red {background-color:#AA5544;color:white;padding:2px 4px;} .message-learn-canlearn {font-weight:bold;color:#228822;text-decoration:underline;} .message-learn-cannotlearn {font-weight:bold;color:#CC2222;text-decoration:underline;} .message-effect-weak {font-weight:bold;color:#CC2222;} .message-effect-resist {font-weight:bold;color:#6688AA;} .message-effect-immune {font-weight:bold;color:#666666;} .message-learn-list {margin-top:0;margin-bottom:0;} .message-throttle-notice, .message-error {color:#992222;} .message-overflow, .chat small.message-overflow {font-size:0pt;} .message-overflow::before {font-size:9pt;content:'...';} .subtle {color:#3A4A66;}
</style>
<div class="wrapper replay-wrapper" style="max-width:1180px;margin:0 auto">
<input type="hidden" name="replayid" value="pu-586645496" />
<div class="battle"></div><div class="battle-log"></div><div class="replay-controls"></div><div class="replay-controls-2"></div>
<h1 style="font-weight:normal;text-align:center"><strong>PU</strong><br /><a href="http://pokemonshowdown.com/users/genzeon" class="subtle" target="_blank">GenZeon</a> vs. <a href="http://pokemonshowdown.com/users/thehero0frhyme" class="subtle" target="_blank">The Hero 0f Rhyme</a></h1>
<script type="text/plain" class="battle-log-data">|j|GenZeon
|j|The Hero 0f Rhyme
|player|p1|GenZeon|294
|teamsize|p1|6
|player|p2|The Hero 0f Rhyme|161
|teamsize|p2|6
|gametype|singles
|gen|6
|tier|PU
|seed|24084,2540,62612,44146
|rule|Sleep Clause Mod: Limit one foe put to sleep
|rule|Species Clause: Limit one of each Pokémon
|rule|OHKO Clause: OHKO moves are banned
|rule|Moody Clause: Moody is banned
|rule|Evasion Moves Clause: Evasion moves are banned
|rule|Endless Battle Clause: Forcing endless battles is banned
|rule|HP Percentage Mod: HP is shown in percentages
|clearpoke
|poke|p1|Golem, M|item
|poke|p1|Gorebyss, M|item
|poke|p1|Zebstrika, M|item
|poke|p1|Rapidash, M|item
|poke|p1|Jumpluff, M|
|poke|p1|Stoutland, F|item
|poke|p2|Butterfree, M|item
|poke|p2|Probopass, M|item
|poke|p2|Vibrava, M, shiny|item
|poke|p2|Roselia, F|item
|poke|p2|Monferno, M|item
|poke|p2|Arbok, M|item
|rule|Swagger Clause: Swagger is banned
|rule|Baton Pass Clause: Limit one Baton Passer, can't pass Spe and other stats simultaneously
|teampreview
|j|Gimlegara
|c|☆GenZeon|nice team
|c|☆The Hero 0f Rhyme|same
|j|quagsgone
|choice|team 3, team 2, team 1, team 4, team 5, team 6|team 4, team 2, team 3, team 1, team 5, team 6
|
|start
|switch|p1a: Zebstrika|Zebstrika, M|291\/291
|switch|p2a: Cris|Roselia, F|304\/304
|turn|1
|choice|move voltswitch|move sludgebomb
|
|move|p1a: Zebstrika|Volt Switch|p2a: Cris
|-resisted|p2a: Cris
|-crit|p2a: Cris
|-damage|p2a: Cris|249\/304
|-damage|p1a: Zebstrika|262\/291|[from] item: Life Orb
|choice|switch 5|
|
|switch|p1a: Jumpluff|Jumpluff, M|291\/291
|move|p2a: Cris|Sludge Bomb|p1a: Jumpluff
|-supereffective|p1a: Jumpluff
|-damage|p1a: Jumpluff|79\/291
|
|upkeep
|turn|2
|choice|move acrobatics|switch 2
|
|switch|p2a: Mr Higgings|Probopass, M|324\/324
|move|p1a: Jumpluff|Acrobatics|p2a: Mr Higgings
|-resisted|p2a: Mr Higgings
|-damage|p2a: Mr Higgings|303\/324
|
|-heal|p2a: Mr Higgings|323\/324|[from] item: Leftovers
|upkeep
|turn|3
|choice|move memento|move stealthrock
|
|move|p1a: Jumpluff|Memento|p2a: Mr Higgings
|-unboost|p2a: Mr Higgings|atk|2
|-unboost|p2a: Mr Higgings|spa|2
|faint|p1a: Jumpluff
|move|p2a: Mr Higgings|Stealth Rock|p1: Jumpluff
|-sidestart|p1: GenZeon|move: Stealth Rock
|
|-heal|p2a: Mr Higgings|324\/324|[from] item: Leftovers
|upkeep
|choice|switch 2|
|
|switch|p1a: Gorebyss|Gorebyss, M|251\/251
|-damage|p1a: Gorebyss|220\/251|[from] Stealth Rock
|turn|4
|choice|move shellsmash|move thunderwave
|
|move|p1a: Gorebyss|Shell Smash|p1a: Gorebyss
|-unboost|p1a: Gorebyss|def|1
|-unboost|p1a: Gorebyss|spd|1
|-boost|p1a: Gorebyss|atk|2
|-boost|p1a: Gorebyss|spa|2
|-boost|p1a: Gorebyss|spe|2
|move|p2a: Mr Higgings|Thunder Wave|p1a: Gorebyss
|-status|p1a: Gorebyss|par
|
|upkeep
|turn|5
|c| quagsgone|rip
|c|☆GenZeon|shit
|choice|move icebeam|move voltswitch
|
|move|p2a: Mr Higgings|Volt Switch|p1a: Gorebyss
|-supereffective|p1a: Gorebyss
|-damage|p1a: Gorebyss|130\/251 par
|choice||switch 2
|
|switch|p2a: Cris|Roselia, F|249\/304
|move|p1a: Gorebyss|Ice Beam|p2a: Cris
|-supereffective|p2a: Cris
|-damage|p2a: Cris|0 fnt
|-damage|p1a: Gorebyss|105\/251 par|[from] item: Life Orb
|faint|p2a: Cris
|
|upkeep
|choice||switch 4
|
|switch|p2a: Dietetic|Butterfree, M|261\/261
|turn|6
|choice|move icebeam|move bugbuzz
|
|move|p2a: Dietetic|Bug Buzz|p1a: Gorebyss
|-damage|p1a: Gorebyss|0 fnt
|-damage|p2a: Dietetic|235\/261|[from] item: Life Orb
|faint|p1a: Gorebyss
|
|upkeep
|choice|switch 5|
|
|switch|p1a: Zebstrika|Zebstrika, M|262\/291
|-damage|p1a: Zebstrika|226\/291|[from] Stealth Rock
|turn|7
|choice|move hiddenpower|switch 3
|
|switch|p2a: Mr Clean|Vibrava, M, shiny|304\/304
|move|p1a: Zebstrika|Hidden Power|p2a: Mr Clean
|-supereffective|p2a: Mr Clean
|-damage|p2a: Mr Clean|101\/304
|-damage|p1a: Zebstrika|197\/291|[from] item: Life Orb
|
|upkeep
|turn|8
|choice|move hiddenpower|switch 2
|
|switch|p2a: Mr Higgings|Probopass, M|324\/324
|move|p1a: Zebstrika|Hidden Power|p2a: Mr Higgings
|-resisted|p2a: Mr Higgings
|-damage|p2a: Mr Higgings|305\/324
|-damage|p1a: Zebstrika|168\/291|[from] item: Life Orb
|
|-heal|p2a: Mr Higgings|324\/324|[from] item: Leftovers
|upkeep
|turn|9
|choice|move voltswitch|move powergem
|
|move|p1a: Zebstrika|Volt Switch|p2a: Mr Higgings
|-damage|p2a: Mr Higgings|256\/324
|-damage|p1a: Zebstrika|139\/291|[from] item: Life Orb
|choice|switch 3|
|
|switch|p1a: Golem|Golem, M|302\/302
|-damage|p1a: Golem|284\/302|[from] Stealth Rock
|move|p2a: Mr Higgings|Power Gem|p1a: Golem
|-resisted|p1a: Golem
|-damage|p1a: Golem|235\/302
|
|-heal|p2a: Mr Higgings|276\/324|[from] item: Leftovers
|upkeep
|turn|10
|choice|move stealthrock|switch 2
|
|switch|p2a: Mr Clean|Vibrava, M, shiny|101\/304
|move|p1a: Golem|Stealth Rock|p2a: Mr Clean
|-sidestart|p2: The Hero 0f Rhyme|move: Stealth Rock
|
|upkeep
|turn|11
|choice|move earthquake|move roost
|
|move|p1a: Golem|Earthquake|p2a: Mr Clean
|-immune|p2a: Mr Clean|[msg]|[from] ability: Levitate
|move|p2a: Mr Clean|Roost|p2a: Mr Clean
|-heal|p2a: Mr Clean|253\/304
|
|upkeep
|turn|12
|c|☆GenZeon|slow ass vibrava
|choice|switch 6|move defog
|
|switch|p1a: Stoutland|Stoutland, F|312\/312
|-damage|p1a: Stoutland|273\/312|[from] Stealth Rock
|move|p2a: Mr Clean|Defog|p1a: Stoutland
|-unboost|p1a: Stoutland|evasion|1
|-sideend|p1: GenZeon|Stealth Rock|[from] move: Defog|[of] p1a: Stoutland
|-sideend|p2: The Hero 0f Rhyme|Stealth Rock|[from] move: Defog|[of] p2a: Mr Clean
|
|upkeep
|turn|13
|choice|move return|move uturn
|
|move|p1a: Stoutland|Return|p2a: Mr Clean
|-damage|p2a: Mr Clean|0 fnt
|faint|p2a: Mr Clean
|
|upkeep
|c| quagsgone|plop
|choice||switch 6
|
|switch|p2a: Nagini|Arbok, M|261\/261
|-ability|p2a: Nagini|Intimidate|boost
|-unboost|p1a: Stoutland|atk|1
|turn|14
|choice|switch 6|move coil
|
|switch|p1a: Golem|Golem, M|235\/302
|move|p2a: Nagini|Coil|p2a: Nagini
|-boost|p2a: Nagini|atk|1
|-boost|p2a: Nagini|def|1
|-boost|p2a: Nagini|accuracy|1
|
|upkeep
|turn|15
|choice|move earthquake|move earthquake
|
|move|p2a: Nagini|Earthquake|p1a: Golem
|-supereffective|p1a: Golem
|-damage|p1a: Golem|0 fnt
|faint|p1a: Golem
|
|upkeep
|choice|switch 3|
|
|switch|p1a: Zebstrika|Zebstrika, M|139\/291
|turn|16
|choice|move thunderbolt|move suckerpunch
|
|move|p2a: Nagini|Sucker Punch|p1a: Zebstrika
|-damage|p1a: Zebstrika|0 fnt
|faint|p1a: Zebstrika
|
|upkeep
|choice|switch 4|
|
|switch|p1a: Rapidash|Rapidash, M|271\/271
|turn|17
|choice|move flareblitz|move earthquake
|
|move|p1a: Rapidash|Flare Blitz|p2a: Nagini
|-damage|p2a: Nagini|56\/261
|-damage|p1a: Rapidash|203\/271|[from] Recoil|[of] p2a: Nagini
|move|p2a: Nagini|Earthquake|p1a: Rapidash
|-supereffective|p1a: Rapidash
|-damage|p1a: Rapidash|0 fnt
|faint|p1a: Rapidash
|
|-heal|p2a: Nagini|72\/261|[from] item: Black Sludge
|upkeep
|choice|switch 6|
|
|switch|p1a: Stoutland|Stoutland, F|273\/312
|turn|18
|c|☆GenZeon|gg
|c|☆The Hero 0f Rhyme|gg
|choice|move return|move suckerpunch
|
|move|p2a: Nagini|Sucker Punch|p1a: Stoutland
|-damage|p1a: Stoutland|140\/312
|move|p1a: Stoutland|Return|p2a: Nagini
|-damage|p2a: Nagini|0 fnt
|faint|p2a: Nagini
|
|upkeep
|choice||switch 5
|
|switch|p2a: Jackie Chan|Monferno, M|269\/269
|turn|19
|choice|move return|move machpunch
|
|move|p2a: Jackie Chan|Mach Punch|p1a: Stoutland
|-supereffective|p1a: Stoutland
|-damage|p1a: Stoutland|0 fnt
|faint|p1a: Stoutland
|
|win|The Hero 0f Rhyme
|l|GenZeon
|l|quagsgone
|l|The Hero 0f Rhyme
|j|The Hero 0f Rhyme
|l|Gimlegara</script>
</div>
<div class="battle-log battle-log-inline"><div class="inner"><div class="battle-options"></div><div class="inner"><div class="chat"><small>GenZeon joined.</small></div><div class="chat"><small>The Hero 0f Rhyme joined.</small></div><div class=""><small>Format:</small> <br><strong>PU</strong></div><div class=""><small><em>Sleep Clause Mod:</em> Limit one foe put to sleep</small></div><div class=""><small><em>Species Clause:</em> Limit one of each Pokémon</small></div><div class=""><small><em>OHKO Clause:</em> OHKO moves are banned</small></div><div class=""><small><em>Moody Clause:</em> Moody is banned</small></div><div class=""><small><em>Evasion Moves Clause:</em> Evasion moves are banned</small></div><div class=""><small><em>Endless Battle Clause:</em> Forcing endless battles is banned</small></div><div class=""><small><em>HP Percentage Mod:</em> HP is shown in percentages</small></div><div class=""><small><em>Swagger Clause:</em> Swagger is banned</small></div><div class=""><small><em>Baton Pass Clause:</em> Limit one Baton Passer, can't pass Spe and other stats simultaneously</small></div><div class="chat battle-history"><strong>GenZeon's team:</strong> <em style="color:#445566;display:block;">Golem / Gorebyss / Zebstrika / Rapidash / Jumpluff / Stoutland</em></div><div class="chat battle-history"><strong>The Hero 0f Rhyme's team:</strong> <em style="color:#445566;display:block;">Butterfree / Probopass / Vibrava / Roselia / Monferno / Arbok</em></div><div class="chat"><small>Gimlegara joined.</small></div><div class="chat chatmessage-genzeon"><strong style="color:hsl(102,48%,43.60401245056926%)"><small>☆</small><span class="username" data-name="GenZeon">GenZeon</span>:</strong> <em>nice team</em></div><div class="chat chatmessage-thehero0frhyme"><strong style="color:hsl(159,70%,37.54420772526872%)"><small>☆</small><span class="username" data-name="The Hero 0f Rhyme">The Hero 0f Rhyme</span>:</strong> <em>same</em></div><div class="chat"><small>quagsgone joined.</small></div><div class="spacer battle-history"><br></div><div class="battle-history">Battle started between GenZeon and The Hero 0f Rhyme!<br></div><div class="spacer battle-history"><br></div><div class="battle-history">Go! <strong>Zebstrika</strong>!<br></div><div class="spacer battle-history"><br></div><div class="battle-history">The Hero 0f Rhyme sent out Cris (<strong>Roselia</strong>)!<br></div><div class="spacer battle-history"><br></div><h2 class="battle-history">Turn 1</h2><div class="spacer battle-history"><br></div><div class="battle-history">Zebstrika used <strong>Volt Switch</strong>!<br></div><div class="battle-history"><small>It's not very effective...</small><br></div><div class="battle-history"><small>A critical hit!</small><br></div><div class="battle-history"><small>(The opposing Cris lost <abbr title="−55/304">18.1%</abbr> of its health!)</small><br></div><div class="battle-history"><small>Zebstrika lost some of its HP!</small><br></div><div class="spacer battle-history"><br></div><div class="battle-history">Zebstrika went back to GenZeon!<br></div><div class="battle-history">Go! <strong>Jumpluff</strong>!<br></div><div class="spacer battle-history"><br></div><div class="battle-history">The opposing Cris used <strong>Sludge Bomb</strong>!<br></div><div class="battle-history"><small>It's super effective!</small><br></div><div class="battle-history"><small>(Jumpluff lost <abbr title="−212/291">72.9%</abbr> of its health!)</small><br></div><div class="spacer battle-history"><br></div><h2 class="battle-history">Turn 2</h2><div class="spacer battle-history"><br></div><div class="battle-history">The Hero 0f Rhyme withdrew Cris!<br></div><div class="battle-history">The Hero 0f Rhyme sent out Mr Higgings (<strong>Probopass</strong>)!<br></div><div class="spacer battle-history"><br></div><div class="battle-history">Jumpluff used <strong>Acrobatics</strong>!<br></div><div class="battle-history"><small>It's not very effective...</small><br></div><div class="battle-history"><small>(The opposing Mr Higgings lost <abbr title="−21/324">6.5%</abbr> of its health!)</small><br></div><div class="spacer battle-history"><br></div><div class="battle-history"><small>The opposing Mr Higgings restored a little HP using its Leftovers!</small><br></div><div class="spacer battle-history"><br></div><h2 class="battle-history">Turn 3</h2><div class="spacer battle-history"><br></div><div class="battle-history">Jumpluff used <strong>Memento</strong>!<br></div><div class="battle-history"><small>The opposing Mr Higgings's Attack fell harshly!</small><br></div><div class="battle-history"><small>The opposing Mr Higgings's Special Attack fell harshly!</small><br></div><div class="spacer battle-history"><br></div><div class="battle-history">Jumpluff fainted!<br></div><div class="battle-history">The opposing Mr Higgings used <strong>Stealth Rock</strong>!<br></div><div class="battle-history"><small>Pointed stones float in the air around your team!</small><br></div><div class="spacer battle-history"><br></div><div class="battle-history"><small>The opposing Mr Higgings restored a little HP using its Leftovers!</small><br></div><div class="spacer battle-history"><br></div><div class="battle-history">Go! <strong>Gorebyss</strong>!<br></div><div class="battle-history"><small>Pointed stones dug into Gorebyss!</small><br></div><div class="spacer battle-history"><br></div><h2 class="battle-history">Turn 4</h2><div class="spacer battle-history"><br></div><div class="battle-history">Gorebyss used <strong>Shell Smash</strong>!<br></div><div class="battle-history"><small>Gorebyss's Defense fell!</small><br></div><div class="battle-history"><small>Gorebyss's Special Defense fell!</small><br></div><div class="battle-history"><small>Gorebyss's Attack rose sharply!</small><br></div><div class="battle-history"><small>Gorebyss's Special Attack rose sharply!</small><br></div><div class="battle-history"><small>Gorebyss's Speed rose sharply!</small><br></div><div class="spacer battle-history"><br></div><div class="battle-history">The opposing Mr Higgings used <strong>Thunder Wave</strong>!<br></div><div class="battle-history"><small>Gorebyss is paralyzed! It may be unable to move!</small><br></div><div class="spacer battle-history"><br></div><h2 class="battle-history">Turn 5</h2><div class="chat chatmessage-quagsgone"><strong style="color:hsl(283,77%,45.76726876648347%)"><small> </small><span class="username" data-name="quagsgone">quagsgone</span>:</strong> <em>rip</em></div><div class="chat chatmessage-genzeon"><strong style="color:hsl(102,48%,43.60401245056926%)"><small>☆</small><span class="username" data-name="GenZeon">GenZeon</span>:</strong> <em>shit</em></div><div class="spacer battle-history"><br></div><div class="battle-history">The opposing Mr Higgings used <strong>Volt Switch</strong>!<br></div><div class="battle-history"><small>It's super effective!</small><br></div><div class="battle-history"><small>(Gorebyss lost <abbr title="−90/251">35.9%</abbr> of its health!)</small><br></div><div class="spacer battle-history"><br></div><div class="battle-history">The opposing Mr Higgings went back to The Hero 0f Rhyme!<br></div><div class="battle-history">The Hero 0f Rhyme sent out Cris (<strong>Roselia</strong>)!<br></div><div class="spacer battle-history"><br></div><div class="battle-history">Gorebyss used <strong>Ice Beam</strong>!<br></div><div class="battle-history"><small>It's super effective!</small><br></div><div class="battle-history"><small>(The opposing Cris lost <abbr title="−249/304">81.9%</abbr> of its health!)</small><br></div><div class="battle-history"><small>Gorebyss lost some of its HP!</small><br></div><div class="spacer battle-history"><br></div><div class="battle-history">The opposing Cris fainted!<br></div><div class="spacer battle-history"><br></div><div class="battle-history">The Hero 0f Rhyme sent out Dietetic (<strong>Butterfree</strong>)!<br></div><div class="spacer battle-history"><br></div><h2 class="battle-history">Turn 6</h2><div class="spacer battle-history"><br></div><div class="battle-history">The opposing Dietetic used <strong>Bug Buzz</strong>!<br></div><div class="battle-history"><small>(Gorebyss lost <abbr title="−105/251">41.8%</abbr> of its health!)</small><br></div><div class="battle-history"><small>The opposing Dietetic lost some of its HP!</small><br></div><div class="spacer battle-history"><br></div><div class="battle-history">Gorebyss fainted!<br></div><div class="spacer battle-history"><br></div><div class="battle-history">Go! <strong>Zebstrika</strong>!<br></div><div class="battle-history"><small>Pointed stones dug into Zebstrika!</small><br></div><div class="spacer battle-history"><br></div><h2 class="battle-history">Turn 7</h2><div class="spacer battle-history"><br></div><div class="battle-history">The Hero 0f Rhyme withdrew Dietetic!<br></div><div class="battle-history">The Hero 0f Rhyme sent out Mr Clean (<strong>Vibrava</strong>)!<br></div><div class="spacer battle-history"><br></div><div class="battle-history">Zebstrika used <strong>Hidden Power</strong>!<br></div><div class="battle-history"><small>It's super effective!</small><br></div><div class="battle-history"><small>(The opposing Mr Clean lost <abbr title="−203/304">66.8%</abbr> of its health!)</small><br></div><div class="battle-history"><small>Zebstrika lost some of its HP!</small><br></div><div class="spacer battle-history"><br></div><h2 class="battle-history">Turn 8</h2><div class="spacer battle-history"><br></div><div class="battle-history">The Hero 0f Rhyme withdrew Mr Clean!<br></div><div class="battle-history">The Hero 0f Rhyme sent out Mr Higgings (<strong>Probopass</strong>)!<br></div><div class="spacer battle-history"><br></div><div class="battle-history">Zebstrika used <strong>Hidden Power</strong>!<br></div><div class="battle-history"><small>It's not very effective...</small><br></div><div class="battle-history"><small>(The opposing Mr Higgings lost <abbr title="−19/324">5.9%</abbr> of its health!)</small><br></div><div class="battle-history"><small>Zebstrika lost some of its HP!</small><br></div><div class="spacer battle-history"><br></div><div class="battle-history"><small>The opposing Mr Higgings restored a little HP using its Leftovers!</small><br></div><div class="spacer battle-history"><br></div><h2 class="battle-history">Turn 9</h2><div class="spacer battle-history"><br></div><div class="battle-history">Zebstrika used <strong>Volt Switch</strong>!<br></div><div class="battle-history"><small>(The opposing Mr Higgings lost <abbr title="−68/324">21.0%</abbr> of its health!)</small><br></div><div class="battle-history"><small>Zebstrika lost some of its HP!</small><br></div><div class="spacer battle-history"><br></div><div class="battle-history">Zebstrika went back to GenZeon!<br></div><div class="battle-history">Go! <strong>Golem</strong>!<br></div><div class="battle-history"><small>Pointed stones dug into Golem!</small><br></div><div class="spacer battle-history"><br></div><div class="battle-history">The opposing Mr Higgings used <strong>Power Gem</strong>!<br></div><div class="battle-history"><small>It's not very effective...</small><br></div><div class="battle-history"><small>(Golem lost <abbr title="−49/302">16.2%</abbr> of its health!)</small><br></div><div class="spacer battle-history"><br></div><div class="battle-history"><small>The opposing Mr Higgings restored a little HP using its Leftovers!</small><br></div><div class="spacer battle-history"><br></div><h2 class="battle-history">Turn 10</h2><div class="spacer battle-history"><br></div><div class="battle-history">The Hero 0f Rhyme withdrew Mr Higgings!<br></div><div class="battle-history">The Hero 0f Rhyme sent out Mr Clean (<strong>Vibrava</strong>)!<br></div><div class="spacer battle-history"><br></div><div class="battle-history">Golem used <strong>Stealth Rock</strong>!<br></div><div class="battle-history"><small>Pointed stones float in the air around the opposing team!</small><br></div><div class="spacer battle-history"><br></div><h2 class="battle-history">Turn 11</h2><div class="spacer battle-history"><br></div><div class="battle-history">Golem used <strong>Earthquake</strong>!<br></div><div class="battle-history"><small>[The opposing Mr Clean's Levitate]</small><br><small>It doesn't affect the opposing Mr Clean...</small><br></div><div class="spacer battle-history"><br></div><div class="battle-history">The opposing Mr Clean used <strong>Roost</strong>!<br></div><div class="battle-history"><small>The opposing Mr Clean restored its HP.</small><br></div><div class="spacer battle-history"><br></div><h2 class="battle-history">Turn 12</h2><div class="chat chatmessage-genzeon"><strong style="color:hsl(102,48%,43.60401245056926%)"><small>☆</small><span class="username" data-name="GenZeon">GenZeon</span>:</strong> <em>slow ass vibrava</em></div><div class="spacer battle-history"><br></div><div class="battle-history">Golem, come back!<br></div><div class="battle-history">Go! <strong>Stoutland</strong>!<br></div><div class="battle-history"><small>Pointed stones dug into Stoutland!</small><br></div><div class="spacer battle-history"><br></div><div class="battle-history">The opposing Mr Clean used <strong>Defog</strong>!<br></div><div class="battle-history"><small>Stoutland's evasiveness fell!</small><br></div><div class="battle-history"><small>The pointed stones disappeared from around your team!</small><br></div><div class="battle-history"><small>The pointed stones disappeared from around the opposing team!</small><br></div><div class="spacer battle-history"><br></div><h2 class="battle-history">Turn 13</h2><div class="spacer battle-history"><br></div><div class="battle-history">Stoutland used <strong>Return</strong>!<br></div><div class="battle-history"><small>(The opposing Mr Clean lost <abbr title="−253/304">83.2%</abbr> of its health!)</small><br></div><div class="spacer battle-history"><br></div><div class="battle-history">The opposing Mr Clean fainted!<br></div><div class="chat chatmessage-quagsgone"><strong style="color:hsl(283,77%,45.76726876648347%)"><small> </small><span class="username" data-name="quagsgone">quagsgone</span>:</strong> <em>plop</em></div><div class="spacer battle-history"><br></div><div class="battle-history">The Hero 0f Rhyme sent out Nagini (<strong>Arbok</strong>)!<br></div><div class="battle-history"><small>[The opposing Nagini's Intimidate]</small><br></div><div class="battle-history"><small>Stoutland's Attack fell!</small><br></div><div class="spacer battle-history"><br></div><h2 class="battle-history">Turn 14</h2><div class="spacer battle-history"><br></div><div class="battle-history">Stoutland, come back!<br></div><div class="battle-history">Go! <strong>Golem</strong>!<br></div><div class="spacer battle-history"><br></div><div class="battle-history">The opposing Nagini used <strong>Coil</strong>!<br></div><div class="battle-history"><small>The opposing Nagini's Attack rose!</small><br></div><div class="battle-history"><small>The opposing Nagini's Defense rose!</small><br></div><div class="battle-history"><small>The opposing Nagini's accuracy rose!</small><br></div><div class="spacer battle-history"><br></div><h2 class="battle-history">Turn 15</h2><div class="spacer battle-history"><br></div><div class="battle-history">The opposing Nagini used <strong>Earthquake</strong>!<br></div><div class="battle-history"><small>It's super effective!</small><br></div><div class="battle-history"><small>(Golem lost <abbr title="−235/302">77.8%</abbr> of its health!)</small><br></div><div class="spacer battle-history"><br></div><div class="battle-history">Golem fainted!<br></div><div class="spacer battle-history"><br></div><div class="battle-history">Go! <strong>Zebstrika</strong>!<br></div><div class="spacer battle-history"><br></div><h2 class="battle-history">Turn 16</h2><div class="spacer battle-history"><br></div><div class="battle-history">The opposing Nagini used <strong>Sucker Punch</strong>!<br></div><div class="battle-history"><small>(Zebstrika lost <abbr title="−139/291">47.8%</abbr> of its health!)</small><br></div><div class="spacer battle-history"><br></div><div class="battle-history">Zebstrika fainted!<br></div><div class="spacer battle-history"><br></div><div class="battle-history">Go! <strong>Rapidash</strong>!<br></div><div class="spacer battle-history"><br></div><h2 class="battle-history">Turn 17</h2><div class="spacer battle-history"><br></div><div class="battle-history">Rapidash used <strong>Flare Blitz</strong>!<br></div><div class="battle-history"><small>(The opposing Nagini lost <abbr title="−205/261">78.5%</abbr> of its health!)</small><br></div><div class="battle-history"><small>Rapidash is damaged by the recoil!</small><br></div><div class="spacer battle-history"><br></div><div class="battle-history">The opposing Nagini used <strong>Earthquake</strong>!<br></div><div class="battle-history"><small>It's super effective!</small><br></div><div class="battle-history"><small>(Rapidash lost <abbr title="−203/271">74.9%</abbr> of its health!)</small><br></div><div class="spacer battle-history"><br></div><div class="battle-history">Rapidash fainted!<br></div><div class="spacer battle-history"><br></div><div class="battle-history"><small>The opposing Nagini restored a little HP using its Black Sludge!</small><br></div><div class="spacer battle-history"><br></div><div class="battle-history">Go! <strong>Stoutland</strong>!<br></div><div class="spacer battle-history"><br></div><h2 class="battle-history">Turn 18</h2><div class="chat chatmessage-genzeon"><strong style="color:hsl(102,48%,43.60401245056926%)"><small>☆</small><span class="username" data-name="GenZeon">GenZeon</span>:</strong> <em>gg</em></div><div class="chat chatmessage-thehero0frhyme"><strong style="color:hsl(159,70%,37.54420772526872%)"><small>☆</small><span class="username" data-name="The Hero 0f Rhyme">The Hero 0f Rhyme</span>:</strong> <em>gg</em></div><div class="spacer battle-history"><br></div><div class="battle-history">The opposing Nagini used <strong>Sucker Punch</strong>!<br></div><div class="battle-history"><small>(Stoutland lost <abbr title="−133/312">42.6%</abbr> of its health!)</small><br></div><div class="spacer battle-history"><br></div><div class="battle-history">Stoutland used <strong>Return</strong>!<br></div><div class="battle-history"><small>(The opposing Nagini lost <abbr title="−72/261">27.6%</abbr> of its health!)</small><br></div><div class="spacer battle-history"><br></div><div class="battle-history">The opposing Nagini fainted!<br></div><div class="spacer battle-history"><br></div><div class="battle-history">The Hero 0f Rhyme sent out Jackie Chan (<strong>Monferno</strong>)!<br></div><div class="spacer battle-history"><br></div><h2 class="battle-history">Turn 19</h2><div class="spacer battle-history"><br></div><div class="battle-history">The opposing Jackie Chan used <strong>Mach Punch</strong>!<br></div><div class="battle-history"><small>It's super effective!</small><br></div><div class="battle-history"><small>(Stoutland lost <abbr title="−140/312">44.9%</abbr> of its health!)</small><br></div><div class="spacer battle-history"><br></div><div class="battle-history">Stoutland fainted!<br></div><div class="spacer battle-history"><br></div><div class="battle-history"><strong>The Hero 0f Rhyme</strong> won the battle!<br></div><div class="chat"><small>GenZeon left.</small></div><div class="chat"><small>quagsgone left.</small></div><div class="chat"><small>The Hero 0f Rhyme left.</small></div><div class="chat"><small>The Hero 0f Rhyme joined.</small></div><div class="chat"><small>Gimlegara left.</small></div></div><div class="inner-preempt"></div></div></div>
</div>
<script>
let daily = Math.floor(Date.now()/1000/60/60/24);document.write('<script src="https://play.pokemonshowdown.com/js/replay-embed.js?version'+daily+'"></'+'script>');
</script>
