<!DOCTYPE html>
<meta charset="utf-8" />
<!-- version 1 -->
<title>PU replay: Marriana vs. Beksel ✘</title>
<style>
html,body {font-family:Verdana, sans-serif;font-size:10pt;margin:0;padding:0;}body{padding:12px 0;} .battle-log {font-family:Verdana, sans-serif;font-size:10pt;} .battle-log-inline {border:1px solid #AAAAAA;background:#EEF2F5;color:black;max-width:640px;margin:0 auto 80px;padding-bottom:5px;} .battle-log .inner {padding:4px 8px 0px 8px;} .battle-log .inner-preempt {padding:0 8px 4px 8px;} .battle-log .inner-after {margin-top:0.5em;} .battle-log h2 {margin:0.5em -8px;padding:4px 8px;border:1px solid #AAAAAA;background:#E0E7EA;border-left:0;border-right:0;font-family:Verdana, sans-serif;font-size:13pt;} .battle-log .chat {vertical-align:middle;padding:3px 0 3px 0;font-size:8pt;} .battle-log .chat strong {color:#40576A;} .battle-log .chat em {padding:1px 4px 1px 3px;color:#000000;font-style:normal;} .chat.mine {background:rgba(0,0,0,0.05);margin-left:-8px;margin-right:-8px;padding-left:8px;padding-right:8px;} .spoiler {color:#BBBBBB;background:#BBBBBB;padding:0px 3px;} .spoiler:hover, .spoiler:active, .spoiler-shown {color:#000000;background:#E2E2E2;padding:0px 3px;} .spoiler a {color:#BBBBBB;} .spoiler:hover a, .spoiler:active a, .spoiler-shown a {color:#2288CC;} .chat code, .chat .spoiler:hover code, .chat .spoiler:active code, .chat .spoiler-shown code {border:1px solid #C0C0C0;background:#EEEEEE;color:black;padding:0 2px;} .chat .spoiler code {border:1px solid #CCCCCC;background:#CCCCCC;color:#CCCCCC;} .battle-log .rated {padding:3px 4px;} .battle-log .rated strong {color:white;background:#89A;padding:1px 4px;border-radius:4px;} .spacer {margin-top:0.5em;} .message-announce {background:#6688AA;color:white;padding:1px 4px 2px;} .message-announce a, .broadcast-green a, .broadcast-blue a, .broadcast-red a {color:#DDEEFF;} .broadcast-green {background-color:#559955;color:white;padding:2px 4px;} .broadcast-blue {background-color:#6688AA;color:white;padding:2px 4px;} .infobox {border:1px solid #6688AA;padding:2px 4px;} .infobox-limited {max-height:200px;overflow:auto;overflow-x:hidden;} .broadcast-red {background-color:#AA5544;color:white;padding:2px 4px;} .message-learn-canlearn {font-weight:bold;color:#228822;text-decoration:underline;} .message-learn-cannotlearn {font-weight:bold;color:#CC2222;text-decoration:underline;} .message-effect-weak {font-weight:bold;color:#CC2222;} .message-effect-resist {font-weight:bold;color:#6688AA;} .message-effect-immune {font-weight:bold;color:#666666;} .message-learn-list {margin-top:0;margin-bottom:0;} .message-throttle-notice, .message-error {color:#992222;} .message-overflow, .chat small.message-overflow {font-size:0pt;} .message-overflow::before {font-size:9pt;content:'...';} .subtle {color:#3A4A66;}
</style>
<div class="wrapper replay-wrapper" style="max-width:1180px;margin:0 auto">
<input type="hidden" name="replayid" value="pokestrat-pu-5777" />
<div class="battle"></div><div class="battle-log"></div><div class="replay-controls"></div><div class="replay-controls-2"></div>
<h1 style="font-weight:normal;text-align:center"><strong>PU</strong><br /><a href="http://pokemonshowdown.com/users/marriana" class="subtle" target="_blank">Marriana</a> vs. <a href="http://pokemonshowdown.com/users/beksel" class="subtle" target="_blank">Beksel ✘</a></h1>
<script type="text/plain" class="battle-log-data">|j|Marriana
|j|Beksel ✘
|player|p1|Marriana|216
|teamsize|p1|6
|player|p2|Beksel ✘|230
|teamsize|p2|6
|gametype|singles
|gen|6
|tier|PU
|seed|11929,8769,46340,55146
|rule|Sleep Clause Mod: Limit one foe put to sleep
|rule|Species Clause: Limit one of each Pokémon
|rule|OHKO Clause: OHKO moves are banned
|rule|Moody Clause: Moody is banned
|rule|Evasion Moves Clause: Evasion moves are banned
|rule|Endless Battle Clause: Forcing endless battles is banned
|rule|HP Percentage Mod: HP is shown in percentages
|clearpoke
|poke|p1|Muk, M|item
|poke|p1|Combusken, M|item
|poke|p1|Mawile, M|item
|poke|p1|Huntail, F|item
|poke|p1|Tentacool, M|item
|poke|p1|Simisage, F|item
|poke|p2|Regice|item
|poke|p2|Quilladin, F|item
|poke|p2|Gabite, M|item
|poke|p2|Mawile, F|item
|poke|p2|Mr. Mime, M|item
|poke|p2|Lapras, M|item
|rule|Swagger Clause: Swagger is banned
|rule|Baton Pass Clause: Limit one Baton Passer, can't pass Spe and other stats simultaneously
|teampreview
|j|Neru'Fun
|c|☆Beksel ✘|Have fun
|j|Neko-Suke
|c|☆Marriana|avoue, l'art est présent
|c|☆Beksel ✘|A premiere vu
|c|☆Marriana|tu n'as pas encore vue mes sets
|c|☆Beksel ✘|on dirais une team tiré par !pick
|c|☆Marriana|t'es méchant
|c|☆Beksel ✘|c'est foulli
|c| Neru'Fun|On sent les équipes travaillés, construitent minutieusement
|c|☆Marriana|ouais ouais
|c|☆Beksel ✘|oué mais le disign m'importe pas mal
|c|☆Marriana|monsieur n'arrive pas à vaincre shedinja
|c|☆Marriana|et il se la ramène
|c|☆Marriana|tss
|choice|team 6, team 2, team 3, team 4, team 5, team 1|team 3, team 2, team 1, team 4, team 5, team 6
|
|start
|switch|p1a: Simisage|Simisage, F|291\/291
|switch|p2a: Gabite|Gabite, M|277\/277
|turn|1
|choice|move knockoff|switch 4
|
|switch|p2a: Mawile|Mawile, F|241\/241
|move|p1a: Simisage|Knock Off|p2a: Mawile
|-resisted|p2a: Mawile
|-damage|p2a: Mawile|172\/241
|-enditem|p2a: Mawile|Life Orb|[from] move: Knock Off|[of] p1a: Simisage
|-damage|p1a: Simisage|262\/291|[from] item: Life Orb
|
|upkeep
|turn|2
|choice|switch 3|move swordsdance
|
|switch|p1a: Mawile|Mawile, M|304\/304
|-ability|p1a: Mawile|Intimidate|boost
|-unboost|p2a: Mawile|atk|1
|move|p2a: Mawile|Swords Dance|p2a: Mawile
|-boost|p2a: Mawile|atk|2
|
|upkeep
|turn|3
|choice|move batonpass|move ironhead
|
|move|p2a: Mawile|Iron Head|p1a: Mawile
|-damage|p1a: Mawile|123\/304
|move|p1a: Mawile|Baton Pass|p1a: Mawile
|choice|switch 2|
|
|switch|p1a: Combusken|Combusken, M|261\/261
|
|upkeep
|turn|4
|choice|move substitute|move swordsdance
|
|move|p1a: Combusken|Substitute|p1a: Combusken
|-start|p1a: Combusken|Substitute
|-damage|p1a: Combusken|196\/261
|move|p2a: Mawile|Swords Dance|p2a: Mawile
|-boost|p2a: Mawile|atk|2
|
|-ability|p1a: Combusken|Speed Boost|boost
|-boost|p1a: Combusken|spe|1
|upkeep
|turn|5
|choice|move focuspunch|move suckerpunch
|
|-singleturn|p1a: Combusken|move: Focus Punch
|move|p2a: Mawile|Sucker Punch|p1a: Combusken
|-resisted|p1a: Combusken
|-end|p1a: Combusken|Substitute
|move|p1a: Combusken|Focus Punch|p2a: Mawile
|-damage|p2a: Mawile|0 fnt
|faint|p2a: Mawile
|
|-ability|p1a: Combusken|Speed Boost|boost
|-boost|p1a: Combusken|spe|1
|upkeep
|choice||switch 4
|
|switch|p2a: Gabite|Gabite, M|277\/277
|turn|6
|choice|move substitute|move earthquake
|
|move|p1a: Combusken|Substitute|p1a: Combusken
|-start|p1a: Combusken|Substitute
|-damage|p1a: Combusken|131\/261
|move|p2a: Gabite|Earthquake|p1a: Combusken
|-supereffective|p1a: Combusken
|-end|p1a: Combusken|Substitute
|
|-ability|p1a: Combusken|Speed Boost|boost
|-boost|p1a: Combusken|spe|1
|upkeep
|turn|7
|choice|move substitute|move earthquake
|
|move|p1a: Combusken|Substitute|p1a: Combusken
|-start|p1a: Combusken|Substitute
|-damage|p1a: Combusken|66\/261
|move|p2a: Gabite|Earthquake|p1a: Combusken
|-supereffective|p1a: Combusken
|-end|p1a: Combusken|Substitute
|
|-ability|p1a: Combusken|Speed Boost|boost
|-boost|p1a: Combusken|spe|1
|upkeep
|turn|8
|choice|move focuspunch|move earthquake
|
|-singleturn|p1a: Combusken|move: Focus Punch
|move|p2a: Gabite|Earthquake|p1a: Combusken
|-supereffective|p1a: Combusken
|-damage|p1a: Combusken|0 fnt
|faint|p1a: Combusken
|
|upkeep
|choice|switch 4|
|
|switch|p1a: Huntail|Huntail, F|251\/251
|turn|9
|choice|move icebeam|move earthquake
|
|move|p2a: Gabite|Earthquake|p1a: Huntail
|-damage|p1a: Huntail|110\/251
|move|p1a: Huntail|Ice Beam|p2a: Gabite
|-supereffective|p2a: Gabite
|-damage|p2a: Gabite|29\/277
|
|upkeep
|turn|10
|choice|move suckerpunch|move stealthrock
|
|move|p1a: Huntail|Sucker Punch|p2a: Gabite|[still]
|-fail|p1a: Huntail
|move|p2a: Gabite|Stealth Rock|p1a: Huntail
|-sidestart|p1: Marriana|move: Stealth Rock
|
|upkeep
|turn|11
|choice|move suckerpunch|switch 6
|
|switch|p2a: Lapras|Lapras, M|411\/411
|move|p1a: Huntail|Sucker Punch|p2a: Lapras|[still]
|-fail|p1a: Huntail
|
|upkeep
|turn|12
|c| Neru'Fun|Il tank un icebeam quand même wow
|c|☆Marriana|je suis rigide
|c| Neru'Fun|ah ^^
|c|☆Beksel ✘|je tank alors que je suis meme pas defensif
|choice|move suckerpunch|switch 6
|
|switch|p2a: Gabite|Gabite, M|29\/277
|move|p1a: Huntail|Sucker Punch|p2a: Gabite|[still]
|-fail|p1a: Huntail
|
|upkeep
|turn|13
|l|Neko-Suke
|c|☆Beksel ✘|rofl
|choice|move suckerpunch|move earthquake
|
|move|p1a: Huntail|Sucker Punch|p2a: Gabite
|-damage|p2a: Gabite|0 fnt
|-damage|p1a: Huntail|79\/251|[from] ability: Rough Skin|[of] p2a: Gabite
|faint|p2a: Gabite
|
|upkeep
|choice||switch 2
|
|switch|p2a: Quilladin|Quilladin, F|263\/263
|turn|14
|choice|move icebeam|move woodhammer
|
|move|p2a: Quilladin|Wood Hammer|p1a: Huntail
|-supereffective|p1a: Huntail
|-damage|p1a: Huntail|0 fnt
|-damage|p2a: Quilladin|237\/263|[from] Recoil|[of] p1a: Huntail
|faint|p1a: Huntail
|
|upkeep
|choice|switch 2|
|
|switch|p1a: Mawile|Mawile, M|123\/304
|-damage|p1a: Mawile|104\/304|[from] Stealth Rock
|-ability|p1a: Mawile|Intimidate|boost
|-unboost|p2a: Quilladin|atk|1
|turn|15
|choice|move painsplit|move spikes
|
|move|p2a: Quilladin|Spikes|p1a: Mawile
|-sidestart|p1: Marriana|Spikes
|move|p1a: Mawile|Pain Split|p2a: Quilladin
|-sethp|p2a: Quilladin|170\/263|p1a: Mawile|170\/304|[from] move: Pain Split
|
|-heal|p1a: Mawile|189\/304|[from] item: Leftovers
|upkeep
|turn|16
|choice|move stealthrock|move spikes
|
|move|p2a: Quilladin|Spikes|p1a: Mawile
|-sidestart|p1: Marriana|Spikes
|move|p1a: Mawile|Stealth Rock|p2a: Quilladin
|-sidestart|p2: Beksel ✘|move: Stealth Rock
|
|-heal|p1a: Mawile|208\/304|[from] item: Leftovers
|upkeep
|turn|17
|choice|move batonpass|switch 5
|
|switch|p2a: Mr. Mime|Mr. Mime, M|221\/221
|-damage|p2a: Mr. Mime|194\/221|[from] Stealth Rock
|move|p1a: Mawile|Baton Pass|p1a: Mawile
|c|☆Beksel ✘|btw le lapras \/mime ont été ajouté en speed
|c|☆Beksel ✘|vu que t'avais l'air pressé
|c|☆Marriana|?
|c|☆Beksel ✘|meme si ils m'ons l'air de bien rentré
|c|☆Marriana|yup
|choice|switch 3|
|
|switch|p1a: Simisage|Simisage, F|262\/291
|-damage|p1a: Simisage|226\/291|[from] Stealth Rock
|-damage|p1a: Simisage|178\/291|[from] Spikes
|
|upkeep
|turn|18
|c|☆Beksel ✘|Bah j'me suis dépéché quoi --"
|choice|move gunkshot|switch 5
|
|switch|p2a: Quilladin|Quilladin, F|170\/263
|-damage|p2a: Quilladin|138\/263|[from] Stealth Rock
|move|p1a: Simisage|Gunk Shot|p2a: Quilladin
|-supereffective|p2a: Quilladin
|-damage|p2a: Quilladin|0 fnt
|-damage|p1a: Simisage|149\/291|[from] item: Life Orb
|faint|p2a: Quilladin
|
|upkeep
|c|☆Marriana|lagtest
|choice||switch 6
|
|switch|p2a: Lapras|Lapras, M|411\/411
|-damage|p2a: Lapras|309\/411|[from] Stealth Rock
|turn|19
|c|☆Beksel ✘|failk
|choice|move superpower|move freezedry
|
|move|p1a: Simisage|Superpower|p2a: Lapras
|-supereffective|p2a: Lapras
|-damage|p2a: Lapras|0 fnt
|-unboost|p1a: Simisage|atk|1
|-unboost|p1a: Simisage|def|1
|-damage|p1a: Simisage|120\/291|[from] item: Life Orb
|faint|p2a: Lapras
|
|upkeep
|choice||switch 3
|
|switch|p2a: Forget It ?|Regice|301\/301
|-damage|p2a: Forget It ?|226\/301|[from] Stealth Rock
|turn|20
|choice|switch 3|move thunderbolt
|
|switch|p1a: Mawile|Mawile, M|208\/304
|-damage|p1a: Mawile|189\/304|[from] Stealth Rock
|-damage|p1a: Mawile|139\/304|[from] Spikes
|-ability|p1a: Mawile|Intimidate|boost
|-fail|p2a: Forget It ?|unboost|[from] ability: Clear Body|[of] p2a: Forget It ?
|move|p2a: Forget It ?|Thunderbolt|p1a: Mawile
|-damage|p1a: Mawile|0 fnt
|-damage|p2a: Forget It ?|196\/301|[from] item: Life Orb
|faint|p1a: Mawile
|
|upkeep
|choice|switch 5|
|
|switch|p1a: Tentacool|Tentacool, M|284\/284
|-damage|p1a: Tentacool|249\/284|[from] Stealth Rock
|-damage|p1a: Tentacool|202\/284|[from] Spikes
|turn|21
|c|☆Marriana|il tient
|c|☆Marriana|j'espère en tout cas
|c|☆Beksel ✘|y
|choice|move rapidspin|move rockpolish
|
|move|p2a: Forget It ?|Rock Polish|p2a: Forget It ?
|-boost|p2a: Forget It ?|spe|2
|move|p1a: Tentacool|Rapid Spin|p2a: Forget It ?
|-damage|p2a: Forget It ?|189\/301
|-sideend|p1: Marriana|Spikes|[from] move: Rapid Spin|[of] p1a: Tentacool
|-sideend|p1: Marriana|Stealth Rock|[from] move: Rapid Spin|[of] p1a: Tentacool
|
|upkeep
|turn|22
|c|☆Beksel ✘|Fin bon
|choice|move scald|move thunderbolt
|
|move|p2a: Forget It ?|Thunderbolt|p1a: Tentacool
|-supereffective|p1a: Tentacool
|-damage|p1a: Tentacool|82\/284
|-damage|p2a: Forget It ?|159\/301|[from] item: Life Orb
|move|p1a: Tentacool|Scald|p2a: Forget It ?
|-damage|p2a: Forget It ?|128\/301
|
|upkeep
|turn|23
|c|☆Beksel ✘|je reste trés weak
|c|☆Beksel ✘|faut j'ameliore ca
|choice|move scald|move thunderbolt
|
|move|p2a: Forget It ?|Thunderbolt|p1a: Tentacool
|-supereffective|p1a: Tentacool
|-crit|p1a: Tentacool
|-damage|p1a: Tentacool|0 fnt
|-damage|p2a: Forget It ?|98\/301|[from] item: Life Orb
|faint|p1a: Tentacool
|
|upkeep
|choice|switch 6|
|
|switch|p1a: Muk|Muk, M|414\/414
|turn|24
|c|☆Marriana|ta team est lente si mr mime n'est pas scarf
|choice|move shadowsneak|move icebeam
|
|move|p1a: Muk|Shadow Sneak|p2a: Forget It ?
|-damage|p2a: Forget It ?|27\/301
|move|p2a: Forget It ?|Ice Beam|p1a: Muk
|-damage|p1a: Muk|214\/414
|-damage|p2a: Forget It ?|0 fnt|[from] item: Life Orb
|faint|p2a: Forget It ?
|
|upkeep
|c|☆Beksel ✘|je sais plus
|c|☆Beksel ✘|omg
|c|☆Beksel ✘|le con
|c|☆Beksel ✘|j'etais scarf :c
|choice||switch 5
|
|switch|p2a: Mr. Mime|Mr. Mime, M|194\/221
|-damage|p2a: Mr. Mime|167\/221|[from] Stealth Rock
|turn|25
|l|Marriana
|player|p1|
|c|☆Beksel ✘|j'ia changé en speed rip
|j|Marriana
|player|p1|Marriana|216
|c|☆Beksel ✘|J'ai fait de la merde dsl
|c|☆Marriana|?
|c|☆Beksel ✘|Bah
|c|☆Beksel ✘|j'aurais pu kill ton simi
|c|☆Marriana|si tu es scarf ça va, tu gagnes
|choice|move shadowsneak|move psyshock
|
|move|p1a: Muk|Shadow Sneak|p2a: Mr. Mime
|-supereffective|p2a: Mr. Mime
|-damage|p2a: Mr. Mime|0 fnt
|faint|p2a: Mr. Mime
|
|win|Marriana
|c|☆Beksel ✘|omg
|c|☆Beksel ✘|!!!
|c|☆Marriana|ah non
|c|☆Marriana|c'est fort muk band
|c|☆Beksel ✘|!dt filtre
No Pokémon, item, move, ability or nature named 'filtre' was found. Showing the data of 'Filter' instead.
|c|~|\/data-ability Filter
|raw|<font size="1"><\/font>
|c|☆Marriana|gg
|c|☆Beksel ✘|!dt soudproof
No Pokémon, item, move, ability or nature named 'soudproof' was found. Showing the data of 'Soundproof' instead.
|c|~|\/data-ability Soundproof
|raw|<font size="1"><\/font>
|c|☆Beksel ✘|gg
|l|Marriana
|l|Beksel ✘</script>
</div>
<div class="battle-log battle-log-inline"><div class="inner"><div class="battle-options"></div><div class="inner"><div class="chat"><small>Marriana joined.</small></div><div class="chat"><small>Beksel ✘ joined.</small></div><div class=""><small>Format:</small> <br><strong>PU</strong></div><div class=""><small><em>Sleep Clause Mod:</em> Limit one foe put to sleep</small></div><div class=""><small><em>Species Clause:</em> Limit one of each Pokémon</small></div><div class=""><small><em>OHKO Clause:</em> OHKO moves are banned</small></div><div class=""><small><em>Moody Clause:</em> Moody is banned</small></div><div class=""><small><em>Evasion Moves Clause:</em> Evasion moves are banned</small></div><div class=""><small><em>Endless Battle Clause:</em> Forcing endless battles is banned</small></div><div class=""><small><em>HP Percentage Mod:</em> HP is shown in percentages</small></div><div class=""><small><em>Swagger Clause:</em> Swagger is banned</small></div><div class=""><small><em>Baton Pass Clause:</em> Limit one Baton Passer, can't pass Spe and other stats simultaneously</small></div><div class="chat battle-history"><strong>Marriana's team:</strong> <em style="color:#445566;display:block;">Muk / Combusken / Mawile / Huntail / Tentacool / Simisage</em></div><div class="chat battle-history"><strong>Beksel ✘'s team:</strong> <em style="color:#445566;display:block;">Regice / Quilladin / Gabite / Mawile / Mr. Mime / Lapras</em></div><div class="chat"><small>Neru'Fun joined.</small></div><div class="chat chatmessage-beksel"><strong style="color:hsl(31,69%,45%)"><small>☆</small><span class="username" data-name="Beksel ✘">Beksel ✘</span>:</strong> <em>Have fun</em></div><div class="chat"><small>Neko-Suke joined.</small></div><div class="chat chatmessage-marriana"><strong style="color:hsl(211,49%,48.497942430435955%)"><small>☆</small><span class="username" data-name="Marriana">Marriana</span>:</strong> <em>avoue, l'art est présent</em></div><div class="chat chatmessage-beksel"><strong style="color:hsl(31,69%,45%)"><small>☆</small><span class="username" data-name="Beksel ✘">Beksel ✘</span>:</strong> <em>A premiere vu</em></div><div class="chat chatmessage-marriana"><strong style="color:hsl(211,49%,48.497942430435955%)"><small>☆</small><span class="username" data-name="Marriana">Marriana</span>:</strong> <em>tu n'as pas encore vue mes sets</em></div><div class="chat chatmessage-beksel"><strong style="color:hsl(31,69%,45%)"><small>☆</small><span class="username" data-name="Beksel ✘">Beksel ✘</span>:</strong> <em>on dirais une team tiré par !pick</em></div><div class="chat chatmessage-marriana"><strong style="color:hsl(211,49%,48.497942430435955%)"><small>☆</small><span class="username" data-name="Marriana">Marriana</span>:</strong> <em>t'es méchant</em></div><div class="chat chatmessage-beksel"><strong style="color:hsl(31,69%,45%)"><small>☆</small><span class="username" data-name="Beksel ✘">Beksel ✘</span>:</strong> <em>c'est foulli</em></div><div class="chat chatmessage-nerufun"><strong style="color:hsl(97,88%,31.131215565309876%)"><small> </small><span class="username" data-name="Neru'Fun">Neru'Fun</span>:</strong> <em>On sent les équipes travaillés, construitent minutieusement</em></div><div class="chat chatmessage-marriana"><strong style="color:hsl(211,49%,48.497942430435955%)"><small>☆</small><span class="username" data-name="Marriana">Marriana</span>:</strong> <em>ouais ouais</em></div><div class="chat chatmessage-beksel"><strong style="color:hsl(31,69%,45%)"><small>☆</small><span class="username" data-name="Beksel ✘">Beksel ✘</span>:</strong> <em>oué mais le disign m'importe pas mal</em></div><div class="chat chatmessage-marriana"><strong style="color:hsl(211,49%,48.497942430435955%)"><small>☆</small><span class="username" data-name="Marriana">Marriana</span>:</strong> <em>monsieur n'arrive pas à vaincre shedinja</em></div><div class="chat chatmessage-marriana"><strong style="color:hsl(211,49%,48.497942430435955%)"><small>☆</small><span class="username" data-name="Marriana">Marriana</span>:</strong> <em>et il se la ramène</em></div><div class="chat chatmessage-marriana"><strong style="color:hsl(211,49%,48.497942430435955%)"><small>☆</small><span class="username" data-name="Marriana">Marriana</span>:</strong> <em>tss</em></div><div class="spacer battle-history"><br></div><div class="battle-history">Battle started between Marriana and Beksel ✘!<br></div><div class="spacer battle-history"><br></div><div class="battle-history">Go! <strong>Simisage</strong>!<br></div><div class="spacer battle-history"><br></div><div class="battle-history">Beksel ✘ sent out <strong>Gabite</strong>!<br></div><div class="spacer battle-history"><br></div><h2 class="battle-history">Turn 1</h2><div class="spacer battle-history"><br></div><div class="battle-history">Beksel ✘ withdrew Gabite!<br></div><div class="battle-history">Beksel ✘ sent out <strong>Mawile</strong>!<br></div><div class="spacer battle-history"><br></div><div class="battle-history">Simisage used <strong>Knock Off</strong>!<br></div><div class="battle-history"><small>It's not very effective...</small><br></div><div class="battle-history"><small>(The opposing Mawile lost <abbr title="−69/241">28.6%</abbr> of its health!)</small><br></div><div class="battle-history"><small>Simisage knocked off the opposing Mawile's Life Orb!</small><br></div><div class="battle-history"><small>Simisage lost some of its HP!</small><br></div><div class="spacer battle-history"><br></div><h2 class="battle-history">Turn 2</h2><div class="spacer battle-history"><br></div><div class="battle-history">Simisage, come back!<br></div><div class="battle-history">Go! <strong>Mawile</strong>!<br></div><div class="battle-history"><small>[Mawile's Intimidate]</small><br></div><div class="battle-history"><small>The opposing Mawile's Attack fell!</small><br></div><div class="spacer battle-history"><br></div><div class="battle-history">The opposing Mawile used <strong>Swords Dance</strong>!<br></div><div class="battle-history"><small>The opposing Mawile's Attack rose sharply!</small><br></div><div class="spacer battle-history"><br></div><h2 class="battle-history">Turn 3</h2><div class="spacer battle-history"><br></div><div class="battle-history">The opposing Mawile used <strong>Iron Head</strong>!<br></div><div class="battle-history"><small>(Mawile lost <abbr title="−181/304">59.5%</abbr> of its health!)</small><br></div><div class="spacer battle-history"><br></div><div class="battle-history">Mawile used <strong>Baton Pass</strong>!<br></div><div class="spacer battle-history"><br></div><div class="battle-history">Go! <strong>Combusken</strong>!<br></div><div class="spacer battle-history"><br></div><h2 class="battle-history">Turn 4</h2><div class="spacer battle-history"><br></div><div class="battle-history">Combusken used <strong>Substitute</strong>!<br></div><div class="battle-history"><small>Combusken put in a substitute!</small><br></div><div class="battle-history"><small>(Combusken lost <abbr title="−65/261">24.9%</abbr> of its health!)</small><br></div><div class="spacer battle-history"><br></div><div class="battle-history">The opposing Mawile used <strong>Swords Dance</strong>!<br></div><div class="battle-history"><small>The opposing Mawile's Attack rose sharply!</small><br></div><div class="spacer battle-history"><br></div><div class="battle-history"><small>[Combusken's Speed Boost]</small><br></div><div class="battle-history"><small>Combusken's Speed rose!</small><br></div><div class="spacer battle-history"><br></div><h2 class="battle-history">Turn 5</h2><div class="spacer battle-history"><br></div><div class="battle-history"><small>Combusken is tightening its focus!</small><br></div><div class="spacer battle-history"><br></div><div class="battle-history">The opposing Mawile used <strong>Sucker Punch</strong>!<br></div><div class="battle-history"><small>It's not very effective...</small><br></div><div class="battle-history"><small>Combusken's substitute faded!</small><br></div><div class="spacer battle-history"><br></div><div class="battle-history">Combusken used <strong>Focus Punch</strong>!<br></div><div class="battle-history"><small>(The opposing Mawile lost <abbr title="−172/241">71.4%</abbr> of its health!)</small><br></div><div class="spacer battle-history"><br></div><div class="battle-history">The opposing Mawile fainted!<br></div><div class="spacer battle-history"><br></div><div class="battle-history"><small>[Combusken's Speed Boost]</small><br></div><div class="battle-history"><small>Combusken's Speed rose!</small><br></div><div class="spacer battle-history"><br></div><div class="battle-history">Beksel ✘ sent out <strong>Gabite</strong>!<br></div><div class="spacer battle-history"><br></div><h2 class="battle-history">Turn 6</h2><div class="spacer battle-history"><br></div><div class="battle-history">Combusken used <strong>Substitute</strong>!<br></div><div class="battle-history"><small>Combusken put in a substitute!</small><br></div><div class="battle-history"><small>(Combusken lost <abbr title="−65/261">24.9%</abbr> of its health!)</small><br></div><div class="spacer battle-history"><br></div><div class="battle-history">The opposing Gabite used <strong>Earthquake</strong>!<br></div><div class="battle-history"><small>It's super effective!</small><br></div><div class="battle-history"><small>Combusken's substitute faded!</small><br></div><div class="spacer battle-history"><br></div><div class="battle-history"><small>[Combusken's Speed Boost]</small><br></div><div class="battle-history"><small>Combusken's Speed rose!</small><br></div><div class="spacer battle-history"><br></div><h2 class="battle-history">Turn 7</h2><div class="spacer battle-history"><br></div><div class="battle-history">Combusken used <strong>Substitute</strong>!<br></div><div class="battle-history"><small>Combusken put in a substitute!</small><br></div><div class="battle-history"><small>(Combusken lost <abbr title="−65/261">24.9%</abbr> of its health!)</small><br></div><div class="spacer battle-history"><br></div><div class="battle-history">The opposing Gabite used <strong>Earthquake</strong>!<br></div><div class="battle-history"><small>It's super effective!</small><br></div><div class="battle-history"><small>Combusken's substitute faded!</small><br></div><div class="spacer battle-history"><br></div><div class="battle-history"><small>[Combusken's Speed Boost]</small><br></div><div class="battle-history"><small>Combusken's Speed rose!</small><br></div><div class="spacer battle-history"><br></div><h2 class="battle-history">Turn 8</h2><div class="spacer battle-history"><br></div><div class="battle-history"><small>Combusken is tightening its focus!</small><br></div><div class="spacer battle-history"><br></div><div class="battle-history">The opposing Gabite used <strong>Earthquake</strong>!<br></div><div class="battle-history"><small>It's super effective!</small><br></div><div class="battle-history"><small>(Combusken lost <abbr title="−66/261">25.3%</abbr> of its health!)</small><br></div><div class="spacer battle-history"><br></div><div class="battle-history">Combusken fainted!<br></div><div class="spacer battle-history"><br></div><div class="battle-history">Go! <strong>Huntail</strong>!<br></div><div class="spacer battle-history"><br></div><h2 class="battle-history">Turn 9</h2><div class="spacer battle-history"><br></div><div class="battle-history">The opposing Gabite used <strong>Earthquake</strong>!<br></div><div class="battle-history"><small>(Huntail lost <abbr title="−141/251">56.2%</abbr> of its health!)</small><br></div><div class="spacer battle-history"><br></div><div class="battle-history">Huntail used <strong>Ice Beam</strong>!<br></div><div class="battle-history"><small>It's super effective!</small><br></div><div class="battle-history"><small>(The opposing Gabite lost <abbr title="−248/277">89.5%</abbr> of its health!)</small><br></div><div class="spacer battle-history"><br></div><h2 class="battle-history">Turn 10</h2><div class="spacer battle-history"><br></div><div class="battle-history">Huntail used <strong>Sucker Punch</strong>!<br></div><div class="battle-history"><small>But it failed!</small><br></div><div class="spacer battle-history"><br></div><div class="battle-history">The opposing Gabite used <strong>Stealth Rock</strong>!<br></div><div class="battle-history"><small>Pointed stones float in the air around your team!</small><br></div><div class="spacer battle-history"><br></div><h2 class="battle-history">Turn 11</h2><div class="spacer battle-history"><br></div><div class="battle-history">Beksel ✘ withdrew Gabite!<br></div><div class="battle-history">Beksel ✘ sent out <strong>Lapras</strong>!<br></div><div class="spacer battle-history"><br></div><div class="battle-history">Huntail used <strong>Sucker Punch</strong>!<br></div><div class="battle-history"><small>But it failed!</small><br></div><div class="spacer battle-history"><br></div><h2 class="battle-history">Turn 12</h2><div class="chat chatmessage-nerufun"><strong style="color:hsl(97,88%,31.131215565309876%)"><small> </small><span class="username" data-name="Neru'Fun">Neru'Fun</span>:</strong> <em>Il tank un icebeam quand même wow</em></div><div class="chat chatmessage-marriana"><strong style="color:hsl(211,49%,48.497942430435955%)"><small>☆</small><span class="username" data-name="Marriana">Marriana</span>:</strong> <em>je suis rigide</em></div><div class="chat chatmessage-nerufun"><strong style="color:hsl(97,88%,31.131215565309876%)"><small> </small><span class="username" data-name="Neru'Fun">Neru'Fun</span>:</strong> <em>ah ^^</em></div><div class="chat chatmessage-beksel"><strong style="color:hsl(31,69%,45%)"><small>☆</small><span class="username" data-name="Beksel ✘">Beksel ✘</span>:</strong> <em>je tank alors que je suis meme pas defensif</em></div><div class="spacer battle-history"><br></div><div class="battle-history">Beksel ✘ withdrew Lapras!<br></div><div class="battle-history">Beksel ✘ sent out <strong>Gabite</strong>!<br></div><div class="spacer battle-history"><br></div><div class="battle-history">Huntail used <strong>Sucker Punch</strong>!<br></div><div class="battle-history"><small>But it failed!</small><br></div><div class="spacer battle-history"><br></div><h2 class="battle-history">Turn 13</h2><div class="chat"><small>Neko-Suke left.</small></div><div class="chat chatmessage-beksel"><strong style="color:hsl(31,69%,45%)"><small>☆</small><span class="username" data-name="Beksel ✘">Beksel ✘</span>:</strong> <em>rofl</em></div><div class="spacer battle-history"><br></div><div class="battle-history">Huntail used <strong>Sucker Punch</strong>!<br></div><div class="battle-history"><small>(The opposing Gabite lost <abbr title="−29/277">10.5%</abbr> of its health!)</small><br></div><div class="battle-history"><small>[The opposing Gabite's Rough Skin]</small><br><small>Huntail was hurt!</small><br></div><div class="spacer battle-history"><br></div><div class="battle-history">The opposing Gabite fainted!<br></div><div class="spacer battle-history"><br></div><div class="battle-history">Beksel ✘ sent out <strong>Quilladin</strong>!<br></div><div class="spacer battle-history"><br></div><h2 class="battle-history">Turn 14</h2><div class="spacer battle-history"><br></div><div class="battle-history">The opposing Quilladin used <strong>Wood Hammer</strong>!<br></div><div class="battle-history"><small>It's super effective!</small><br></div><div class="battle-history"><small>(Huntail lost <abbr title="−79/251">31.5%</abbr> of its health!)</small><br></div><div class="battle-history"><small>The opposing Quilladin is damaged by the recoil!</small><br></div><div class="spacer battle-history"><br></div><div class="battle-history">Huntail fainted!<br></div><div class="spacer battle-history"><br></div><div class="battle-history">Go! <strong>Mawile</strong>!<br></div><div class="battle-history"><small>Pointed stones dug into Mawile!</small><br></div><div class="battle-history"><small>[Mawile's Intimidate]</small><br></div><div class="battle-history"><small>The opposing Quilladin's Attack fell!</small><br></div><div class="spacer battle-history"><br></div><h2 class="battle-history">Turn 15</h2><div class="spacer battle-history"><br></div><div class="battle-history">The opposing Quilladin used <strong>Spikes</strong>!<br></div><div class="battle-history"><small>Spikes were scattered on the ground all around your team!</small><br></div><div class="spacer battle-history"><br></div><div class="battle-history">Mawile used <strong>Pain Split</strong>!<br></div><div class="battle-history"><small>The battlers shared their pain!</small><br></div><div class="spacer battle-history"><br></div><div class="battle-history"><small>Mawile restored a little HP using its Leftovers!</small><br></div><div class="spacer battle-history"><br></div><h2 class="battle-history">Turn 16</h2><div class="spacer battle-history"><br></div><div class="battle-history">The opposing Quilladin used <strong>Spikes</strong>!<br></div><div class="battle-history"><small>Spikes were scattered on the ground all around your team!</small><br></div><div class="spacer battle-history"><br></div><div class="battle-history">Mawile used <strong>Stealth Rock</strong>!<br></div><div class="battle-history"><small>Pointed stones float in the air around the opposing team!</small><br></div><div class="spacer battle-history"><br></div><div class="battle-history"><small>Mawile restored a little HP using its Leftovers!</small><br></div><div class="spacer battle-history"><br></div><h2 class="battle-history">Turn 17</h2><div class="spacer battle-history"><br></div><div class="battle-history">Beksel ✘ withdrew Quilladin!<br></div><div class="battle-history">Beksel ✘ sent out <strong>Mr. Mime</strong>!<br></div><div class="battle-history"><small>Pointed stones dug into the opposing Mr. Mime!</small><br></div><div class="spacer battle-history"><br></div><div class="battle-history">Mawile used <strong>Baton Pass</strong>!<br></div><div class="chat chatmessage-beksel"><strong style="color:hsl(31,69%,45%)"><small>☆</small><span class="username" data-name="Beksel ✘">Beksel ✘</span>:</strong> <em>btw le lapras /mime ont été ajouté en speed</em></div><div class="chat chatmessage-beksel"><strong style="color:hsl(31,69%,45%)"><small>☆</small><span class="username" data-name="Beksel ✘">Beksel ✘</span>:</strong> <em>vu que t'avais l'air pressé</em></div><div class="chat chatmessage-marriana"><strong style="color:hsl(211,49%,48.497942430435955%)"><small>☆</small><span class="username" data-name="Marriana">Marriana</span>:</strong> <em>?</em></div><div class="chat chatmessage-beksel"><strong style="color:hsl(31,69%,45%)"><small>☆</small><span class="username" data-name="Beksel ✘">Beksel ✘</span>:</strong> <em>meme si ils m'ons l'air de bien rentré</em></div><div class="chat chatmessage-marriana"><strong style="color:hsl(211,49%,48.497942430435955%)"><small>☆</small><span class="username" data-name="Marriana">Marriana</span>:</strong> <em>yup</em></div><div class="spacer battle-history"><br></div><div class="battle-history">Go! <strong>Simisage</strong>!<br></div><div class="battle-history"><small>Pointed stones dug into Simisage!</small><br></div><div class="battle-history"><small>Simisage is hurt by the spikes!</small><br></div><div class="spacer battle-history"><br></div><h2 class="battle-history">Turn 18</h2><div class="chat chatmessage-beksel"><strong style="color:hsl(31,69%,45%)"><small>☆</small><span class="username" data-name="Beksel ✘">Beksel ✘</span>:</strong> <em>Bah j'me suis dépéché quoi --"</em></div><div class="spacer battle-history"><br></div><div class="battle-history">Beksel ✘ withdrew Mr. Mime!<br></div><div class="battle-history">Beksel ✘ sent out <strong>Quilladin</strong>!<br></div><div class="battle-history"><small>Pointed stones dug into the opposing Quilladin!</small><br></div><div class="spacer battle-history"><br></div><div class="battle-history">Simisage used <strong>Gunk Shot</strong>!<br></div><div class="battle-history"><small>It's super effective!</small><br></div><div class="battle-history"><small>(The opposing Quilladin lost <abbr title="−138/263">52.5%</abbr> of its health!)</small><br></div><div class="battle-history"><small>Simisage lost some of its HP!</small><br></div><div class="spacer battle-history"><br></div><div class="battle-history">The opposing Quilladin fainted!<br></div><div class="chat chatmessage-marriana"><strong style="color:hsl(211,49%,48.497942430435955%)"><small>☆</small><span class="username" data-name="Marriana">Marriana</span>:</strong> <em>lagtest</em></div><div class="spacer battle-history"><br></div><div class="battle-history">Beksel ✘ sent out <strong>Lapras</strong>!<br></div><div class="battle-history"><small>Pointed stones dug into the opposing Lapras!</small><br></div><div class="spacer battle-history"><br></div><h2 class="battle-history">Turn 19</h2><div class="chat chatmessage-beksel"><strong style="color:hsl(31,69%,45%)"><small>☆</small><span class="username" data-name="Beksel ✘">Beksel ✘</span>:</strong> <em>failk</em></div><div class="spacer battle-history"><br></div><div class="battle-history">Simisage used <strong>Superpower</strong>!<br></div><div class="battle-history"><small>It's super effective!</small><br></div><div class="battle-history"><small>(The opposing Lapras lost <abbr title="−309/411">75.2%</abbr> of its health!)</small><br></div><div class="battle-history"><small>Simisage's Attack fell!</small><br></div><div class="battle-history"><small>Simisage's Defense fell!</small><br></div><div class="battle-history"><small>Simisage lost some of its HP!</small><br></div><div class="spacer battle-history"><br></div><div class="battle-history">The opposing Lapras fainted!<br></div><div class="spacer battle-history"><br></div><div class="battle-history">Beksel ✘ sent out Forget It ? (<strong>Regice</strong>)!<br></div><div class="battle-history"><small>Pointed stones dug into the opposing Forget It ?!</small><br></div><div class="spacer battle-history"><br></div><h2 class="battle-history">Turn 20</h2><div class="spacer battle-history"><br></div><div class="battle-history">Simisage, come back!<br></div><div class="battle-history">Go! <strong>Mawile</strong>!<br></div><div class="battle-history"><small>Pointed stones dug into Mawile!</small><br></div><div class="battle-history"><small>Mawile is hurt by the spikes!</small><br></div><div class="battle-history"><small>[Mawile's Intimidate]</small><br></div><div class="battle-history"><small>[The opposing Forget It ?'s Clear Body]</small><br><small>The opposing Forget It ?'s stats were not lowered!</small><br></div><div class="spacer battle-history"><br></div><div class="battle-history">The opposing Forget It ? used <strong>Thunderbolt</strong>!<br></div><div class="battle-history"><small>(Mawile lost <abbr title="−139/304">45.7%</abbr> of its health!)</small><br></div><div class="battle-history"><small>The opposing Forget It ? lost some of its HP!</small><br></div><div class="spacer battle-history"><br></div><div class="battle-history">Mawile fainted!<br></div><div class="spacer battle-history"><br></div><div class="battle-history">Go! <strong>Tentacool</strong>!<br></div><div class="battle-history"><small>Pointed stones dug into Tentacool!</small><br></div><div class="battle-history"><small>Tentacool is hurt by the spikes!</small><br></div><div class="spacer battle-history"><br></div><h2 class="battle-history">Turn 21</h2><div class="chat chatmessage-marriana"><strong style="color:hsl(211,49%,48.497942430435955%)"><small>☆</small><span class="username" data-name="Marriana">Marriana</span>:</strong> <em>il tient</em></div><div class="chat chatmessage-marriana"><strong style="color:hsl(211,49%,48.497942430435955%)"><small>☆</small><span class="username" data-name="Marriana">Marriana</span>:</strong> <em>j'espère en tout cas</em></div><div class="chat chatmessage-beksel"><strong style="color:hsl(31,69%,45%)"><small>☆</small><span class="username" data-name="Beksel ✘">Beksel ✘</span>:</strong> <em>y</em></div><div class="spacer battle-history"><br></div><div class="battle-history">The opposing Forget It ? used <strong>Rock Polish</strong>!<br></div><div class="battle-history"><small>The opposing Forget It ?'s Speed rose sharply!</small><br></div><div class="spacer battle-history"><br></div><div class="battle-history">Tentacool used <strong>Rapid Spin</strong>!<br></div><div class="battle-history"><small>(The opposing Forget It ? lost <abbr title="−7/301">2.3%</abbr> of its health!)</small><br></div><div class="battle-history"><small>The spikes disappeared from the ground around your team!</small><br></div><div class="battle-history"><small>The pointed stones disappeared from around your team!</small><br></div><div class="spacer battle-history"><br></div><h2 class="battle-history">Turn 22</h2><div class="chat chatmessage-beksel"><strong style="color:hsl(31,69%,45%)"><small>☆</small><span class="username" data-name="Beksel ✘">Beksel ✘</span>:</strong> <em>Fin bon</em></div><div class="spacer battle-history"><br></div><div class="battle-history">The opposing Forget It ? used <strong>Thunderbolt</strong>!<br></div><div class="battle-history"><small>It's super effective!</small><br></div><div class="battle-history"><small>(Tentacool lost <abbr title="−120/284">42.3%</abbr> of its health!)</small><br></div><div class="battle-history"><small>The opposing Forget It ? lost some of its HP!</small><br></div><div class="spacer battle-history"><br></div><div class="battle-history">Tentacool used <strong>Scald</strong>!<br></div><div class="battle-history"><small>(The opposing Forget It ? lost <abbr title="−31/301">10.3%</abbr> of its health!)</small><br></div><div class="spacer battle-history"><br></div><h2 class="battle-history">Turn 23</h2><div class="chat chatmessage-beksel"><strong style="color:hsl(31,69%,45%)"><small>☆</small><span class="username" data-name="Beksel ✘">Beksel ✘</span>:</strong> <em>je reste trés weak</em></div><div class="chat chatmessage-beksel"><strong style="color:hsl(31,69%,45%)"><small>☆</small><span class="username" data-name="Beksel ✘">Beksel ✘</span>:</strong> <em>faut j'ameliore ca</em></div><div class="spacer battle-history"><br></div><div class="battle-history">The opposing Forget It ? used <strong>Thunderbolt</strong>!<br></div><div class="battle-history"><small>It's super effective!</small><br></div><div class="battle-history"><small>A critical hit!</small><br></div><div class="battle-history"><small>(Tentacool lost <abbr title="−82/284">28.9%</abbr> of its health!)</small><br></div><div class="battle-history"><small>The opposing Forget It ? lost some of its HP!</small><br></div><div class="spacer battle-history"><br></div><div class="battle-history">Tentacool fainted!<br></div><div class="spacer battle-history"><br></div><div class="battle-history">Go! <strong>Muk</strong>!<br></div><div class="spacer battle-history"><br></div><h2 class="battle-history">Turn 24</h2><div class="chat chatmessage-marriana"><strong style="color:hsl(211,49%,48.497942430435955%)"><small>☆</small><span class="username" data-name="Marriana">Marriana</span>:</strong> <em>ta team est lente si mr mime n'est pas scarf</em></div><div class="spacer battle-history"><br></div><div class="battle-history">Muk used <strong>Shadow Sneak</strong>!<br></div><div class="battle-history"><small>(The opposing Forget It ? lost <abbr title="−71/301">23.6%</abbr> of its health!)</small><br></div><div class="spacer battle-history"><br></div><div class="battle-history">The opposing Forget It ? used <strong>Ice Beam</strong>!<br></div><div class="battle-history"><small>(Muk lost <abbr title="−200/414">48.3%</abbr> of its health!)</small><br></div><div class="battle-history"><small>The opposing Forget It ? lost some of its HP!</small><br></div><div class="spacer battle-history"><br></div><div class="battle-history">The opposing Forget It ? fainted!<br></div><div class="chat chatmessage-beksel"><strong style="color:hsl(31,69%,45%)"><small>☆</small><span class="username" data-name="Beksel ✘">Beksel ✘</span>:</strong> <em>je sais plus</em></div><div class="chat chatmessage-beksel"><strong style="color:hsl(31,69%,45%)"><small>☆</small><span class="username" data-name="Beksel ✘">Beksel ✘</span>:</strong> <em>omg</em></div><div class="chat chatmessage-beksel"><strong style="color:hsl(31,69%,45%)"><small>☆</small><span class="username" data-name="Beksel ✘">Beksel ✘</span>:</strong> <em>le con</em></div><div class="chat chatmessage-beksel"><strong style="color:hsl(31,69%,45%)"><small>☆</small><span class="username" data-name="Beksel ✘">Beksel ✘</span>:</strong> <em>j'etais scarf :c</em></div><div class="spacer battle-history"><br></div><div class="battle-history">Beksel ✘ sent out <strong>Mr. Mime</strong>!<br></div><div class="battle-history"><small>Pointed stones dug into the opposing Mr. Mime!</small><br></div><div class="spacer battle-history"><br></div><h2 class="battle-history">Turn 25</h2><div class="chat"><small>Marriana left.</small></div><div class="chat chatmessage-beksel"><strong style="color:hsl(31,69%,45%)"><small>☆</small><span class="username" data-name="Beksel ✘">Beksel ✘</span>:</strong> <em>j'ia changé en speed rip</em></div><div class="chat"><small>Marriana joined.</small></div><div class="chat chatmessage-beksel"><strong style="color:hsl(31,69%,45%)"><small>☆</small><span class="username" data-name="Beksel ✘">Beksel ✘</span>:</strong> <em>J'ai fait de la merde dsl</em></div><div class="chat chatmessage-marriana"><strong style="color:hsl(211,49%,48.497942430435955%)"><small>☆</small><span class="username" data-name="Marriana">Marriana</span>:</strong> <em>?</em></div><div class="chat chatmessage-beksel"><strong style="color:hsl(31,69%,45%)"><small>☆</small><span class="username" data-name="Beksel ✘">Beksel ✘</span>:</strong> <em>Bah</em></div><div class="chat chatmessage-beksel"><strong style="color:hsl(31,69%,45%)"><small>☆</small><span class="username" data-name="Beksel ✘">Beksel ✘</span>:</strong> <em>j'aurais pu kill ton simi</em></div><div class="chat chatmessage-marriana"><strong style="color:hsl(211,49%,48.497942430435955%)"><small>☆</small><span class="username" data-name="Marriana">Marriana</span>:</strong> <em>si tu es scarf ça va, tu gagnes</em></div><div class="spacer battle-history"><br></div><div class="battle-history">Muk used <strong>Shadow Sneak</strong>!<br></div><div class="battle-history"><small>It's super effective!</small><br></div><div class="battle-history"><small>(The opposing Mr. Mime lost <abbr title="−167/221">75.6%</abbr> of its health!)</small><br></div><div class="spacer battle-history"><br></div><div class="battle-history">The opposing Mr. Mime fainted!<br></div><div class="spacer battle-history"><br></div><div class="battle-history"><strong>Marriana</strong> won the battle!<br></div><div class="chat chatmessage-beksel"><strong style="color:hsl(31,69%,45%)"><small>☆</small><span class="username" data-name="Beksel ✘">Beksel ✘</span>:</strong> <em>omg</em></div><div class="chat chatmessage-beksel"><strong style="color:hsl(31,69%,45%)"><small>☆</small><span class="username" data-name="Beksel ✘">Beksel ✘</span>:</strong> <em>!!!</em></div><div class="chat chatmessage-marriana"><strong style="color:hsl(211,49%,48.497942430435955%)"><small>☆</small><span class="username" data-name="Marriana">Marriana</span>:</strong> <em>ah non</em></div><div class="chat chatmessage-marriana"><strong style="color:hsl(211,49%,48.497942430435955%)"><small>☆</small><span class="username" data-name="Marriana">Marriana</span>:</strong> <em>c'est fort muk band</em></div><div class="chat chatmessage-beksel"><strong style="color:hsl(31,69%,45%)"><small>☆</small><span class="username" data-name="Beksel ✘">Beksel ✘</span>:</strong> <em>!dt filtre</em></div><div class="chat">No Pokémon, item, move, ability or nature named 'filtre' was found. Showing the data of 'Filter' instead.</div><div class="chat message-error">[outdated code no longer supported]</div><div class="chat"><font size="1"></font></div><div class="chat chatmessage-marriana"><strong style="color:hsl(211,49%,48.497942430435955%)"><small>☆</small><span class="username" data-name="Marriana">Marriana</span>:</strong> <em>gg</em></div><div class="chat chatmessage-beksel"><strong style="color:hsl(31,69%,45%)"><small>☆</small><span class="username" data-name="Beksel ✘">Beksel ✘</span>:</strong> <em>!dt soudproof</em></div><div class="chat">No Pokémon, item, move, ability or nature named 'soudproof' was found. Showing the data of 'Soundproof' instead.</div><div class="chat message-error">[outdated code no longer supported]</div><div class="chat"><font size="1"></font></div><div class="chat chatmessage-beksel"><strong style="color:hsl(31,69%,45%)"><small>☆</small><span class="username" data-name="Beksel ✘">Beksel ✘</span>:</strong> <em>gg</em></div><div class="chat"><small>Marriana left.</small></div><div class="chat"><small>Beksel ✘ left.</small></div></div><div class="inner-preempt"></div></div></div>
</div>
<script>
let daily = Math.floor(Date.now()/1000/60/60/24);document.write('<script src="https://play.pokemonshowdown.com/js/replay-embed.js?version'+daily+'"></'+'script>');
</script>
