<!DOCTYPE html>
<meta charset="utf-8" />
<!-- version 1 -->
<title>PU replay: Alolan's_Butt vs. LucyBellNeedsGlory</title>
<style>
html,body {font-family:Verdana, sans-serif;font-size:10pt;margin:0;padding:0;}body{padding:12px 0;} .battle-log {font-family:Verdana, sans-serif;font-size:10pt;} .battle-log-inline {border:1px solid #AAAAAA;background:#EEF2F5;color:black;max-width:640px;margin:0 auto 80px;padding-bottom:5px;} .battle-log .inner {padding:4px 8px 0px 8px;} .battle-log .inner-preempt {padding:0 8px 4px 8px;} .battle-log .inner-after {margin-top:0.5em;} .battle-log h2 {margin:0.5em -8px;padding:4px 8px;border:1px solid #AAAAAA;background:#E0E7EA;border-left:0;border-right:0;font-family:Verdana, sans-serif;font-size:13pt;} .battle-log .chat {vertical-align:middle;padding:3px 0 3px 0;font-size:8pt;} .battle-log .chat strong {color:#40576A;} .battle-log .chat em {padding:1px 4px 1px 3px;color:#000000;font-style:normal;} .chat.mine {background:rgba(0,0,0,0.05);margin-left:-8px;margin-right:-8px;padding-left:8px;padding-right:8px;} .spoiler {color:#BBBBBB;background:#BBBBBB;padding:0px 3px;} .spoiler:hover, .spoiler:active, .spoiler-shown {color:#000000;background:#E2E2E2;padding:0px 3px;} .spoiler a {color:#BBBBBB;} .spoiler:hover a, .spoiler:active a, .spoiler-shown a {color:#2288CC;} .chat code, .chat .spoiler:hover code, .chat .spoiler:active code, .chat .spoiler-shown code {border:1px solid #C0C0C0;background:#EEEEEE;color:black;padding:0 2px;} .chat .spoiler code {border:1px solid #CCCCCC;background:#CCCCCC;color:#CCCCCC;} .battle-log .rated {padding:3px 4px;} .battle-log .rated strong {color:white;background:#89A;padding:1px 4px;border-radius:4px;} .spacer {margin-top:0.5em;} .message-announce {background:#6688AA;color:white;padding:1px 4px 2px;} .message-announce a, .broadcast-green a, .broadcast-blue a, .broadcast-red a {color:#DDEEFF;} .broadcast-green {background-color:#559955;color:white;padding:2px 4px;} .broadcast-blue {background-color:#6688AA;color:white;padding:2px 4px;} .infobox {border:1px solid #6688AA;padding:2px 4px;} .infobox-limited {max-height:200px;overflow:auto;overflow-x:hidden;} .broadcast-red {background-color:#AA5544;color:white;padding:2px 4px;} .message-learn-canlearn {font-weight:bold;color:#228822;text-decoration:underline;} .message-learn-cannotlearn {font-weight:bold;color:#CC2222;text-decoration:underline;} .message-effect-weak {font-weight:bold;color:#CC2222;} .message-effect-resist {font-weight:bold;color:#6688AA;} .message-effect-immune {font-weight:bold;color:#666666;} .message-learn-list {margin-top:0;margin-bottom:0;} .message-throttle-notice, .message-error {color:#992222;} .message-overflow, .chat small.message-overflow {font-size:0pt;} .message-overflow::before {font-size:9pt;content:'...';} .subtle {color:#3A4A66;}
</style>
<div class="wrapper replay-wrapper" style="max-width:1180px;margin:0 auto">
<input type="hidden" name="replayid" value="pu-556055175" />
<div class="battle"></div><div class="battle-log"></div><div class="replay-controls"></div><div class="replay-controls-2"></div>
<h1 style="font-weight:normal;text-align:center"><strong>PU</strong><br /><a href="http://pokemonshowdown.com/users/alolansbutt" class="subtle" target="_blank">Alolan's_Butt</a> vs. <a href="http://pokemonshowdown.com/users/lucybellneedsglory" class="subtle" target="_blank">LucyBellNeedsGlory</a></h1>
<script type="text/plain" class="battle-log-data">|j|Alolan's_Butt
|j|LucyBellNeedsGlory
|player|p1|Alolan's_Butt|265
|player|p2|LucyBellNeedsGlory|12
|gametype|singles
|gen|6
|tier|PU
|rated
|seed|22635,30675,45932,49289
|rule|Sleep Clause Mod: Limit one foe put to sleep
|rule|Species Clause: Limit one of each Pokémon
|rule|OHKO Clause: OHKO moves are banned
|rule|Moody Clause: Moody is banned
|rule|Evasion Moves Clause: Evasion moves are banned
|rule|Endless Battle Clause: Forcing endless battles is banned
|rule|HP Percentage Mod: HP is shown in percentages
|clearpoke
|poke|p1|Natu, M|item
|poke|p1|Lopunny, M|item
|poke|p1|Misdreavus, M|item
|poke|p1|Rampardos, F|item
|poke|p1|Smeargle, M|item
|poke|p1|Mightyena, F|item
|poke|p2|Stoutland, M|item
|poke|p2|Rapidash, F|item
|poke|p2|Ninjask, M|item
|poke|p2|Jumpluff, M|
|poke|p2|Lumineon, F|item
|poke|p2|Golem, M|item
|rule|Swagger Clause: Swagger is banned
|rule|Baton Pass Clause: Limit one Baton Passer, can't pass Spe and other stats simultaneously
|teampreview
|choice|team 5, team 2, team 3, team 4, team 1, team 6|team 3, team 2, team 1, team 4, team 5, team 6
|
|start
|switch|p1a: Smeargle|Smeargle, M|314\/314
|switch|p2a: Ninjask|Ninjask, M|263\/263
|turn|1
|choice|move taunt|move uturn
|
|move|p2a: Ninjask|U-turn|p1a: Smeargle
|-damage|p1a: Smeargle|53\/314
|choice||switch 4
|
|switch|p2a: Jumpluff|Jumpluff, M|291\/291
|move|p1a: Smeargle|Taunt|p2a: Jumpluff
|-start|p2a: Jumpluff|move: Taunt
|
|upkeep
|turn|2
|choice|switch 3|move acrobatics
|
|switch|p1a: Misdreavus|Misdreavus, M|324\/324
|move|p2a: Jumpluff|Acrobatics|p1a: Misdreavus
|-damage|p1a: Misdreavus|231\/324
|
|upkeep
|turn|3
|choice|move thunderwave|move acrobatics
|
|move|p2a: Jumpluff|Acrobatics|p1a: Misdreavus
|-damage|p1a: Misdreavus|132\/324
|move|p1a: Misdreavus|Thunder Wave|p2a: Jumpluff
|-status|p2a: Jumpluff|par
|
|-end|p2a: Jumpluff|move: Taunt
|upkeep
|turn|4
|choice|switch 5|move sleeppowder
|
|switch|p1a: Natu|Natu, M|284\/284
|move|p2a: Jumpluff|Sleep Powder|p1a: Natu
|move|p1a: Natu|Sleep Powder|p2a: Jumpluff|[from]Magic Bounce
|-immune|p2a: Jumpluff|[msg]
|
|upkeep
|turn|5
|choice|move calmmind|move sleeppowder
|
|move|p1a: Natu|Calm Mind|p1a: Natu
|-boost|p1a: Natu|spa|1
|-boost|p1a: Natu|spd|1
|move|p2a: Jumpluff|Sleep Powder|p1a: Natu
|move|p1a: Natu|Sleep Powder|p2a: Jumpluff|[from]Magic Bounce
|-immune|p2a: Jumpluff|[msg]
|
|upkeep
|turn|6
|l|LucyBellNeedsGlory
|player|p2|
|j|LucyBellNeedsGlory
|player|p2|LucyBellNeedsGlory|12
|choice|move storedpower|move swordsdance
|
|move|p1a: Natu|Stored Power|p2a: Jumpluff
|-crit|p2a: Jumpluff
|-damage|p2a: Jumpluff|171\/291 par
|cant|p2a: Jumpluff|par
|
|upkeep
|turn|7
|choice|move calmmind|move acrobatics
|
|move|p1a: Natu|Calm Mind|p1a: Natu
|-boost|p1a: Natu|spa|1
|-boost|p1a: Natu|spd|1
|move|p2a: Jumpluff|Acrobatics|p1a: Natu
|-damage|p1a: Natu|197\/284
|
|upkeep
|turn|8
|choice|move roost|move swordsdance
|
|move|p1a: Natu|Roost|p1a: Natu
|-heal|p1a: Natu|284\/284
|move|p2a: Jumpluff|Swords Dance|p2a: Jumpluff
|-boost|p2a: Jumpluff|atk|2
|
|upkeep
|turn|9
|choice|move storedpower|move acrobatics
|
|move|p1a: Natu|Stored Power|p2a: Jumpluff
|-damage|p2a: Jumpluff|5\/291 par
|move|p2a: Jumpluff|Acrobatics|p1a: Natu
|-damage|p1a: Natu|100\/284
|
|upkeep
|turn|10
|choice|move roost|move acrobatics
|
|move|p1a: Natu|Roost|p1a: Natu
|-heal|p1a: Natu|242\/284
|move|p2a: Jumpluff|Acrobatics|p1a: Natu
|-damage|p1a: Natu|73\/284
|
|upkeep
|turn|11
|choice|move roost|move acrobatics
|
|move|p1a: Natu|Roost|p1a: Natu
|-heal|p1a: Natu|215\/284
|cant|p2a: Jumpluff|par
|
|upkeep
|turn|12
|choice|move storedpower|move acrobatics
|
|move|p1a: Natu|Stored Power|p2a: Jumpluff
|-damage|p2a: Jumpluff|0 fnt
|faint|p2a: Jumpluff
|
|upkeep
|choice||switch 3
|
|switch|p2a: Stoutland|Stoutland, M|311\/311
|turn|13
|choice|move storedpower|move frustration
|
|move|p2a: Stoutland|Frustration|p1a: Natu
|-damage|p1a: Natu|20\/284
|move|p1a: Natu|Stored Power|p2a: Stoutland
|-damage|p2a: Stoutland|119\/311
|
|upkeep
|turn|14
|choice|move storedpower|move frustration
|
|move|p2a: Stoutland|Frustration|p1a: Natu
|-damage|p1a: Natu|0 fnt
|faint|p1a: Natu
|
|upkeep
|choice|switch 4|
|
|switch|p1a: Rampardos|Rampardos, F|335\/335
|turn|15
|choice|move rockslide|move frustration
|
|move|p2a: Stoutland|Frustration|p1a: Rampardos
|-resisted|p1a: Rampardos
|-damage|p1a: Rampardos|139\/335
|move|p1a: Rampardos|Rock Slide|p2a: Stoutland
|-damage|p2a: Stoutland|0 fnt
|faint|p2a: Stoutland
|
|upkeep
|choice||switch 4
|
|switch|p2a: Ninjask|Ninjask, M|263\/263
|turn|16
|choice|move ironhead|move xscissor
|
|move|p2a: Ninjask|X-Scissor|p1a: Rampardos
|-damage|p1a: Rampardos|0 fnt
|faint|p1a: Rampardos
|
|-ability|p2a: Ninjask|Speed Boost|boost
|-boost|p2a: Ninjask|spe|1
|upkeep
|choice|switch 5|
|
|switch|p1a: Misdreavus|Misdreavus, M|132\/324
|turn|17
|choice|move shadowball|move uturn
|
|move|p2a: Ninjask|U-turn|p1a: Misdreavus
|-resisted|p1a: Misdreavus
|-damage|p1a: Misdreavus|79\/324
|choice||switch 6
|
|switch|p2a: Golem|Golem, M|301\/301
|move|p1a: Misdreavus|Shadow Ball|p2a: Golem
|-damage|p2a: Golem|166\/301
|
|-heal|p2a: Golem|184\/301|[from] item: Leftovers
|upkeep
|turn|18
|choice|move taunt|move stoneedge
|
|move|p1a: Misdreavus|Taunt|p2a: Golem
|-start|p2a: Golem|move: Taunt
|move|p2a: Golem|Stone Edge|p1a: Misdreavus
|-crit|p1a: Misdreavus
|-damage|p1a: Misdreavus|0 fnt
|faint|p1a: Misdreavus
|
|-heal|p2a: Golem|202\/301|[from] item: Leftovers
|upkeep
|choice|switch 3|
|
|switch|p1a: Smeargle|Smeargle, M|53\/314
|turn|19
|choice|move stickyweb|move earthquake
|
|move|p1a: Smeargle|Sticky Web|p2a: Golem
|-sidestart|p2: LucyBellNeedsGlory|move: Sticky Web
|move|p2a: Golem|Earthquake|p1a: Smeargle
|-damage|p1a: Smeargle|0 fnt
|faint|p1a: Smeargle
|
|-heal|p2a: Golem|220\/301|[from] item: Leftovers
|upkeep
|choice|switch 2|
|
|switch|p1a: Lopunny|Lopunny, M|334\/334
|turn|20
|choice|move cosmicpower|move stoneedge
|
|move|p1a: Lopunny|Cosmic Power|p1a: Lopunny
|-boost|p1a: Lopunny|def|1
|-boost|p1a: Lopunny|spd|1
|move|p2a: Golem|Stone Edge|p1a: Lopunny
|-crit|p1a: Lopunny
|-damage|p1a: Lopunny|27\/334
|
|-heal|p2a: Golem|238\/301|[from] item: Leftovers
|-end|p2a: Golem|move: Taunt
|upkeep
|turn|21
|choice|move encore|move earthquake
|
|move|p1a: Lopunny|Encore|p2a: Golem
|-start|p2a: Golem|Encore
|move|p2a: Golem|Stone Edge|p1a: Lopunny
|-damage|p1a: Lopunny|0 fnt
|faint|p1a: Lopunny
|
|-heal|p2a: Golem|256\/301|[from] item: Leftovers
|upkeep
|choice|switch 6|
|
|switch|p1a: Mightyena|Mightyena, F|282\/282
|turn|22
|choice|move substitute|switch 2
|
|switch|p2a: Rapidash|Rapidash, F|333\/333
|-activate|p2a: Rapidash|move: Sticky Web
|-unboost|p2a: Rapidash|spe|1
|move|p1a: Mightyena|Substitute|p1a: Mightyena
|-start|p1a: Mightyena|Substitute
|-damage|p1a: Mightyena|212\/282
|
|-heal|p1a: Mightyena|229\/282|[from] item: Leftovers
|upkeep
|turn|23
|choice|move howl|move flareblitz
|
|move|p1a: Mightyena|Howl|p1a: Mightyena
|-boost|p1a: Mightyena|atk|1
|move|p2a: Rapidash|Flare Blitz|p1a: Mightyena
|-end|p1a: Mightyena|Substitute
|-damage|p2a: Rapidash|310\/333|[from] recoil|[of] p1a: Mightyena
|
|-heal|p1a: Mightyena|246\/282|[from] item: Leftovers
|upkeep
|turn|24
|choice|move crunch|move flareblitz
|
|move|p1a: Mightyena|Crunch|p2a: Rapidash
|-damage|p2a: Rapidash|178\/333
|-damage|p1a: Mightyena|199\/282|[from] item: Rocky Helmet|[of] p2a: Rapidash
|move|p2a: Rapidash|Flare Blitz|p1a: Mightyena
|-damage|p1a: Mightyena|21\/282
|-damage|p2a: Rapidash|119\/333|[from] recoil|[of] p1a: Mightyena
|
|-heal|p1a: Mightyena|38\/282|[from] item: Leftovers
|upkeep
|turn|25
|choice|move crunch|move morningsun
|
|move|p1a: Mightyena|Crunch|p2a: Rapidash
|-damage|p2a: Rapidash|0 fnt
|-damage|p1a: Mightyena|0 fnt|[from] item: Rocky Helmet|[of] p2a: Rapidash
|faint|p1a: Mightyena
|faint|p2a: Rapidash
|
|win|LucyBellNeedsGlory
|raw|Alolan&apos;s_Butt's rating: 1295 &rarr; <strong>1278<\/strong><br \/>(-17 for losing)
|raw|LucyBellNeedsGlory's rating: 1414 &rarr; <strong>1427<\/strong><br \/>(+13 for winning)
|l|Alolan's_Butt</script>
</div>
<div class="battle-log battle-log-inline"><div class="inner"><div class="battle-options"></div><div class="inner"><div class="chat"><small>Alolan's_Butt joined.</small></div><div class="chat"><small>LucyBellNeedsGlory joined.</small></div><div class=""><small>Format:</small> <br><strong>PU</strong></div><div class="rated"><strong>Rated battle</strong></div><div class=""><small><em>Sleep Clause Mod:</em> Limit one foe put to sleep</small></div><div class=""><small><em>Species Clause:</em> Limit one of each Pokémon</small></div><div class=""><small><em>OHKO Clause:</em> OHKO moves are banned</small></div><div class=""><small><em>Moody Clause:</em> Moody is banned</small></div><div class=""><small><em>Evasion Moves Clause:</em> Evasion moves are banned</small></div><div class=""><small><em>Endless Battle Clause:</em> Forcing endless battles is banned</small></div><div class=""><small><em>HP Percentage Mod:</em> HP is shown in percentages</small></div><div class=""><small><em>Swagger Clause:</em> Swagger is banned</small></div><div class=""><small><em>Baton Pass Clause:</em> Limit one Baton Passer, can't pass Spe and other stats simultaneously</small></div><div class="chat battle-history"><strong>Alolan's_Butt's team:</strong> <em style="color:#445566;display:block;">Natu / Lopunny / Misdreavus / Rampardos / Smeargle / Mightyena</em></div><div class="chat battle-history"><strong>LucyBellNeedsGlory's team:</strong> <em style="color:#445566;display:block;">Stoutland / Rapidash / Ninjask / Jumpluff / Lumineon / Golem</em></div><div class="spacer battle-history"><br></div><div class="battle-history">Battle started between Alolan's_Butt and LucyBellNeedsGlory!<br></div><div class="spacer battle-history"><br></div><div class="battle-history">Go! <strong>Smeargle</strong>!<br></div><div class="spacer battle-history"><br></div><div class="battle-history">LucyBellNeedsGlory sent out <strong>Ninjask</strong>!<br></div><div class="spacer battle-history"><br></div><h2 class="battle-history">Turn 1</h2><div class="spacer battle-history"><br></div><div class="battle-history">The opposing Ninjask used <strong>U-turn</strong>!<br></div><div class="battle-history"><small>(Smeargle lost <abbr title="−261/314">83.1%</abbr> of its health!)</small><br></div><div class="spacer battle-history"><br></div><div class="battle-history">The opposing Ninjask went back to LucyBellNeedsGlory!<br></div><div class="battle-history">LucyBellNeedsGlory sent out <strong>Jumpluff</strong>!<br></div><div class="spacer battle-history"><br></div><div class="battle-history">Smeargle used <strong>Taunt</strong>!<br></div><div class="battle-history"><small>The opposing Jumpluff fell for the taunt!</small><br></div><div class="spacer battle-history"><br></div><h2 class="battle-history">Turn 2</h2><div class="spacer battle-history"><br></div><div class="battle-history">Smeargle, come back!<br></div><div class="battle-history">Go! <strong>Misdreavus</strong>!<br></div><div class="spacer battle-history"><br></div><div class="battle-history">The opposing Jumpluff used <strong>Acrobatics</strong>!<br></div><div class="battle-history"><small>(Misdreavus lost <abbr title="−93/324">28.7%</abbr> of its health!)</small><br></div><div class="spacer battle-history"><br></div><h2 class="battle-history">Turn 3</h2><div class="spacer battle-history"><br></div><div class="battle-history">The opposing Jumpluff used <strong>Acrobatics</strong>!<br></div><div class="battle-history"><small>(Misdreavus lost <abbr title="−99/324">30.6%</abbr> of its health!)</small><br></div><div class="spacer battle-history"><br></div><div class="battle-history">Misdreavus used <strong>Thunder Wave</strong>!<br></div><div class="battle-history"><small>The opposing Jumpluff is paralyzed! It may be unable to move!</small><br></div><div class="spacer battle-history"><br></div><div class="battle-history"><small>The opposing Jumpluff's taunt wore off!</small><br></div><div class="spacer battle-history"><br></div><h2 class="battle-history">Turn 4</h2><div class="spacer battle-history"><br></div><div class="battle-history">Misdreavus, come back!<br></div><div class="battle-history">Go! <strong>Natu</strong>!<br></div><div class="spacer battle-history"><br></div><div class="battle-history">The opposing Jumpluff used <strong>Sleep Powder</strong>!<br></div><div class="spacer battle-history"><br></div><div class="battle-history"><small>[Natu's Magic Bounce]</small><br>Natu bounced the Sleep Powder back!<br></div><div class="battle-history"><small>It doesn't affect the opposing Jumpluff...</small><br></div><div class="spacer battle-history"><br></div><h2 class="battle-history">Turn 5</h2><div class="spacer battle-history"><br></div><div class="battle-history">Natu used <strong>Calm Mind</strong>!<br></div><div class="battle-history"><small>Natu's Special Attack rose!</small><br></div><div class="battle-history"><small>Natu's Special Defense rose!</small><br></div><div class="spacer battle-history"><br></div><div class="battle-history">The opposing Jumpluff used <strong>Sleep Powder</strong>!<br></div><div class="spacer battle-history"><br></div><div class="battle-history"><small>[Natu's Magic Bounce]</small><br>Natu bounced the Sleep Powder back!<br></div><div class="battle-history"><small>It doesn't affect the opposing Jumpluff...</small><br></div><div class="spacer battle-history"><br></div><h2 class="battle-history">Turn 6</h2><div class="chat"><small>LucyBellNeedsGlory left.</small></div><div class="chat"><small>LucyBellNeedsGlory joined.</small></div><div class="spacer battle-history"><br></div><div class="battle-history">Natu used <strong>Stored Power</strong>!<br></div><div class="battle-history"><small>A critical hit!</small><br></div><div class="battle-history"><small>(The opposing Jumpluff lost <abbr title="−120/291">41.2%</abbr> of its health!)</small><br></div><div class="spacer battle-history"><br></div><div class="battle-history">The opposing Jumpluff is paralyzed! It can't move!<br></div><div class="spacer battle-history"><br></div><h2 class="battle-history">Turn 7</h2><div class="spacer battle-history"><br></div><div class="battle-history">Natu used <strong>Calm Mind</strong>!<br></div><div class="battle-history"><small>Natu's Special Attack rose!</small><br></div><div class="battle-history"><small>Natu's Special Defense rose!</small><br></div><div class="spacer battle-history"><br></div><div class="battle-history">The opposing Jumpluff used <strong>Acrobatics</strong>!<br></div><div class="battle-history"><small>(Natu lost <abbr title="−87/284">30.6%</abbr> of its health!)</small><br></div><div class="spacer battle-history"><br></div><h2 class="battle-history">Turn 8</h2><div class="spacer battle-history"><br></div><div class="battle-history">Natu used <strong>Roost</strong>!<br></div><div class="battle-history"><small>Natu restored its HP.</small><br></div><div class="spacer battle-history"><br></div><div class="battle-history">The opposing Jumpluff used <strong>Swords Dance</strong>!<br></div><div class="battle-history"><small>The opposing Jumpluff's Attack rose sharply!</small><br></div><div class="spacer battle-history"><br></div><h2 class="battle-history">Turn 9</h2><div class="spacer battle-history"><br></div><div class="battle-history">Natu used <strong>Stored Power</strong>!<br></div><div class="battle-history"><small>(The opposing Jumpluff lost <abbr title="−166/291">57.0%</abbr> of its health!)</small><br></div><div class="spacer battle-history"><br></div><div class="battle-history">The opposing Jumpluff used <strong>Acrobatics</strong>!<br></div><div class="battle-history"><small>(Natu lost <abbr title="−184/284">64.8%</abbr> of its health!)</small><br></div><div class="spacer battle-history"><br></div><h2 class="battle-history">Turn 10</h2><div class="spacer battle-history"><br></div><div class="battle-history">Natu used <strong>Roost</strong>!<br></div><div class="battle-history"><small>Natu restored its HP.</small><br></div><div class="spacer battle-history"><br></div><div class="battle-history">The opposing Jumpluff used <strong>Acrobatics</strong>!<br></div><div class="battle-history"><small>(Natu lost <abbr title="−169/284">59.5%</abbr> of its health!)</small><br></div><div class="spacer battle-history"><br></div><h2 class="battle-history">Turn 11</h2><div class="spacer battle-history"><br></div><div class="battle-history">Natu used <strong>Roost</strong>!<br></div><div class="battle-history"><small>Natu restored its HP.</small><br></div><div class="spacer battle-history"><br></div><div class="battle-history">The opposing Jumpluff is paralyzed! It can't move!<br></div><div class="spacer battle-history"><br></div><h2 class="battle-history">Turn 12</h2><div class="spacer battle-history"><br></div><div class="battle-history">Natu used <strong>Stored Power</strong>!<br></div><div class="battle-history"><small>(The opposing Jumpluff lost <abbr title="−5/291">1.7%</abbr> of its health!)</small><br></div><div class="spacer battle-history"><br></div><div class="battle-history">The opposing Jumpluff fainted!<br></div><div class="spacer battle-history"><br></div><div class="battle-history">LucyBellNeedsGlory sent out <strong>Stoutland</strong>!<br></div><div class="spacer battle-history"><br></div><h2 class="battle-history">Turn 13</h2><div class="spacer battle-history"><br></div><div class="battle-history">The opposing Stoutland used <strong>Frustration</strong>!<br></div><div class="battle-history"><small>(Natu lost <abbr title="−195/284">68.7%</abbr> of its health!)</small><br></div><div class="spacer battle-history"><br></div><div class="battle-history">Natu used <strong>Stored Power</strong>!<br></div><div class="battle-history"><small>(The opposing Stoutland lost <abbr title="−192/311">61.7%</abbr> of its health!)</small><br></div><div class="spacer battle-history"><br></div><h2 class="battle-history">Turn 14</h2><div class="spacer battle-history"><br></div><div class="battle-history">The opposing Stoutland used <strong>Frustration</strong>!<br></div><div class="battle-history"><small>(Natu lost <abbr title="−20/284">7.0%</abbr> of its health!)</small><br></div><div class="spacer battle-history"><br></div><div class="battle-history">Natu fainted!<br></div><div class="spacer battle-history"><br></div><div class="battle-history">Go! <strong>Rampardos</strong>!<br></div><div class="spacer battle-history"><br></div><h2 class="battle-history">Turn 15</h2><div class="spacer battle-history"><br></div><div class="battle-history">The opposing Stoutland used <strong>Frustration</strong>!<br></div><div class="battle-history"><small>It's not very effective...</small><br></div><div class="battle-history"><small>(Rampardos lost <abbr title="−196/335">58.5%</abbr> of its health!)</small><br></div><div class="spacer battle-history"><br></div><div class="battle-history">Rampardos used <strong>Rock Slide</strong>!<br></div><div class="battle-history"><small>(The opposing Stoutland lost <abbr title="−119/311">38.3%</abbr> of its health!)</small><br></div><div class="spacer battle-history"><br></div><div class="battle-history">The opposing Stoutland fainted!<br></div><div class="spacer battle-history"><br></div><div class="battle-history">LucyBellNeedsGlory sent out <strong>Ninjask</strong>!<br></div><div class="spacer battle-history"><br></div><h2 class="battle-history">Turn 16</h2><div class="spacer battle-history"><br></div><div class="battle-history">The opposing Ninjask used <strong>X-Scissor</strong>!<br></div><div class="battle-history"><small>(Rampardos lost <abbr title="−139/335">41.5%</abbr> of its health!)</small><br></div><div class="spacer battle-history"><br></div><div class="battle-history">Rampardos fainted!<br></div><div class="spacer battle-history"><br></div><div class="battle-history"><small>[The opposing Ninjask's Speed Boost]</small><br></div><div class="battle-history"><small>The opposing Ninjask's Speed rose!</small><br></div><div class="spacer battle-history"><br></div><div class="battle-history">Go! <strong>Misdreavus</strong>!<br></div><div class="spacer battle-history"><br></div><h2 class="battle-history">Turn 17</h2><div class="spacer battle-history"><br></div><div class="battle-history">The opposing Ninjask used <strong>U-turn</strong>!<br></div><div class="battle-history"><small>It's not very effective...</small><br></div><div class="battle-history"><small>(Misdreavus lost <abbr title="−53/324">16.4%</abbr> of its health!)</small><br></div><div class="spacer battle-history"><br></div><div class="battle-history">The opposing Ninjask went back to LucyBellNeedsGlory!<br></div><div class="battle-history">LucyBellNeedsGlory sent out <strong>Golem</strong>!<br></div><div class="spacer battle-history"><br></div><div class="battle-history">Misdreavus used <strong>Shadow Ball</strong>!<br></div><div class="battle-history"><small>(The opposing Golem lost <abbr title="−135/301">44.9%</abbr> of its health!)</small><br></div><div class="spacer battle-history"><br></div><div class="battle-history"><small>The opposing Golem restored a little HP using its Leftovers!</small><br></div><div class="spacer battle-history"><br></div><h2 class="battle-history">Turn 18</h2><div class="spacer battle-history"><br></div><div class="battle-history">Misdreavus used <strong>Taunt</strong>!<br></div><div class="battle-history"><small>The opposing Golem fell for the taunt!</small><br></div><div class="spacer battle-history"><br></div><div class="battle-history">The opposing Golem used <strong>Stone Edge</strong>!<br></div><div class="battle-history"><small>A critical hit!</small><br></div><div class="battle-history"><small>(Misdreavus lost <abbr title="−79/324">24.4%</abbr> of its health!)</small><br></div><div class="spacer battle-history"><br></div><div class="battle-history">Misdreavus fainted!<br></div><div class="spacer battle-history"><br></div><div class="battle-history"><small>The opposing Golem restored a little HP using its Leftovers!</small><br></div><div class="spacer battle-history"><br></div><div class="battle-history">Go! <strong>Smeargle</strong>!<br></div><div class="spacer battle-history"><br></div><h2 class="battle-history">Turn 19</h2><div class="spacer battle-history"><br></div><div class="battle-history">Smeargle used <strong>Sticky Web</strong>!<br></div><div class="battle-history"><small>A sticky web spreads out on the ground around the opposing team!</small><br></div><div class="spacer battle-history"><br></div><div class="battle-history">The opposing Golem used <strong>Earthquake</strong>!<br></div><div class="battle-history"><small>(Smeargle lost <abbr title="−53/314">16.9%</abbr> of its health!)</small><br></div><div class="spacer battle-history"><br></div><div class="battle-history">Smeargle fainted!<br></div><div class="spacer battle-history"><br></div><div class="battle-history"><small>The opposing Golem restored a little HP using its Leftovers!</small><br></div><div class="spacer battle-history"><br></div><div class="battle-history">Go! <strong>Lopunny</strong>!<br></div><div class="spacer battle-history"><br></div><h2 class="battle-history">Turn 20</h2><div class="spacer battle-history"><br></div><div class="battle-history">Lopunny used <strong>Cosmic Power</strong>!<br></div><div class="battle-history"><small>Lopunny's Defense rose!</small><br></div><div class="battle-history"><small>Lopunny's Special Defense rose!</small><br></div><div class="spacer battle-history"><br></div><div class="battle-history">The opposing Golem used <strong>Stone Edge</strong>!<br></div><div class="battle-history"><small>A critical hit!</small><br></div><div class="battle-history"><small>(Lopunny lost <abbr title="−307/334">91.9%</abbr> of its health!)</small><br></div><div class="spacer battle-history"><br></div><div class="battle-history"><small>The opposing Golem restored a little HP using its Leftovers!</small><br></div><div class="battle-history"><small>The opposing Golem's taunt wore off!</small><br></div><div class="spacer battle-history"><br></div><h2 class="battle-history">Turn 21</h2><div class="spacer battle-history"><br></div><div class="battle-history">Lopunny used <strong>Encore</strong>!<br></div><div class="battle-history"><small>The opposing Golem received an encore!</small><br></div><div class="spacer battle-history"><br></div><div class="battle-history">The opposing Golem used <strong>Stone Edge</strong>!<br></div><div class="battle-history"><small>(Lopunny lost <abbr title="−27/334">8.1%</abbr> of its health!)</small><br></div><div class="spacer battle-history"><br></div><div class="battle-history">Lopunny fainted!<br></div><div class="spacer battle-history"><br></div><div class="battle-history"><small>The opposing Golem restored a little HP using its Leftovers!</small><br></div><div class="spacer battle-history"><br></div><div class="battle-history">Go! <strong>Mightyena</strong>!<br></div><div class="spacer battle-history"><br></div><h2 class="battle-history">Turn 22</h2><div class="spacer battle-history"><br></div><div class="battle-history">LucyBellNeedsGlory withdrew Golem!<br></div><div class="battle-history">LucyBellNeedsGlory sent out <strong>Rapidash</strong>!<br></div><div class="battle-history"><small>The opposing Rapidash was caught in a sticky web!</small><br></div><div class="battle-history"><small>The opposing Rapidash's Speed fell!</small><br></div><div class="spacer battle-history"><br></div><div class="battle-history">Mightyena used <strong>Substitute</strong>!<br></div><div class="battle-history"><small>Mightyena put in a substitute!</small><br></div><div class="battle-history"><small>(Mightyena lost <abbr title="−70/282">24.8%</abbr> of its health!)</small><br></div><div class="spacer battle-history"><br></div><div class="battle-history"><small>Mightyena restored a little HP using its Leftovers!</small><br></div><div class="spacer battle-history"><br></div><h2 class="battle-history">Turn 23</h2><div class="spacer battle-history"><br></div><div class="battle-history">Mightyena used <strong>Howl</strong>!<br></div><div class="battle-history"><small>Mightyena's Attack rose!</small><br></div><div class="spacer battle-history"><br></div><div class="battle-history">The opposing Rapidash used <strong>Flare Blitz</strong>!<br></div><div class="battle-history"><small>Mightyena's substitute faded!</small><br></div><div class="battle-history"><small>The opposing Rapidash is damaged by the recoil!</small><br></div><div class="spacer battle-history"><br></div><div class="battle-history"><small>Mightyena restored a little HP using its Leftovers!</small><br></div><div class="spacer battle-history"><br></div><h2 class="battle-history">Turn 24</h2><div class="spacer battle-history"><br></div><div class="battle-history">Mightyena used <strong>Crunch</strong>!<br></div><div class="battle-history"><small>(The opposing Rapidash lost <abbr title="−132/333">39.6%</abbr> of its health!)</small><br></div><div class="battle-history"><small>Mightyena was hurt by the Rocky Helmet!</small><br></div><div class="spacer battle-history"><br></div><div class="battle-history">The opposing Rapidash used <strong>Flare Blitz</strong>!<br></div><div class="battle-history"><small>(Mightyena lost <abbr title="−178/282">63.1%</abbr> of its health!)</small><br></div><div class="battle-history"><small>The opposing Rapidash is damaged by the recoil!</small><br></div><div class="spacer battle-history"><br></div><div class="battle-history"><small>Mightyena restored a little HP using its Leftovers!</small><br></div><div class="spacer battle-history"><br></div><h2 class="battle-history">Turn 25</h2><div class="spacer battle-history"><br></div><div class="battle-history">Mightyena used <strong>Crunch</strong>!<br></div><div class="battle-history"><small>(The opposing Rapidash lost <abbr title="−119/333">35.7%</abbr> of its health!)</small><br></div><div class="battle-history"><small>Mightyena was hurt by the Rocky Helmet!</small><br></div><div class="spacer battle-history"><br></div><div class="battle-history">Mightyena fainted!<br></div><div class="battle-history">The opposing Rapidash fainted!<br></div><div class="spacer battle-history"><br></div><div class="battle-history"><strong>LucyBellNeedsGlory</strong> won the battle!<br></div><div class="chat">Alolan's_Butt's rating: 1295 → <strong>1278</strong><br>(-17 for losing)</div><div class="chat">LucyBellNeedsGlory's rating: 1414 → <strong>1427</strong><br>(+13 for winning)</div><div class="chat"><small>Alolan's_Butt left.</small></div></div><div class="inner-preempt"></div></div></div>
</div>
<script>
let daily = Math.floor(Date.now()/1000/60/60/24);document.write('<script src="https://play.pokemonshowdown.com/js/replay-embed.js?version'+daily+'"></'+'script>');
</script>
