<!DOCTYPE html>
<meta charset="utf-8" />
<!-- version 1 -->
<title>PU replay: kay くコ彡 vs. Smallsmallrose</title>
<style>
html,body {font-family:Verdana, sans-serif;font-size:10pt;margin:0;padding:0;}body{padding:12px 0;} .battle-log {font-family:Verdana, sans-serif;font-size:10pt;} .battle-log-inline {border:1px solid #AAAAAA;background:#EEF2F5;color:black;max-width:640px;margin:0 auto 80px;padding-bottom:5px;} .battle-log .inner {padding:4px 8px 0px 8px;} .battle-log .inner-preempt {padding:0 8px 4px 8px;} .battle-log .inner-after {margin-top:0.5em;} .battle-log h2 {margin:0.5em -8px;padding:4px 8px;border:1px solid #AAAAAA;background:#E0E7EA;border-left:0;border-right:0;font-family:Verdana, sans-serif;font-size:13pt;} .battle-log .chat {vertical-align:middle;padding:3px 0 3px 0;font-size:8pt;} .battle-log .chat strong {color:#40576A;} .battle-log .chat em {padding:1px 4px 1px 3px;color:#000000;font-style:normal;} .chat.mine {background:rgba(0,0,0,0.05);margin-left:-8px;margin-right:-8px;padding-left:8px;padding-right:8px;} .spoiler {color:#BBBBBB;background:#BBBBBB;padding:0px 3px;} .spoiler:hover, .spoiler:active, .spoiler-shown {color:#000000;background:#E2E2E2;padding:0px 3px;} .spoiler a {color:#BBBBBB;} .spoiler:hover a, .spoiler:active a, .spoiler-shown a {color:#2288CC;} .chat code, .chat .spoiler:hover code, .chat .spoiler:active code, .chat .spoiler-shown code {border:1px solid #C0C0C0;background:#EEEEEE;color:black;padding:0 2px;} .chat .spoiler code {border:1px solid #CCCCCC;background:#CCCCCC;color:#CCCCCC;} .battle-log .rated {padding:3px 4px;} .battle-log .rated strong {color:white;background:#89A;padding:1px 4px;border-radius:4px;} .spacer {margin-top:0.5em;} .message-announce {background:#6688AA;color:white;padding:1px 4px 2px;} .message-announce a, .broadcast-green a, .broadcast-blue a, .broadcast-red a {color:#DDEEFF;} .broadcast-green {background-color:#559955;color:white;padding:2px 4px;} .broadcast-blue {background-color:#6688AA;color:white;padding:2px 4px;} .infobox {border:1px solid #6688AA;padding:2px 4px;} .infobox-limited {max-height:200px;overflow:auto;overflow-x:hidden;} .broadcast-red {background-color:#AA5544;color:white;padding:2px 4px;} .message-learn-canlearn {font-weight:bold;color:#228822;text-decoration:underline;} .message-learn-cannotlearn {font-weight:bold;color:#CC2222;text-decoration:underline;} .message-effect-weak {font-weight:bold;color:#CC2222;} .message-effect-resist {font-weight:bold;color:#6688AA;} .message-effect-immune {font-weight:bold;color:#666666;} .message-learn-list {margin-top:0;margin-bottom:0;} .message-throttle-notice, .message-error {color:#992222;} .message-overflow, .chat small.message-overflow {font-size:0pt;} .message-overflow::before {font-size:9pt;content:'...';} .subtle {color:#3A4A66;}
</style>
<div class="wrapper replay-wrapper" style="max-width:1180px;margin:0 auto">
<input type="hidden" name="replayid" value="pu-573204909" />
<div class="battle"></div><div class="battle-log"></div><div class="replay-controls"></div><div class="replay-controls-2"></div>
<h1 style="font-weight:normal;text-align:center"><strong>PU</strong><br /><a href="http://pokemonshowdown.com/users/kay" class="subtle" target="_blank">kay くコ彡</a> vs. <a href="http://pokemonshowdown.com/users/smallsmallrose" class="subtle" target="_blank">Smallsmallrose</a></h1>
<script type="text/plain" class="battle-log-data">|j|kay くコ彡
|j|Smallsmallrose
|player|p1|kay くコ彡|#kay
|player|p2|Smallsmallrose|260
|gametype|singles
|gen|6
|tier|PU
|seed|53131,5882,49395,29554
|rule|Sleep Clause Mod: Limit one foe put to sleep
|rule|Species Clause: Limit one of each Pokémon
|rule|OHKO Clause: OHKO moves are banned
|rule|Moody Clause: Moody is banned
|rule|Evasion Moves Clause: Evasion moves are banned
|rule|Endless Battle Clause: Forcing endless battles is banned
|rule|HP Percentage Mod: HP is shown in percentages
|clearpoke
|poke|p1|Audino, M|item
|poke|p1|Dusclops, M|item
|poke|p1|Altaria, F|item
|poke|p1|Torkoal, M|item
|poke|p1|Golem, M|item
|poke|p1|Tangela, F|item
|poke|p2|Rotom-Frost|item
|poke|p2|Mr. Mime, F|item
|poke|p2|Leafeon, F|item
|poke|p2|Golem, F|item
|poke|p2|Purugly, F|item
|poke|p2|Lumineon, F|item
|rule|Swagger Clause: Swagger is banned
|rule|Baton Pass Clause: Limit one Baton Passer, can't pass Spe and other stats simultaneously
|teampreview
|j|Queen Motorhead
|c|☆kay くコ彡|have fun!
|c|☆Smallsmallrose|you too!
|j|Chrisloud
|choice|team 6, team 2, team 3, team 4, team 5, team 1|team 3, team 2, team 1, team 4, team 5, team 6
|
|start
|switch|p1a: Tangela|Tangela, F|334\/334
|switch|p2a: Leafeon|Leafeon, F|271\/271
|turn|1
|j|UberSkitty
|choice|switch 4|move knockoff
|
|switch|p1a: Torkoal|Torkoal, M|343\/343
|move|p2a: Leafeon|Knock Off|p1a: Torkoal
|-damage|p1a: Torkoal|254\/343
|-enditem|p1a: Torkoal|Leftovers|[from] move: Knock Off|[of] p2a: Leafeon
|
|upkeep
|turn|2
|choice|move toxic|switch 6
|
|switch|p2a: Lumineon|Lumineon, F|341\/341
|move|p1a: Torkoal|Toxic|p2a: Lumineon
|-status|p2a: Lumineon|tox
|
|-damage|p2a: Lumineon|320\/341 tox|[from] psn
|upkeep
|turn|3
|choice|move protect|move uturn
|
|move|p1a: Torkoal|Protect|p1a: Torkoal
|-singleturn|p1a: Torkoal|Protect
|move|p2a: Lumineon|U-turn|p1a: Torkoal
|-activate|p1a: Torkoal|move: Protect
|
|-heal|p2a: Lumineon|341\/341 tox|[from] item: Leftovers
|-damage|p2a: Lumineon|299\/341 tox|[from] psn
|upkeep
|turn|4
|choice|move toxic|move scald
|
|move|p2a: Lumineon|Scald|p1a: Torkoal
|-supereffective|p1a: Torkoal
|-damage|p1a: Torkoal|84\/343
|move|p1a: Torkoal|Toxic|p2a: Lumineon
|-fail|p2a: Lumineon|tox
|
|-heal|p2a: Lumineon|320\/341 tox|[from] item: Leftovers
|-damage|p2a: Lumineon|257\/341 tox|[from] psn
|upkeep
|turn|5
|c|☆kay くコ彡|ah
|c|☆kay くコ彡|got me
|j|Based Loser
|choice|move toxic|move toxic
|
|move|p2a: Lumineon|Toxic|p1a: Torkoal
|-status|p1a: Torkoal|tox
|move|p1a: Torkoal|Toxic|p2a: Lumineon
|-fail|p2a: Lumineon|tox
|
|-heal|p2a: Lumineon|278\/341 tox|[from] item: Leftovers
|-damage|p2a: Lumineon|194\/341 tox|[from] psn
|-damage|p1a: Torkoal|63\/343 tox|[from] psn
|upkeep
|turn|6
|choice|move protect|move scald
|
|move|p1a: Torkoal|Protect|p1a: Torkoal
|-singleturn|p1a: Torkoal|Protect
|move|p2a: Lumineon|Scald|p1a: Torkoal
|-activate|p1a: Torkoal|move: Protect
|
|-heal|p2a: Lumineon|215\/341 tox|[from] item: Leftovers
|-damage|p2a: Lumineon|110\/341 tox|[from] psn
|-damage|p1a: Torkoal|21\/343 tox|[from] psn
|upkeep
|turn|7
|choice|switch 3|move uturn
|
|switch|p1a: Altaria|Altaria, F|353\/353
|move|p2a: Lumineon|U-turn|p1a: Altaria
|-resisted|p1a: Altaria
|-damage|p1a: Altaria|339\/353
|choice||switch 3
|
|switch|p2a: Rotom|Rotom-Frost|241\/241
|
|-heal|p1a: Altaria|353\/353|[from] item: Leftovers
|upkeep
|turn|8
|choice|switch 3|move blizzard
|
|switch|p1a: Torkoal|Torkoal, M|21\/343 tox
|move|p2a: Rotom|Blizzard|p1a: Torkoal
|-resisted|p1a: Torkoal
|-damage|p1a: Torkoal|0 fnt
|faint|p1a: Torkoal
|
|upkeep
|choice|switch 2|
|
|switch|p1a: Dusclops|Dusclops, M|284\/284
|-ability|p1a: Dusclops|Pressure
|turn|9
|choice|move willowisp|switch 6
|
|switch|p2a: Leafeon|Leafeon, F|271\/271
|move|p1a: Dusclops|Will-O-Wisp|p2a: Leafeon
|-status|p2a: Leafeon|brn
|
|-damage|p2a: Leafeon|238\/271 brn|[from] brn
|upkeep
|turn|10
|choice|switch 3|move knockoff
|
|switch|p1a: Altaria|Altaria, F|353\/353
|move|p2a: Leafeon|Knock Off|p1a: Altaria
|-damage|p1a: Altaria|291\/353
|-enditem|p1a: Altaria|Leftovers|[from] move: Knock Off|[of] p2a: Leafeon
|
|-damage|p2a: Leafeon|205\/271 brn|[from] brn
|upkeep
|turn|11
|choice|move dragonpulse|switch 3
|
|switch|p2a: Lumineon|Lumineon, F|110\/341 tox
|move|p1a: Altaria|Dragon Pulse|p2a: Lumineon
|-damage|p2a: Lumineon|23\/341 tox
|
|-heal|p2a: Lumineon|44\/341 tox|[from] item: Leftovers
|-damage|p2a: Lumineon|23\/341 tox|[from] psn
|upkeep
|turn|12
|choice|move dragonpulse|move toxic
|
|move|p2a: Lumineon|Toxic|p1a: Altaria
|-status|p1a: Altaria|tox
|move|p1a: Altaria|Dragon Pulse|p2a: Lumineon
|-damage|p2a: Lumineon|0 fnt
|faint|p2a: Lumineon
|
|-damage|p1a: Altaria|269\/353 tox|[from] psn
|upkeep
|choice||switch 2
|
|switch|p2a: Mr. Mime|Mr. Mime, F|221\/221
|turn|13
|c|☆kay くコ彡|speedy fish
|choice|switch 3|move dazzlinggleam
|
|-curestatus|p1a: Altaria|tox|[from] ability: Natural Cure
|switch|p1a: Dusclops|Dusclops, M|284\/284
|-ability|p1a: Dusclops|Pressure
|move|p2a: Mr. Mime|Dazzling Gleam|p1a: Dusclops
|-damage|p1a: Dusclops|211\/284
|
|upkeep
|turn|14
|choice|move seismictoss|switch 3
|
|switch|p2a: Leafeon|Leafeon, F|205\/271 brn
|move|p1a: Dusclops|Seismic Toss|p2a: Leafeon
|-damage|p2a: Leafeon|105\/271 brn
|
|-damage|p2a: Leafeon|72\/271 brn|[from] brn
|upkeep
|turn|15
|choice|switch 3|move batonpass
|
|switch|p1a: Altaria|Altaria, F|269\/353
|move|p2a: Leafeon|Baton Pass|p2a: Leafeon
|choice||switch 6
|
|switch|p2a: Rotom|Rotom-Frost|241\/241
|
|upkeep
|turn|16
|choice|switch 3|move voltswitch
|
|switch|p1a: Dusclops|Dusclops, M|211\/284
|-ability|p1a: Dusclops|Pressure
|move|p2a: Rotom|Volt Switch|p1a: Dusclops
|-damage|p1a: Dusclops|168\/284
|choice||switch 3
|
|switch|p2a: Mr. Mime|Mr. Mime, F|221\/221
|
|upkeep
|turn|17
|choice|move rest|move trick
|
|move|p2a: Mr. Mime|Trick|p1a: Dusclops
|-activate|p2a: Mr. Mime|move: Trick|[of] p1a: Dusclops
|-item|p1a: Dusclops|Choice Specs|[from] move: Trick
|-item|p2a: Mr. Mime|Eviolite|[from] move: Trick
|move|p1a: Dusclops|Rest|p1a: Dusclops
|-status|p1a: Dusclops|slp
|-heal|p1a: Dusclops|284\/284 slp|[silent]
|-status|p1a: Dusclops|slp|[from] move: Rest
|
|upkeep
|turn|18
|choice|switch 6|move shadowball
|
|switch|p1a: Audino|Audino, M|410\/410
|move|p2a: Mr. Mime|Shadow Ball|p1a: Audino
|-immune|p1a: Audino|[msg]
|
|upkeep
|turn|19
|choice|move knockoff|switch 6
|
|switch|p2a: Leafeon|Leafeon, F|72\/271 brn
|move|p1a: Audino|Knock Off|p2a: Leafeon
|-damage|p2a: Leafeon|34\/271 brn
|-enditem|p2a: Leafeon|Choice Band|[from] move: Knock Off|[of] p1a: Audino
|
|-damage|p2a: Leafeon|1\/271 brn|[from] brn
|upkeep
|turn|20
|choice|move protect|move knockoff
|
|move|p1a: Audino|Protect|p1a: Audino
|-singleturn|p1a: Audino|Protect
|move|p2a: Leafeon|Knock Off|p1a: Audino
|-activate|p1a: Audino|move: Protect
|
|-damage|p2a: Leafeon|0 fnt|[from] brn
|upkeep
|faint|p2a: Leafeon
|choice||switch 4
|
|switch|p2a: Golem|Golem, F|364\/364
|turn|21
|choice|switch 4|move stealthrock
|
|switch|p1a: Tangela|Tangela, F|334\/334
|move|p2a: Golem|Stealth Rock|p1a: Tangela
|-sidestart|p1: kay くコ彡|move: Stealth Rock
|
|upkeep
|turn|22
|choice|move leechseed|switch 6
|
|switch|p2a: Mr. Mime|Mr. Mime, F|221\/221
|move|p1a: Tangela|Leech Seed|p2a: Mr. Mime
|-start|p2a: Mr. Mime|move: Leech Seed
|
|-damage|p2a: Mr. Mime|194\/221|[from] Leech Seed|[of] p1a: Tangela
|upkeep
|turn|23
|choice|switch 4|switch 3
|
|switch|p2a: Rotom|Rotom-Frost|241\/241
|switch|p1a: Audino|Audino, M|410\/410
|-damage|p1a: Audino|359\/410|[from] Stealth Rock
|
|-heal|p1a: Audino|384\/410|[from] item: Leftovers
|upkeep
|turn|24
|choice|move protect|move trick
|
|move|p1a: Audino|Protect|p1a: Audino
|-singleturn|p1a: Audino|Protect
|move|p2a: Rotom|Trick|p1a: Audino
|-activate|p1a: Audino|move: Protect
|
|-heal|p1a: Audino|409\/410|[from] item: Leftovers
|upkeep
|turn|25
|choice|switch 6|switch 3
|
|switch|p2a: Mr. Mime|Mr. Mime, F|194\/221
|switch|p1a: Dusclops|Dusclops, M|284\/284 slp
|-damage|p1a: Dusclops|249\/284 slp|[from] Stealth Rock
|-ability|p1a: Dusclops|Pressure
|
|upkeep
|turn|26
|choice|move sleeptalk|move trick
|
|move|p2a: Mr. Mime|Trick|p1a: Dusclops
|-activate|p2a: Mr. Mime|move: Trick|[of] p1a: Dusclops
|-item|p1a: Dusclops|Eviolite|[from] move: Trick
|-item|p2a: Mr. Mime|Choice Specs|[from] move: Trick
|cant|p1a: Dusclops|slp
|move|p1a: Dusclops|Sleep Talk|p1a: Dusclops
|move|p1a: Dusclops|Seismic Toss|p2a: Mr. Mime|[from]Sleep Talk
|-damage|p2a: Mr. Mime|94\/221
|
|upkeep
|turn|27
|c|☆kay くコ彡|ty
|choice|move sleeptalk|move trick
|
|move|p2a: Mr. Mime|Trick|p1a: Dusclops
|-activate|p2a: Mr. Mime|move: Trick|[of] p1a: Dusclops
|-item|p1a: Dusclops|Choice Specs|[from] move: Trick
|-item|p2a: Mr. Mime|Eviolite|[from] move: Trick
|cant|p1a: Dusclops|slp
|move|p1a: Dusclops|Sleep Talk|p1a: Dusclops
|move|p1a: Dusclops|Will-O-Wisp|p2a: Mr. Mime|[from]Sleep Talk
|-status|p2a: Mr. Mime|brn
|
|-damage|p2a: Mr. Mime|67\/221 brn|[from] brn
|upkeep
|turn|28
|j|Disjunction!!
|choice|move sleeptalk|switch 3
|
|switch|p2a: Rotom|Rotom-Frost|241\/241
|-curestatus|p1a: Dusclops|slp|[msg]
|move|p1a: Dusclops|Sleep Talk|p1a: Dusclops
|-fail|p1a: Dusclops
|
|upkeep
|turn|29
|choice|move sleeptalk|move blizzard
|
|move|p2a: Rotom|Blizzard|p1a: Dusclops|[miss]
|-miss|p2a: Rotom|p1a: Dusclops
|move|p1a: Dusclops|Sleep Talk|p1a: Dusclops
|-fail|p1a: Dusclops
|
|upkeep
|turn|30
|c| Chrisloud|xd
|choice|move sleeptalk|move blizzard
|
|move|p2a: Rotom|Blizzard|p1a: Dusclops|[miss]
|-miss|p2a: Rotom|p1a: Dusclops
|move|p1a: Dusclops|Sleep Talk|p1a: Dusclops
|-fail|p1a: Dusclops
|
|upkeep
|turn|31
|choice|move sleeptalk|switch 6
|
|switch|p2a: Golem|Golem, F|364\/364
|move|p1a: Dusclops|Sleep Talk|p1a: Dusclops
|-fail|p1a: Dusclops
|
|upkeep
|turn|32
|choice|switch 4|move stoneedge
|
|switch|p1a: Tangela|Tangela, F|334\/334
|-damage|p1a: Tangela|293\/334|[from] Stealth Rock
|move|p2a: Golem|Stone Edge|p1a: Tangela
|-damage|p1a: Tangela|214\/334
|
|upkeep
|turn|33
|choice|move gigadrain|switch 6
|
|switch|p2a: Rotom|Rotom-Frost|241\/241
|move|p1a: Tangela|Giga Drain|p2a: Rotom
|-damage|p2a: Rotom|156\/241
|-heal|p1a: Tangela|257\/334|[from] drain|[of] p2a: Rotom
|
|upkeep
|turn|34
|choice|switch 4|move voltswitch
|
|switch|p1a: Dusclops|Dusclops, M|249\/284
|-damage|p1a: Dusclops|214\/284|[from] Stealth Rock
|-ability|p1a: Dusclops|Pressure
|move|p2a: Rotom|Volt Switch|p1a: Dusclops
|-damage|p1a: Dusclops|150\/284
|choice||switch 3
|
|switch|p2a: Mr. Mime|Mr. Mime, F|67\/221 brn
|
|-damage|p2a: Mr. Mime|40\/221 brn|[from] brn
|upkeep
|turn|35
|choice|switch 6|move shadowball
|
|switch|p1a: Audino|Audino, M|410\/410
|-damage|p1a: Audino|359\/410|[from] Stealth Rock
|move|p2a: Mr. Mime|Shadow Ball|p1a: Audino
|-immune|p1a: Audino|[msg]
|
|-heal|p1a: Audino|384\/410|[from] item: Leftovers
|-damage|p2a: Mr. Mime|13\/221 brn|[from] brn
|upkeep
|turn|36
|choice|move protect|move psyshock
|
|move|p1a: Audino|Protect|p1a: Audino
|-singleturn|p1a: Audino|Protect
|move|p2a: Mr. Mime|Psyshock|p1a: Audino
|-activate|p1a: Audino|move: Protect
|
|-heal|p1a: Audino|409\/410|[from] item: Leftovers
|-damage|p2a: Mr. Mime|0 fnt|[from] brn
|upkeep
|faint|p2a: Mr. Mime
|choice||switch 3
|
|switch|p2a: Rotom|Rotom-Frost|156\/241
|turn|37
|choice|switch 6|move blizzard
|
|switch|p1a: Dusclops|Dusclops, M|150\/284
|-damage|p1a: Dusclops|115\/284|[from] Stealth Rock
|-ability|p1a: Dusclops|Pressure
|move|p2a: Rotom|Blizzard|p1a: Dusclops
|-damage|p1a: Dusclops|7\/284
|
|upkeep
|turn|38
|choice|move seismictoss|move blizzard
|
|move|p2a: Rotom|Blizzard|p1a: Dusclops
|-damage|p1a: Dusclops|0 fnt
|faint|p1a: Dusclops
|
|upkeep
|choice|switch 5|
|
|switch|p1a: Golem|Golem, M|364\/364
|-damage|p1a: Golem|342\/364|[from] Stealth Rock
|turn|39
|choice|move earthquake|switch 6
|
|switch|p2a: Golem|Golem, F|364\/364
|move|p1a: Golem|Earthquake|p2a: Golem
|-supereffective|p2a: Golem
|-damage|p2a: Golem|152\/364
|
|-heal|p2a: Golem|174\/364|[from] item: Leftovers
|-heal|p1a: Golem|364\/364|[from] item: Leftovers
|upkeep
|turn|40
|c|+Disjunction!!|letting kay play pokemon is a mistake
|c|☆kay くコ彡|too late
|c|☆kay くコ彡|you made a monster.
|choice|switch 4|move earthquake
|
|switch|p1a: Tangela|Tangela, F|334\/334
|-damage|p1a: Tangela|293\/334|[from] Stealth Rock
|move|p2a: Golem|Earthquake|p1a: Tangela
|-resisted|p1a: Tangela
|-damage|p1a: Tangela|256\/334
|
|-heal|p2a: Golem|196\/364|[from] item: Leftovers
|upkeep
|turn|41
|c| UberSkitty|u need to be a monster to make a monster
|choice|move gigadrain|switch 6
|
|switch|p2a: Rotom|Rotom-Frost|156\/241
|move|p1a: Tangela|Giga Drain|p2a: Rotom
|-crit|p2a: Rotom
|-damage|p2a: Rotom|20\/241
|-heal|p1a: Tangela|324\/334|[from] drain|[of] p2a: Rotom
|
|upkeep
|turn|42
|c| UberSkitty|-UberSkitty 20177
|choice|switch 4|move trick
|
|switch|p1a: Golem|Golem, M|364\/364
|-damage|p1a: Golem|342\/364|[from] Stealth Rock
|move|p2a: Rotom|Trick|p1a: Golem
|-activate|p2a: Rotom|move: Trick|[of] p1a: Golem
|-item|p1a: Golem|Choice Scarf|[from] move: Trick
|-item|p2a: Rotom|Leftovers|[from] move: Trick
|
|-heal|p2a: Rotom|35\/241|[from] item: Leftovers
|upkeep
|turn|43
|c| UberSkitty|*2017
|choice|move stoneedge|move thunderbolt
|
|move|p2a: Rotom|Thunderbolt|p1a: Golem
|-immune|p1a: Golem|[msg]
|move|p1a: Golem|Stone Edge|p2a: Rotom
|-supereffective|p2a: Rotom
|-damage|p2a: Rotom|0 fnt
|faint|p2a: Rotom
|
|upkeep
|choice||switch 6
|
|switch|p2a: Golem|Golem, F|196\/364
|turn|44
|choice|switch 4|move stoneedge
|
|switch|p1a: Tangela|Tangela, F|334\/334
|-damage|p1a: Tangela|293\/334|[from] Stealth Rock
|move|p2a: Golem|Stone Edge|p1a: Tangela
|-crit|p1a: Tangela
|-damage|p1a: Tangela|179\/334
|
|-heal|p2a: Golem|218\/364|[from] item: Leftovers
|upkeep
|turn|45
|choice|move gigadrain|move stoneedge
|
|move|p1a: Tangela|Giga Drain|p2a: Golem
|-supereffective|p2a: Golem
|-damage|p2a: Golem|0 fnt
|-heal|p1a: Tangela|288\/334|[from] drain|[of] p2a: Golem
|faint|p2a: Golem
|
|upkeep
|choice||switch 5
|
|switch|p2a: Purugly|Purugly, F|283\/283
|turn|46
|choice|move leechseed|move return
|
|move|p2a: Purugly|Return|p1a: Tangela
|-damage|p1a: Tangela|209\/334
|-damage|p2a: Purugly|255\/283|[from] item: Life Orb
|move|p1a: Tangela|Leech Seed|p2a: Purugly
|-start|p2a: Purugly|move: Leech Seed
|
|-damage|p2a: Purugly|220\/283|[from] Leech Seed|[of] p1a: Tangela
|-heal|p1a: Tangela|244\/334|[silent]
|upkeep
|turn|47
|c|☆kay くコ彡|gg
|choice|move gigadrain|move uturn
|
|move|p2a: Purugly|U-turn|p1a: Tangela
|-supereffective|p1a: Tangela
|-damage|p1a: Tangela|174\/334
|-damage|p2a: Purugly|192\/283|[from] item: Life Orb
|move|p1a: Tangela|Giga Drain|p2a: Purugly
|-damage|p2a: Purugly|53\/283
|-heal|p1a: Tangela|244\/334|[from] drain|[of] p2a: Purugly
|
|-damage|p2a: Purugly|18\/283|[from] Leech Seed|[of] p1a: Tangela
|-heal|p1a: Tangela|279\/334|[silent]
|upkeep
|turn|48
|l|Queen Motorhead
|choice|move knockoff|move return
|
|move|p2a: Purugly|Return|p1a: Tangela
|-damage|p1a: Tangela|201\/334
|-damage|p2a: Purugly|0 fnt|[from] item: Life Orb
|faint|p2a: Purugly
|
|win|kay くコ彡</script>
</div>
<div class="battle-log battle-log-inline"><div class="inner"><div class="battle-options"></div><div class="inner"><div class="chat"><small>kay くコ彡 joined.</small></div><div class="chat"><small>Smallsmallrose joined.</small></div><div class=""><small>Format:</small> <br><strong>PU</strong></div><div class=""><small><em>Sleep Clause Mod:</em> Limit one foe put to sleep</small></div><div class=""><small><em>Species Clause:</em> Limit one of each Pokémon</small></div><div class=""><small><em>OHKO Clause:</em> OHKO moves are banned</small></div><div class=""><small><em>Moody Clause:</em> Moody is banned</small></div><div class=""><small><em>Evasion Moves Clause:</em> Evasion moves are banned</small></div><div class=""><small><em>Endless Battle Clause:</em> Forcing endless battles is banned</small></div><div class=""><small><em>HP Percentage Mod:</em> HP is shown in percentages</small></div><div class=""><small><em>Swagger Clause:</em> Swagger is banned</small></div><div class=""><small><em>Baton Pass Clause:</em> Limit one Baton Passer, can't pass Spe and other stats simultaneously</small></div><div class="chat battle-history"><strong>kay くコ彡's team:</strong> <em style="color:#445566;display:block;">Audino / Dusclops / Altaria / Torkoal / Golem / Tangela</em></div><div class="chat battle-history"><strong>Smallsmallrose's team:</strong> <em style="color:#445566;display:block;">Rotom-Frost / Mr. Mime / Leafeon / Golem / Purugly / Lumineon</em></div><div class="chat"><small>Queen Motorhead joined.</small></div><div class="chat chatmessage-kay"><strong style="color:hsl(255,66%,56.8105735479296%)"><small>☆</small><span class="username" data-name="kay くコ彡">kay くコ彡</span>:</strong> <em>have fun!</em></div><div class="chat chatmessage-smallsmallrose"><strong style="color:hsl(302,78%,42%)"><small>☆</small><span class="username" data-name="Smallsmallrose">Smallsmallrose</span>:</strong> <em>you too!</em></div><div class="chat"><small>Chrisloud joined.</small></div><div class="spacer battle-history"><br></div><div class="battle-history">Battle started between kay くコ彡 and Smallsmallrose!<br></div><div class="spacer battle-history"><br></div><div class="battle-history">Go! <strong>Tangela</strong>!<br></div><div class="spacer battle-history"><br></div><div class="battle-history">Smallsmallrose sent out <strong>Leafeon</strong>!<br></div><div class="spacer battle-history"><br></div><h2 class="battle-history">Turn 1</h2><div class="chat"><small>UberSkitty joined.</small></div><div class="spacer battle-history"><br></div><div class="battle-history">Tangela, come back!<br></div><div class="battle-history">Go! <strong>Torkoal</strong>!<br></div><div class="spacer battle-history"><br></div><div class="battle-history">The opposing Leafeon used <strong>Knock Off</strong>!<br></div><div class="battle-history"><small>(Torkoal lost <abbr title="−89/343">25.9%</abbr> of its health!)</small><br></div><div class="battle-history"><small>The opposing Leafeon knocked off Torkoal's Leftovers!</small><br></div><div class="spacer battle-history"><br></div><h2 class="battle-history">Turn 2</h2><div class="spacer battle-history"><br></div><div class="battle-history">Smallsmallrose withdrew Leafeon!<br></div><div class="battle-history">Smallsmallrose sent out <strong>Lumineon</strong>!<br></div><div class="spacer battle-history"><br></div><div class="battle-history">Torkoal used <strong>Toxic</strong>!<br></div><div class="battle-history"><small>The opposing Lumineon was badly poisoned!</small><br></div><div class="spacer battle-history"><br></div><div class="battle-history"><small>The opposing Lumineon was hurt by poison!</small><br></div><div class="spacer battle-history"><br></div><h2 class="battle-history">Turn 3</h2><div class="spacer battle-history"><br></div><div class="battle-history">Torkoal used <strong>Protect</strong>!<br></div><div class="battle-history"><small>Torkoal protected itself!</small><br></div><div class="spacer battle-history"><br></div><div class="battle-history">The opposing Lumineon used <strong>U-turn</strong>!<br></div><div class="battle-history"><small>Torkoal protected itself!</small><br></div><div class="spacer battle-history"><br></div><div class="battle-history"><small>The opposing Lumineon restored a little HP using its Leftovers!</small><br></div><div class="battle-history"><small>The opposing Lumineon was hurt by poison!</small><br></div><div class="spacer battle-history"><br></div><h2 class="battle-history">Turn 4</h2><div class="spacer battle-history"><br></div><div class="battle-history">The opposing Lumineon used <strong>Scald</strong>!<br></div><div class="battle-history"><small>It's super effective!</small><br></div><div class="battle-history"><small>(Torkoal lost <abbr title="−170/343">49.6%</abbr> of its health!)</small><br></div><div class="spacer battle-history"><br></div><div class="battle-history">Torkoal used <strong>Toxic</strong>!<br></div><div class="battle-history"><small>But it failed!</small><br></div><div class="spacer battle-history"><br></div><div class="battle-history"><small>The opposing Lumineon restored a little HP using its Leftovers!</small><br></div><div class="battle-history"><small>The opposing Lumineon was hurt by poison!</small><br></div><div class="spacer battle-history"><br></div><h2 class="battle-history">Turn 5</h2><div class="chat chatmessage-kay"><strong style="color:hsl(255,66%,56.8105735479296%)"><small>☆</small><span class="username" data-name="kay くコ彡">kay くコ彡</span>:</strong> <em>ah</em></div><div class="chat chatmessage-kay"><strong style="color:hsl(255,66%,56.8105735479296%)"><small>☆</small><span class="username" data-name="kay くコ彡">kay くコ彡</span>:</strong> <em>got me</em></div><div class="chat"><small>Based Loser joined.</small></div><div class="spacer battle-history"><br></div><div class="battle-history">The opposing Lumineon used <strong>Toxic</strong>!<br></div><div class="battle-history"><small>Torkoal was badly poisoned!</small><br></div><div class="spacer battle-history"><br></div><div class="battle-history">Torkoal used <strong>Toxic</strong>!<br></div><div class="battle-history"><small>But it failed!</small><br></div><div class="spacer battle-history"><br></div><div class="battle-history"><small>The opposing Lumineon restored a little HP using its Leftovers!</small><br></div><div class="battle-history"><small>The opposing Lumineon was hurt by poison!</small><br></div><div class="battle-history"><small>Torkoal was hurt by poison!</small><br></div><div class="spacer battle-history"><br></div><h2 class="battle-history">Turn 6</h2><div class="spacer battle-history"><br></div><div class="battle-history">Torkoal used <strong>Protect</strong>!<br></div><div class="battle-history"><small>Torkoal protected itself!</small><br></div><div class="spacer battle-history"><br></div><div class="battle-history">The opposing Lumineon used <strong>Scald</strong>!<br></div><div class="battle-history"><small>Torkoal protected itself!</small><br></div><div class="spacer battle-history"><br></div><div class="battle-history"><small>The opposing Lumineon restored a little HP using its Leftovers!</small><br></div><div class="battle-history"><small>The opposing Lumineon was hurt by poison!</small><br></div><div class="battle-history"><small>Torkoal was hurt by poison!</small><br></div><div class="spacer battle-history"><br></div><h2 class="battle-history">Turn 7</h2><div class="spacer battle-history"><br></div><div class="battle-history">Torkoal, come back!<br></div><div class="battle-history">Go! <strong>Altaria</strong>!<br></div><div class="spacer battle-history"><br></div><div class="battle-history">The opposing Lumineon used <strong>U-turn</strong>!<br></div><div class="battle-history"><small>It's not very effective...</small><br></div><div class="battle-history"><small>(Altaria lost <abbr title="−14/353">4.0%</abbr> of its health!)</small><br></div><div class="spacer battle-history"><br></div><div class="battle-history">The opposing Lumineon went back to Smallsmallrose!<br></div><div class="battle-history">Smallsmallrose sent out Rotom (<strong>Rotom-Frost</strong>)!<br></div><div class="spacer battle-history"><br></div><div class="battle-history"><small>Altaria restored a little HP using its Leftovers!</small><br></div><div class="spacer battle-history"><br></div><h2 class="battle-history">Turn 8</h2><div class="spacer battle-history"><br></div><div class="battle-history">Altaria, come back!<br></div><div class="battle-history">Go! <strong>Torkoal</strong>!<br></div><div class="spacer battle-history"><br></div><div class="battle-history">The opposing Rotom used <strong>Blizzard</strong>!<br></div><div class="battle-history"><small>It's not very effective...</small><br></div><div class="battle-history"><small>(Torkoal lost <abbr title="−21/343">6.1%</abbr> of its health!)</small><br></div><div class="spacer battle-history"><br></div><div class="battle-history">Torkoal fainted!<br></div><div class="spacer battle-history"><br></div><div class="battle-history">Go! <strong>Dusclops</strong>!<br></div><div class="battle-history"><small>[Dusclops's Pressure]</small><br><small>Dusclops is exerting its pressure!</small><br></div><div class="spacer battle-history"><br></div><h2 class="battle-history">Turn 9</h2><div class="spacer battle-history"><br></div><div class="battle-history">Smallsmallrose withdrew Rotom!<br></div><div class="battle-history">Smallsmallrose sent out <strong>Leafeon</strong>!<br></div><div class="spacer battle-history"><br></div><div class="battle-history">Dusclops used <strong>Will-O-Wisp</strong>!<br></div><div class="battle-history"><small>The opposing Leafeon was burned!</small><br></div><div class="spacer battle-history"><br></div><div class="battle-history"><small>The opposing Leafeon was hurt by its burn!</small><br></div><div class="spacer battle-history"><br></div><h2 class="battle-history">Turn 10</h2><div class="spacer battle-history"><br></div><div class="battle-history">Dusclops, come back!<br></div><div class="battle-history">Go! <strong>Altaria</strong>!<br></div><div class="spacer battle-history"><br></div><div class="battle-history">The opposing Leafeon used <strong>Knock Off</strong>!<br></div><div class="battle-history"><small>(Altaria lost <abbr title="−62/353">17.6%</abbr> of its health!)</small><br></div><div class="battle-history"><small>The opposing Leafeon knocked off Altaria's Leftovers!</small><br></div><div class="spacer battle-history"><br></div><div class="battle-history"><small>The opposing Leafeon was hurt by its burn!</small><br></div><div class="spacer battle-history"><br></div><h2 class="battle-history">Turn 11</h2><div class="spacer battle-history"><br></div><div class="battle-history">Smallsmallrose withdrew Leafeon!<br></div><div class="battle-history">Smallsmallrose sent out <strong>Lumineon</strong>!<br></div><div class="spacer battle-history"><br></div><div class="battle-history">Altaria used <strong>Dragon Pulse</strong>!<br></div><div class="battle-history"><small>(The opposing Lumineon lost <abbr title="−87/341">25.5%</abbr> of its health!)</small><br></div><div class="spacer battle-history"><br></div><div class="battle-history"><small>The opposing Lumineon restored a little HP using its Leftovers!</small><br></div><div class="battle-history"><small>The opposing Lumineon was hurt by poison!</small><br></div><div class="spacer battle-history"><br></div><h2 class="battle-history">Turn 12</h2><div class="spacer battle-history"><br></div><div class="battle-history">The opposing Lumineon used <strong>Toxic</strong>!<br></div><div class="battle-history"><small>Altaria was badly poisoned!</small><br></div><div class="spacer battle-history"><br></div><div class="battle-history">Altaria used <strong>Dragon Pulse</strong>!<br></div><div class="battle-history"><small>(The opposing Lumineon lost <abbr title="−23/341">6.7%</abbr> of its health!)</small><br></div><div class="spacer battle-history"><br></div><div class="battle-history">The opposing Lumineon fainted!<br></div><div class="spacer battle-history"><br></div><div class="battle-history"><small>Altaria was hurt by poison!</small><br></div><div class="spacer battle-history"><br></div><div class="battle-history">Smallsmallrose sent out <strong>Mr. Mime</strong>!<br></div><div class="spacer battle-history"><br></div><h2 class="battle-history">Turn 13</h2><div class="chat chatmessage-kay"><strong style="color:hsl(255,66%,56.8105735479296%)"><small>☆</small><span class="username" data-name="kay くコ彡">kay くコ彡</span>:</strong> <em>speedy fish</em></div><div class="spacer battle-history"><br></div><div class="battle-history"><small>(Altaria is cured by its Natural Cure!)</small><br></div><div class="battle-history">Altaria, come back!<br></div><div class="battle-history">Go! <strong>Dusclops</strong>!<br></div><div class="battle-history"><small>[Dusclops's Pressure]</small><br><small>Dusclops is exerting its pressure!</small><br></div><div class="spacer battle-history"><br></div><div class="battle-history">The opposing Mr. Mime used <strong>Dazzling Gleam</strong>!<br></div><div class="battle-history"><small>(Dusclops lost <abbr title="−73/284">25.7%</abbr> of its health!)</small><br></div><div class="spacer battle-history"><br></div><h2 class="battle-history">Turn 14</h2><div class="spacer battle-history"><br></div><div class="battle-history">Smallsmallrose withdrew Mr. Mime!<br></div><div class="battle-history">Smallsmallrose sent out <strong>Leafeon</strong>!<br></div><div class="spacer battle-history"><br></div><div class="battle-history">Dusclops used <strong>Seismic Toss</strong>!<br></div><div class="battle-history"><small>(The opposing Leafeon lost <abbr title="−100/271">36.9%</abbr> of its health!)</small><br></div><div class="spacer battle-history"><br></div><div class="battle-history"><small>The opposing Leafeon was hurt by its burn!</small><br></div><div class="spacer battle-history"><br></div><h2 class="battle-history">Turn 15</h2><div class="spacer battle-history"><br></div><div class="battle-history">Dusclops, come back!<br></div><div class="battle-history">Go! <strong>Altaria</strong>!<br></div><div class="spacer battle-history"><br></div><div class="battle-history">The opposing Leafeon used <strong>Baton Pass</strong>!<br></div><div class="spacer battle-history"><br></div><div class="battle-history">Smallsmallrose sent out Rotom (<strong>Rotom-Frost</strong>)!<br></div><div class="spacer battle-history"><br></div><h2 class="battle-history">Turn 16</h2><div class="spacer battle-history"><br></div><div class="battle-history">Altaria, come back!<br></div><div class="battle-history">Go! <strong>Dusclops</strong>!<br></div><div class="battle-history"><small>[Dusclops's Pressure]</small><br><small>Dusclops is exerting its pressure!</small><br></div><div class="spacer battle-history"><br></div><div class="battle-history">The opposing Rotom used <strong>Volt Switch</strong>!<br></div><div class="battle-history"><small>(Dusclops lost <abbr title="−43/284">15.1%</abbr> of its health!)</small><br></div><div class="spacer battle-history"><br></div><div class="battle-history">The opposing Rotom went back to Smallsmallrose!<br></div><div class="battle-history">Smallsmallrose sent out <strong>Mr. Mime</strong>!<br></div><div class="spacer battle-history"><br></div><h2 class="battle-history">Turn 17</h2><div class="spacer battle-history"><br></div><div class="battle-history">The opposing Mr. Mime used <strong>Trick</strong>!<br></div><div class="battle-history"><small>The opposing Mr. Mime switched items with its target!</small><br></div><div class="battle-history"><small>Dusclops obtained one Choice Specs.</small><br></div><div class="battle-history"><small>The opposing Mr. Mime obtained one Eviolite.</small><br></div><div class="spacer battle-history"><br></div><div class="battle-history">Dusclops used <strong>Rest</strong>!<br></div><div class="battle-history"><small>Dusclops fell asleep!</small><br></div><div class="battle-history"><small>Dusclops slept and became healthy!</small><br></div><div class="spacer battle-history"><br></div><h2 class="battle-history">Turn 18</h2><div class="spacer battle-history"><br></div><div class="battle-history">Dusclops, come back!<br></div><div class="battle-history">Go! <strong>Audino</strong>!<br></div><div class="spacer battle-history"><br></div><div class="battle-history">The opposing Mr. Mime used <strong>Shadow Ball</strong>!<br></div><div class="battle-history"><small>It doesn't affect Audino...</small><br></div><div class="spacer battle-history"><br></div><h2 class="battle-history">Turn 19</h2><div class="spacer battle-history"><br></div><div class="battle-history">Smallsmallrose withdrew Mr. Mime!<br></div><div class="battle-history">Smallsmallrose sent out <strong>Leafeon</strong>!<br></div><div class="spacer battle-history"><br></div><div class="battle-history">Audino used <strong>Knock Off</strong>!<br></div><div class="battle-history"><small>(The opposing Leafeon lost <abbr title="−38/271">14.0%</abbr> of its health!)</small><br></div><div class="battle-history"><small>Audino knocked off the opposing Leafeon's Choice Band!</small><br></div><div class="spacer battle-history"><br></div><div class="battle-history"><small>The opposing Leafeon was hurt by its burn!</small><br></div><div class="spacer battle-history"><br></div><h2 class="battle-history">Turn 20</h2><div class="spacer battle-history"><br></div><div class="battle-history">Audino used <strong>Protect</strong>!<br></div><div class="battle-history"><small>Audino protected itself!</small><br></div><div class="spacer battle-history"><br></div><div class="battle-history">The opposing Leafeon used <strong>Knock Off</strong>!<br></div><div class="battle-history"><small>Audino protected itself!</small><br></div><div class="spacer battle-history"><br></div><div class="battle-history"><small>The opposing Leafeon was hurt by its burn!</small><br></div><div class="spacer battle-history"><br></div><div class="battle-history">The opposing Leafeon fainted!<br></div><div class="spacer battle-history"><br></div><div class="battle-history">Smallsmallrose sent out <strong>Golem</strong>!<br></div><div class="spacer battle-history"><br></div><h2 class="battle-history">Turn 21</h2><div class="spacer battle-history"><br></div><div class="battle-history">Audino, come back!<br></div><div class="battle-history">Go! <strong>Tangela</strong>!<br></div><div class="spacer battle-history"><br></div><div class="battle-history">The opposing Golem used <strong>Stealth Rock</strong>!<br></div><div class="battle-history"><small>Pointed stones float in the air around your team!</small><br></div><div class="spacer battle-history"><br></div><h2 class="battle-history">Turn 22</h2><div class="spacer battle-history"><br></div><div class="battle-history">Smallsmallrose withdrew Golem!<br></div><div class="battle-history">Smallsmallrose sent out <strong>Mr. Mime</strong>!<br></div><div class="spacer battle-history"><br></div><div class="battle-history">Tangela used <strong>Leech Seed</strong>!<br></div><div class="battle-history"><small>The opposing Mr. Mime was seeded!</small><br></div><div class="spacer battle-history"><br></div><div class="battle-history"><small>The opposing Mr. Mime's health is sapped by Leech Seed!</small><br></div><div class="spacer battle-history"><br></div><h2 class="battle-history">Turn 23</h2><div class="spacer battle-history"><br></div><div class="battle-history">Smallsmallrose withdrew Mr. Mime!<br></div><div class="battle-history">Smallsmallrose sent out Rotom (<strong>Rotom-Frost</strong>)!<br></div><div class="spacer battle-history"><br></div><div class="battle-history">Tangela, come back!<br></div><div class="battle-history">Go! <strong>Audino</strong>!<br></div><div class="battle-history"><small>Pointed stones dug into Audino!</small><br></div><div class="spacer battle-history"><br></div><div class="battle-history"><small>Audino restored a little HP using its Leftovers!</small><br></div><div class="spacer battle-history"><br></div><h2 class="battle-history">Turn 24</h2><div class="spacer battle-history"><br></div><div class="battle-history">Audino used <strong>Protect</strong>!<br></div><div class="battle-history"><small>Audino protected itself!</small><br></div><div class="spacer battle-history"><br></div><div class="battle-history">The opposing Rotom used <strong>Trick</strong>!<br></div><div class="battle-history"><small>Audino protected itself!</small><br></div><div class="spacer battle-history"><br></div><div class="battle-history"><small>Audino restored a little HP using its Leftovers!</small><br></div><div class="spacer battle-history"><br></div><h2 class="battle-history">Turn 25</h2><div class="spacer battle-history"><br></div><div class="battle-history">Smallsmallrose withdrew Rotom!<br></div><div class="battle-history">Smallsmallrose sent out <strong>Mr. Mime</strong>!<br></div><div class="spacer battle-history"><br></div><div class="battle-history">Audino, come back!<br></div><div class="battle-history">Go! <strong>Dusclops</strong>!<br></div><div class="battle-history"><small>Pointed stones dug into Dusclops!</small><br></div><div class="battle-history"><small>[Dusclops's Pressure]</small><br><small>Dusclops is exerting its pressure!</small><br></div><div class="spacer battle-history"><br></div><h2 class="battle-history">Turn 26</h2><div class="spacer battle-history"><br></div><div class="battle-history">The opposing Mr. Mime used <strong>Trick</strong>!<br></div><div class="battle-history"><small>The opposing Mr. Mime switched items with its target!</small><br></div><div class="battle-history"><small>Dusclops obtained one Eviolite.</small><br></div><div class="battle-history"><small>The opposing Mr. Mime obtained one Choice Specs.</small><br></div><div class="spacer battle-history"><br></div><div class="battle-history">Dusclops is fast asleep.<br></div><div class="spacer battle-history"><br></div><div class="battle-history">Dusclops used <strong>Sleep Talk</strong>!<br></div><div class="spacer battle-history"><br></div><div class="battle-history">Dusclops used <strong>Seismic Toss</strong>!<br></div><div class="battle-history"><small>(The opposing Mr. Mime lost <abbr title="−100/221">45.2%</abbr> of its health!)</small><br></div><div class="spacer battle-history"><br></div><h2 class="battle-history">Turn 27</h2><div class="chat chatmessage-kay"><strong style="color:hsl(255,66%,56.8105735479296%)"><small>☆</small><span class="username" data-name="kay くコ彡">kay くコ彡</span>:</strong> <em>ty</em></div><div class="spacer battle-history"><br></div><div class="battle-history">The opposing Mr. Mime used <strong>Trick</strong>!<br></div><div class="battle-history"><small>The opposing Mr. Mime switched items with its target!</small><br></div><div class="battle-history"><small>Dusclops obtained one Choice Specs.</small><br></div><div class="battle-history"><small>The opposing Mr. Mime obtained one Eviolite.</small><br></div><div class="spacer battle-history"><br></div><div class="battle-history">Dusclops is fast asleep.<br></div><div class="spacer battle-history"><br></div><div class="battle-history">Dusclops used <strong>Sleep Talk</strong>!<br></div><div class="spacer battle-history"><br></div><div class="battle-history">Dusclops used <strong>Will-O-Wisp</strong>!<br></div><div class="battle-history"><small>The opposing Mr. Mime was burned!</small><br></div><div class="spacer battle-history"><br></div><div class="battle-history"><small>The opposing Mr. Mime was hurt by its burn!</small><br></div><div class="spacer battle-history"><br></div><h2 class="battle-history">Turn 28</h2><div class="chat"><small>Disjunction!! joined.</small></div><div class="spacer battle-history"><br></div><div class="battle-history">Smallsmallrose withdrew Mr. Mime!<br></div><div class="battle-history">Smallsmallrose sent out Rotom (<strong>Rotom-Frost</strong>)!<br></div><div class="battle-history"><small>Dusclops woke up!</small><br></div><div class="spacer battle-history"><br></div><div class="battle-history">Dusclops used <strong>Sleep Talk</strong>!<br></div><div class="battle-history"><small>But it failed!</small><br></div><div class="spacer battle-history"><br></div><h2 class="battle-history">Turn 29</h2><div class="spacer battle-history"><br></div><div class="battle-history">The opposing Rotom used <strong>Blizzard</strong>!<br></div><div class="battle-history"><small>Dusclops avoided the attack!</small><br></div><div class="spacer battle-history"><br></div><div class="battle-history">Dusclops used <strong>Sleep Talk</strong>!<br></div><div class="battle-history"><small>But it failed!</small><br></div><div class="spacer battle-history"><br></div><h2 class="battle-history">Turn 30</h2><div class="chat chatmessage-chrisloud"><strong style="color:hsl(98,63%,38%)"><small> </small><span class="username" data-name="Chrisloud">Chrisloud</span>:</strong> <em>xd</em></div><div class="spacer battle-history"><br></div><div class="battle-history">The opposing Rotom used <strong>Blizzard</strong>!<br></div><div class="battle-history"><small>Dusclops avoided the attack!</small><br></div><div class="spacer battle-history"><br></div><div class="battle-history">Dusclops used <strong>Sleep Talk</strong>!<br></div><div class="battle-history"><small>But it failed!</small><br></div><div class="spacer battle-history"><br></div><h2 class="battle-history">Turn 31</h2><div class="spacer battle-history"><br></div><div class="battle-history">Smallsmallrose withdrew Rotom!<br></div><div class="battle-history">Smallsmallrose sent out <strong>Golem</strong>!<br></div><div class="spacer battle-history"><br></div><div class="battle-history">Dusclops used <strong>Sleep Talk</strong>!<br></div><div class="battle-history"><small>But it failed!</small><br></div><div class="spacer battle-history"><br></div><h2 class="battle-history">Turn 32</h2><div class="spacer battle-history"><br></div><div class="battle-history">Dusclops, come back!<br></div><div class="battle-history">Go! <strong>Tangela</strong>!<br></div><div class="battle-history"><small>Pointed stones dug into Tangela!</small><br></div><div class="spacer battle-history"><br></div><div class="battle-history">The opposing Golem used <strong>Stone Edge</strong>!<br></div><div class="battle-history"><small>(Tangela lost <abbr title="−79/334">23.7%</abbr> of its health!)</small><br></div><div class="spacer battle-history"><br></div><h2 class="battle-history">Turn 33</h2><div class="spacer battle-history"><br></div><div class="battle-history">Smallsmallrose withdrew Golem!<br></div><div class="battle-history">Smallsmallrose sent out Rotom (<strong>Rotom-Frost</strong>)!<br></div><div class="spacer battle-history"><br></div><div class="battle-history">Tangela used <strong>Giga Drain</strong>!<br></div><div class="battle-history"><small>(The opposing Rotom lost <abbr title="−85/241">35.3%</abbr> of its health!)</small><br></div><div class="battle-history"><small>The opposing Rotom had its energy drained!</small><br></div><div class="spacer battle-history"><br></div><h2 class="battle-history">Turn 34</h2><div class="spacer battle-history"><br></div><div class="battle-history">Tangela, come back!<br></div><div class="battle-history">Go! <strong>Dusclops</strong>!<br></div><div class="battle-history"><small>Pointed stones dug into Dusclops!</small><br></div><div class="battle-history"><small>[Dusclops's Pressure]</small><br><small>Dusclops is exerting its pressure!</small><br></div><div class="spacer battle-history"><br></div><div class="battle-history">The opposing Rotom used <strong>Volt Switch</strong>!<br></div><div class="battle-history"><small>(Dusclops lost <abbr title="−64/284">22.5%</abbr> of its health!)</small><br></div><div class="spacer battle-history"><br></div><div class="battle-history">The opposing Rotom went back to Smallsmallrose!<br></div><div class="battle-history">Smallsmallrose sent out <strong>Mr. Mime</strong>!<br></div><div class="spacer battle-history"><br></div><div class="battle-history"><small>The opposing Mr. Mime was hurt by its burn!</small><br></div><div class="spacer battle-history"><br></div><h2 class="battle-history">Turn 35</h2><div class="spacer battle-history"><br></div><div class="battle-history">Dusclops, come back!<br></div><div class="battle-history">Go! <strong>Audino</strong>!<br></div><div class="battle-history"><small>Pointed stones dug into Audino!</small><br></div><div class="spacer battle-history"><br></div><div class="battle-history">The opposing Mr. Mime used <strong>Shadow Ball</strong>!<br></div><div class="battle-history"><small>It doesn't affect Audino...</small><br></div><div class="spacer battle-history"><br></div><div class="battle-history"><small>Audino restored a little HP using its Leftovers!</small><br></div><div class="battle-history"><small>The opposing Mr. Mime was hurt by its burn!</small><br></div><div class="spacer battle-history"><br></div><h2 class="battle-history">Turn 36</h2><div class="spacer battle-history"><br></div><div class="battle-history">Audino used <strong>Protect</strong>!<br></div><div class="battle-history"><small>Audino protected itself!</small><br></div><div class="spacer battle-history"><br></div><div class="battle-history">The opposing Mr. Mime used <strong>Psyshock</strong>!<br></div><div class="battle-history"><small>Audino protected itself!</small><br></div><div class="spacer battle-history"><br></div><div class="battle-history"><small>Audino restored a little HP using its Leftovers!</small><br></div><div class="battle-history"><small>The opposing Mr. Mime was hurt by its burn!</small><br></div><div class="spacer battle-history"><br></div><div class="battle-history">The opposing Mr. Mime fainted!<br></div><div class="spacer battle-history"><br></div><div class="battle-history">Smallsmallrose sent out Rotom (<strong>Rotom-Frost</strong>)!<br></div><div class="spacer battle-history"><br></div><h2 class="battle-history">Turn 37</h2><div class="spacer battle-history"><br></div><div class="battle-history">Audino, come back!<br></div><div class="battle-history">Go! <strong>Dusclops</strong>!<br></div><div class="battle-history"><small>Pointed stones dug into Dusclops!</small><br></div><div class="battle-history"><small>[Dusclops's Pressure]</small><br><small>Dusclops is exerting its pressure!</small><br></div><div class="spacer battle-history"><br></div><div class="battle-history">The opposing Rotom used <strong>Blizzard</strong>!<br></div><div class="battle-history"><small>(Dusclops lost <abbr title="−108/284">38.0%</abbr> of its health!)</small><br></div><div class="spacer battle-history"><br></div><h2 class="battle-history">Turn 38</h2><div class="spacer battle-history"><br></div><div class="battle-history">The opposing Rotom used <strong>Blizzard</strong>!<br></div><div class="battle-history"><small>(Dusclops lost <abbr title="−7/284">2.5%</abbr> of its health!)</small><br></div><div class="spacer battle-history"><br></div><div class="battle-history">Dusclops fainted!<br></div><div class="spacer battle-history"><br></div><div class="battle-history">Go! <strong>Golem</strong>!<br></div><div class="battle-history"><small>Pointed stones dug into Golem!</small><br></div><div class="spacer battle-history"><br></div><h2 class="battle-history">Turn 39</h2><div class="spacer battle-history"><br></div><div class="battle-history">Smallsmallrose withdrew Rotom!<br></div><div class="battle-history">Smallsmallrose sent out <strong>Golem</strong>!<br></div><div class="spacer battle-history"><br></div><div class="battle-history">Golem used <strong>Earthquake</strong>!<br></div><div class="battle-history"><small>It's super effective!</small><br></div><div class="battle-history"><small>(The opposing Golem lost <abbr title="−212/364">58.2%</abbr> of its health!)</small><br></div><div class="spacer battle-history"><br></div><div class="battle-history"><small>The opposing Golem restored a little HP using its Leftovers!</small><br></div><div class="battle-history"><small>Golem restored a little HP using its Leftovers!</small><br></div><div class="spacer battle-history"><br></div><h2 class="battle-history">Turn 40</h2><div class="chat chatmessage-disjunction"><strong style="color:hsl(184,62%,41.666666666666664%)"><small>+</small><span class="username" data-name="Disjunction!!">Disjunction!!</span>:</strong> <em>letting kay play pokemon is a mistake</em></div><div class="chat chatmessage-kay"><strong style="color:hsl(255,66%,56.8105735479296%)"><small>☆</small><span class="username" data-name="kay くコ彡">kay くコ彡</span>:</strong> <em>too late</em></div><div class="chat chatmessage-kay"><strong style="color:hsl(255,66%,56.8105735479296%)"><small>☆</small><span class="username" data-name="kay くコ彡">kay くコ彡</span>:</strong> <em>you made a monster.</em></div><div class="spacer battle-history"><br></div><div class="battle-history">Golem, come back!<br></div><div class="battle-history">Go! <strong>Tangela</strong>!<br></div><div class="battle-history"><small>Pointed stones dug into Tangela!</small><br></div><div class="spacer battle-history"><br></div><div class="battle-history">The opposing Golem used <strong>Earthquake</strong>!<br></div><div class="battle-history"><small>It's not very effective...</small><br></div><div class="battle-history"><small>(Tangela lost <abbr title="−37/334">11.1%</abbr> of its health!)</small><br></div><div class="spacer battle-history"><br></div><div class="battle-history"><small>The opposing Golem restored a little HP using its Leftovers!</small><br></div><div class="spacer battle-history"><br></div><h2 class="battle-history">Turn 41</h2><div class="chat chatmessage-uberskitty"><strong style="color:hsl(74,64%,33%)"><small> </small><span class="username" data-name="UberSkitty">UberSkitty</span>:</strong> <em>u need to be a monster to make a monster</em></div><div class="spacer battle-history"><br></div><div class="battle-history">Smallsmallrose withdrew Golem!<br></div><div class="battle-history">Smallsmallrose sent out Rotom (<strong>Rotom-Frost</strong>)!<br></div><div class="spacer battle-history"><br></div><div class="battle-history">Tangela used <strong>Giga Drain</strong>!<br></div><div class="battle-history"><small>A critical hit!</small><br></div><div class="battle-history"><small>(The opposing Rotom lost <abbr title="−136/241">56.4%</abbr> of its health!)</small><br></div><div class="battle-history"><small>The opposing Rotom had its energy drained!</small><br></div><div class="spacer battle-history"><br></div><h2 class="battle-history">Turn 42</h2><div class="chat chatmessage-uberskitty"><strong style="color:hsl(74,64%,33%)"><small> </small><span class="username" data-name="UberSkitty">UberSkitty</span>:</strong> <em>-UberSkitty 20177</em></div><div class="spacer battle-history"><br></div><div class="battle-history">Tangela, come back!<br></div><div class="battle-history">Go! <strong>Golem</strong>!<br></div><div class="battle-history"><small>Pointed stones dug into Golem!</small><br></div><div class="spacer battle-history"><br></div><div class="battle-history">The opposing Rotom used <strong>Trick</strong>!<br></div><div class="battle-history"><small>The opposing Rotom switched items with its target!</small><br></div><div class="battle-history"><small>Golem obtained one Choice Scarf.</small><br></div><div class="battle-history"><small>The opposing Rotom obtained one Leftovers.</small><br></div><div class="spacer battle-history"><br></div><div class="battle-history"><small>The opposing Rotom restored a little HP using its Leftovers!</small><br></div><div class="spacer battle-history"><br></div><h2 class="battle-history">Turn 43</h2><div class="chat chatmessage-uberskitty"><strong style="color:hsl(74,64%,33%)"><small> </small><span class="username" data-name="UberSkitty">UberSkitty</span>:</strong> <em>*2017</em></div><div class="spacer battle-history"><br></div><div class="battle-history">The opposing Rotom used <strong>Thunderbolt</strong>!<br></div><div class="battle-history"><small>It doesn't affect Golem...</small><br></div><div class="spacer battle-history"><br></div><div class="battle-history">Golem used <strong>Stone Edge</strong>!<br></div><div class="battle-history"><small>It's super effective!</small><br></div><div class="battle-history"><small>(The opposing Rotom lost <abbr title="−35/241">14.5%</abbr> of its health!)</small><br></div><div class="spacer battle-history"><br></div><div class="battle-history">The opposing Rotom fainted!<br></div><div class="spacer battle-history"><br></div><div class="battle-history">Smallsmallrose sent out <strong>Golem</strong>!<br></div><div class="spacer battle-history"><br></div><h2 class="battle-history">Turn 44</h2><div class="spacer battle-history"><br></div><div class="battle-history">Golem, come back!<br></div><div class="battle-history">Go! <strong>Tangela</strong>!<br></div><div class="battle-history"><small>Pointed stones dug into Tangela!</small><br></div><div class="spacer battle-history"><br></div><div class="battle-history">The opposing Golem used <strong>Stone Edge</strong>!<br></div><div class="battle-history"><small>A critical hit!</small><br></div><div class="battle-history"><small>(Tangela lost <abbr title="−114/334">34.1%</abbr> of its health!)</small><br></div><div class="spacer battle-history"><br></div><div class="battle-history"><small>The opposing Golem restored a little HP using its Leftovers!</small><br></div><div class="spacer battle-history"><br></div><h2 class="battle-history">Turn 45</h2><div class="spacer battle-history"><br></div><div class="battle-history">Tangela used <strong>Giga Drain</strong>!<br></div><div class="battle-history"><small>It's super effective!</small><br></div><div class="battle-history"><small>(The opposing Golem lost <abbr title="−218/364">59.9%</abbr> of its health!)</small><br></div><div class="battle-history"><small>The opposing Golem had its energy drained!</small><br></div><div class="spacer battle-history"><br></div><div class="battle-history">The opposing Golem fainted!<br></div><div class="spacer battle-history"><br></div><div class="battle-history">Smallsmallrose sent out <strong>Purugly</strong>!<br></div><div class="spacer battle-history"><br></div><h2 class="battle-history">Turn 46</h2><div class="spacer battle-history"><br></div><div class="battle-history">The opposing Purugly used <strong>Return</strong>!<br></div><div class="battle-history"><small>(Tangela lost <abbr title="−79/334">23.7%</abbr> of its health!)</small><br></div><div class="battle-history"><small>The opposing Purugly lost some of its HP!</small><br></div><div class="spacer battle-history"><br></div><div class="battle-history">Tangela used <strong>Leech Seed</strong>!<br></div><div class="battle-history"><small>The opposing Purugly was seeded!</small><br></div><div class="spacer battle-history"><br></div><div class="battle-history"><small>The opposing Purugly's health is sapped by Leech Seed!</small><br></div><div class="spacer battle-history"><br></div><h2 class="battle-history">Turn 47</h2><div class="chat chatmessage-kay"><strong style="color:hsl(255,66%,56.8105735479296%)"><small>☆</small><span class="username" data-name="kay くコ彡">kay くコ彡</span>:</strong> <em>gg</em></div><div class="spacer battle-history"><br></div><div class="battle-history">The opposing Purugly used <strong>U-turn</strong>!<br></div><div class="battle-history"><small>It's super effective!</small><br></div><div class="battle-history"><small>(Tangela lost <abbr title="−70/334">21.0%</abbr> of its health!)</small><br></div><div class="battle-history"><small>The opposing Purugly lost some of its HP!</small><br></div><div class="spacer battle-history"><br></div><div class="battle-history">Tangela used <strong>Giga Drain</strong>!<br></div><div class="battle-history"><small>(The opposing Purugly lost <abbr title="−139/283">49.1%</abbr> of its health!)</small><br></div><div class="battle-history"><small>The opposing Purugly had its energy drained!</small><br></div><div class="spacer battle-history"><br></div><div class="battle-history"><small>The opposing Purugly's health is sapped by Leech Seed!</small><br></div><div class="spacer battle-history"><br></div><h2 class="battle-history">Turn 48</h2><div class="chat"><small>Queen Motorhead left.</small></div><div class="spacer battle-history"><br></div><div class="battle-history">The opposing Purugly used <strong>Return</strong>!<br></div><div class="battle-history"><small>(Tangela lost <abbr title="−78/334">23.4%</abbr> of its health!)</small><br></div><div class="battle-history"><small>The opposing Purugly lost some of its HP!</small><br></div><div class="spacer battle-history"><br></div><div class="battle-history">The opposing Purugly fainted!<br></div><div class="spacer battle-history"><br></div><div class="battle-history"><strong>kay くコ彡</strong> won the battle!<br></div></div><div class="inner-preempt"></div></div></div>
</div>
<script>
let daily = Math.floor(Date.now()/1000/60/60/24);document.write('<script src="https://play.pokemonshowdown.com/js/replay-embed.js?version'+daily+'"></'+'script>');
</script>
