<!DOCTYPE html>
<meta charset="utf-8" />
<!-- version 1 -->
<title>PU replay: I Am Very Oddish vs. 275p</title>
<style>
html,body {font-family:Verdana, sans-serif;font-size:10pt;margin:0;padding:0;}body{padding:12px 0;} .battle-log {font-family:Verdana, sans-serif;font-size:10pt;} .battle-log-inline {border:1px solid #AAAAAA;background:#EEF2F5;color:black;max-width:640px;margin:0 auto 80px;padding-bottom:5px;} .battle-log .inner {padding:4px 8px 0px 8px;} .battle-log .inner-preempt {padding:0 8px 4px 8px;} .battle-log .inner-after {margin-top:0.5em;} .battle-log h2 {margin:0.5em -8px;padding:4px 8px;border:1px solid #AAAAAA;background:#E0E7EA;border-left:0;border-right:0;font-family:Verdana, sans-serif;font-size:13pt;} .battle-log .chat {vertical-align:middle;padding:3px 0 3px 0;font-size:8pt;} .battle-log .chat strong {color:#40576A;} .battle-log .chat em {padding:1px 4px 1px 3px;color:#000000;font-style:normal;} .chat.mine {background:rgba(0,0,0,0.05);margin-left:-8px;margin-right:-8px;padding-left:8px;padding-right:8px;} .spoiler {color:#BBBBBB;background:#BBBBBB;padding:0px 3px;} .spoiler:hover, .spoiler:active, .spoiler-shown {color:#000000;background:#E2E2E2;padding:0px 3px;} .spoiler a {color:#BBBBBB;} .spoiler:hover a, .spoiler:active a, .spoiler-shown a {color:#2288CC;} .chat code, .chat .spoiler:hover code, .chat .spoiler:active code, .chat .spoiler-shown code {border:1px solid #C0C0C0;background:#EEEEEE;color:black;padding:0 2px;} .chat .spoiler code {border:1px solid #CCCCCC;background:#CCCCCC;color:#CCCCCC;} .battle-log .rated {padding:3px 4px;} .battle-log .rated strong {color:white;background:#89A;padding:1px 4px;border-radius:4px;} .spacer {margin-top:0.5em;} .message-announce {background:#6688AA;color:white;padding:1px 4px 2px;} .message-announce a, .broadcast-green a, .broadcast-blue a, .broadcast-red a {color:#DDEEFF;} .broadcast-green {background-color:#559955;color:white;padding:2px 4px;} .broadcast-blue {background-color:#6688AA;color:white;padding:2px 4px;} .infobox {border:1px solid #6688AA;padding:2px 4px;} .infobox-limited {max-height:200px;overflow:auto;overflow-x:hidden;} .broadcast-red {background-color:#AA5544;color:white;padding:2px 4px;} .message-learn-canlearn {font-weight:bold;color:#228822;text-decoration:underline;} .message-learn-cannotlearn {font-weight:bold;color:#CC2222;text-decoration:underline;} .message-effect-weak {font-weight:bold;color:#CC2222;} .message-effect-resist {font-weight:bold;color:#6688AA;} .message-effect-immune {font-weight:bold;color:#666666;} .message-learn-list {margin-top:0;margin-bottom:0;} .message-throttle-notice, .message-error {color:#992222;} .message-overflow, .chat small.message-overflow {font-size:0pt;} .message-overflow::before {font-size:9pt;content:'...';} .subtle {color:#3A4A66;}
</style>
<div class="wrapper replay-wrapper" style="max-width:1180px;margin:0 auto">
<input type="hidden" name="replayid" value="pu-582517179" />
<div class="battle"></div><div class="battle-log"></div><div class="replay-controls"></div><div class="replay-controls-2"></div>
<h1 style="font-weight:normal;text-align:center"><strong>PU</strong><br /><a href="http://pokemonshowdown.com/users/iamveryoddish" class="subtle" target="_blank">I Am Very Oddish</a> vs. <a href="http://pokemonshowdown.com/users/275p" class="subtle" target="_blank">275p</a></h1>
<script type="text/plain" class="battle-log-data">|j|I Am Very Oddish
|j|275p
|player|p1|I Am Very Oddish|206
|teamsize|p1|6
|player|p2|275p|69
|teamsize|p2|6
|gametype|singles
|gen|6
|tier|PU
|rated
|seed|273,25754,46809,27801
|rule|Sleep Clause Mod: Limit one foe put to sleep
|rule|Species Clause: Limit one of each Pokémon
|rule|OHKO Clause: OHKO moves are banned
|rule|Moody Clause: Moody is banned
|rule|Evasion Moves Clause: Evasion moves are banned
|rule|Endless Battle Clause: Forcing endless battles is banned
|rule|HP Percentage Mod: HP is shown in percentages
|clearpoke
|poke|p1|Ninjask, M|item
|poke|p1|Arbok, F|item
|poke|p1|Murkrow, F|item
|poke|p1|Articuno|item
|poke|p1|Leafeon, M|item
|poke|p1|Gabite, F|item
|poke|p2|Whiscash, M|item
|poke|p2|Spinda, M|item
|poke|p2|Leavanny, F|item
|poke|p2|Meowstic, M|item
|poke|p2|Armaldo, F|item
|poke|p2|Swalot, M, shiny|item
|rule|Swagger Clause: Swagger is banned
|rule|Baton Pass Clause: Limit one Baton Passer, can't pass Spe and other stats simultaneously
|teampreview
|choice|team 3, team 2, team 1, team 4, team 5, team 6|team 5, team 2, team 3, team 4, team 1, team 6
|
|start
|switch|p1a: baby advantage|Murkrow, F|261\/261
|switch|p2a: Armaldo|Armaldo, F|354\/354
|turn|1
|choice|move darkpulse|move rockslide
|
|move|p1a: baby advantage|Dark Pulse|p2a: Armaldo
|-damage|p2a: Armaldo|236\/354
|move|p2a: Armaldo|Rock Slide|p1a: baby advantage
|-supereffective|p1a: baby advantage
|-damage|p1a: baby advantage|0 fnt
|faint|p1a: baby advantage
|
|upkeep
|choice|switch 2|
|
|switch|p1a: snek|Arbok, F|261\/261
|-ability|p1a: snek|Unnerve|p2: 275p
|turn|2
|choice|move aquatail|switch 4
|
|switch|p2a: Meowstic|Meowstic, M|289\/289
|move|p1a: snek|Aqua Tail|p2a: Meowstic
|-crit|p2a: Meowstic
|-damage|p2a: Meowstic|141\/289
|
|upkeep
|turn|3
|choice|move crunch|move reflect
|
|move|p2a: Meowstic|Reflect|p2a: Meowstic
|-sidestart|p2: 275p|Reflect
|move|p1a: snek|Crunch|p2a: Meowstic
|-supereffective|p2a: Meowstic
|-damage|p2a: Meowstic|53\/289
|
|upkeep
|turn|4
|choice|move crunch|move psychic
|
|move|p2a: Meowstic|Psychic|p1a: snek
|-supereffective|p1a: snek
|-damage|p1a: snek|0 fnt
|faint|p1a: snek
|
|upkeep
|choice|switch 3|
|
|switch|p1a: 2fast5me|Ninjask, M|263\/263
|turn|5
|choice|move bugbuzz|move lightscreen
|
|move|p2a: Meowstic|Light Screen|p2a: Meowstic
|-sidestart|p2: 275p|move: Light Screen
|move|p1a: 2fast5me|Bug Buzz|p2a: Meowstic
|-supereffective|p2a: Meowstic
|-damage|p2a: Meowstic|0 fnt
|faint|p2a: Meowstic
|
|-ability|p1a: 2fast5me|Speed Boost|boost
|-boost|p1a: 2fast5me|spe|1
|upkeep
|choice||switch 2
|
|switch|p2a: Spinda|Spinda, M|324\/324
|turn|6
|choice|move bugbuzz|move superpower
|
|move|p1a: 2fast5me|Bug Buzz|p2a: Spinda
|-damage|p2a: Spinda|275\/324
|move|p2a: Spinda|Superpower|p1a: 2fast5me
|-resisted|p1a: 2fast5me
|-damage|p1a: 2fast5me|217\/263
|-boost|p2a: Spinda|atk|1
|-boost|p2a: Spinda|def|1
|
|-ability|p1a: 2fast5me|Speed Boost|boost
|-boost|p1a: 2fast5me|spe|1
|upkeep
|turn|7
|choice|switch 4|move superpower
|
|switch|p1a: best pu birb|Articuno|383\/383
|-ability|p1a: best pu birb|Pressure
|move|p2a: Spinda|Superpower|p1a: best pu birb
|-damage|p1a: best pu birb|239\/383
|-boost|p2a: Spinda|atk|1
|-boost|p2a: Spinda|def|1
|
|upkeep
|turn|8
|choice|move extrasensory|move superpower
|
|move|p1a: best pu birb|Extrasensory|p2a: Spinda
|-damage|p2a: Spinda|231\/324
|move|p2a: Spinda|Superpower|p1a: best pu birb
|-damage|p1a: best pu birb|61\/383
|-boost|p2a: Spinda|atk|1
|-boost|p2a: Spinda|def|1
|
|upkeep
|turn|9
|choice|move ancientpower|move superpower
|
|move|p1a: best pu birb|Ancient Power|p2a: Spinda
|-damage|p2a: Spinda|197\/324
|move|p2a: Spinda|Superpower|p1a: best pu birb
|-damage|p1a: best pu birb|0 fnt
|-boost|p2a: Spinda|atk|1
|-boost|p2a: Spinda|def|1
|faint|p1a: best pu birb
|
|upkeep
|choice|switch 6|
|
|switch|p1a: lawl|Gabite, F|277\/277
|turn|10
|choice|move earthquake|move drainpunch
|
|move|p1a: lawl|Earthquake|p2a: Spinda
|-damage|p2a: Spinda|154\/324
|move|p2a: Spinda|Drain Punch|p1a: lawl
|-damage|p1a: lawl|44\/277
|-heal|p2a: Spinda|271\/324|[from] drain|[of] p1a: lawl
|
|-sideend|p2: 275p|Reflect
|upkeep
|turn|11
|-message|I Am Very Oddish forfeited.
|
|win|275p
|l|I Am Very Oddish</script>
</div>
<div class="battle-log battle-log-inline"><div class="inner"><div class="battle-options"></div><div class="inner"><div class="chat"><small>I Am Very Oddish joined.</small></div><div class="chat"><small>275p joined.</small></div><div class=""><small>Format:</small> <br><strong>PU</strong></div><div class="rated"><strong>Rated battle</strong></div><div class=""><small><em>Sleep Clause Mod:</em> Limit one foe put to sleep</small></div><div class=""><small><em>Species Clause:</em> Limit one of each Pokémon</small></div><div class=""><small><em>OHKO Clause:</em> OHKO moves are banned</small></div><div class=""><small><em>Moody Clause:</em> Moody is banned</small></div><div class=""><small><em>Evasion Moves Clause:</em> Evasion moves are banned</small></div><div class=""><small><em>Endless Battle Clause:</em> Forcing endless battles is banned</small></div><div class=""><small><em>HP Percentage Mod:</em> HP is shown in percentages</small></div><div class=""><small><em>Swagger Clause:</em> Swagger is banned</small></div><div class=""><small><em>Baton Pass Clause:</em> Limit one Baton Passer, can't pass Spe and other stats simultaneously</small></div><div class="chat battle-history"><strong>I Am Very Oddish's team:</strong> <em style="color:#445566;display:block;">Ninjask / Arbok / Murkrow / Articuno / Leafeon / Gabite</em></div><div class="chat battle-history"><strong>275p's team:</strong> <em style="color:#445566;display:block;">Whiscash / Spinda / Leavanny / Meowstic / Armaldo / Swalot</em></div><div class="spacer battle-history"><br></div><div class="battle-history">Battle started between I Am Very Oddish and 275p!<br></div><div class="spacer battle-history"><br></div><div class="battle-history">Go! baby advantage (<strong>Murkrow</strong>)!<br></div><div class="spacer battle-history"><br></div><div class="battle-history">275p sent out <strong>Armaldo</strong>!<br></div><div class="spacer battle-history"><br></div><h2 class="battle-history">Turn 1</h2><div class="spacer battle-history"><br></div><div class="battle-history">baby advantage used <strong>Dark Pulse</strong>!<br></div><div class="battle-history"><small>(The opposing Armaldo lost <abbr title="−118/354">33.3%</abbr> of its health!)</small><br></div><div class="spacer battle-history"><br></div><div class="battle-history">The opposing Armaldo used <strong>Rock Slide</strong>!<br></div><div class="battle-history"><small>It's super effective!</small><br></div><div class="battle-history"><small>(baby advantage lost <abbr title="−261/261">100%</abbr> of its health!)</small><br></div><div class="spacer battle-history"><br></div><div class="battle-history">baby advantage fainted!<br></div><div class="spacer battle-history"><br></div><div class="battle-history">Go! snek (<strong>Arbok</strong>)!<br></div><div class="battle-history"><small>[snek's Unnerve]</small><br><small>The opposing team is too nervous to eat Berries!</small><br></div><div class="spacer battle-history"><br></div><h2 class="battle-history">Turn 2</h2><div class="spacer battle-history"><br></div><div class="battle-history">275p withdrew Armaldo!<br></div><div class="battle-history">275p sent out <strong>Meowstic</strong>!<br></div><div class="spacer battle-history"><br></div><div class="battle-history">snek used <strong>Aqua Tail</strong>!<br></div><div class="battle-history"><small>A critical hit!</small><br></div><div class="battle-history"><small>(The opposing Meowstic lost <abbr title="−148/289">51.2%</abbr> of its health!)</small><br></div><div class="spacer battle-history"><br></div><h2 class="battle-history">Turn 3</h2><div class="spacer battle-history"><br></div><div class="battle-history">The opposing Meowstic used <strong>Reflect</strong>!<br></div><div class="battle-history"><small>Reflect made the opposing team stronger against physical moves!</small><br></div><div class="spacer battle-history"><br></div><div class="battle-history">snek used <strong>Crunch</strong>!<br></div><div class="battle-history"><small>It's super effective!</small><br></div><div class="battle-history"><small>(The opposing Meowstic lost <abbr title="−88/289">30.4%</abbr> of its health!)</small><br></div><div class="spacer battle-history"><br></div><h2 class="battle-history">Turn 4</h2><div class="spacer battle-history"><br></div><div class="battle-history">The opposing Meowstic used <strong>Psychic</strong>!<br></div><div class="battle-history"><small>It's super effective!</small><br></div><div class="battle-history"><small>(snek lost <abbr title="−261/261">100%</abbr> of its health!)</small><br></div><div class="spacer battle-history"><br></div><div class="battle-history">snek fainted!<br></div><div class="spacer battle-history"><br></div><div class="battle-history">Go! 2fast5me (<strong>Ninjask</strong>)!<br></div><div class="spacer battle-history"><br></div><h2 class="battle-history">Turn 5</h2><div class="spacer battle-history"><br></div><div class="battle-history">The opposing Meowstic used <strong>Light Screen</strong>!<br></div><div class="battle-history"><small>Light Screen made the opposing team stronger against special moves!</small><br></div><div class="spacer battle-history"><br></div><div class="battle-history">2fast5me used <strong>Bug Buzz</strong>!<br></div><div class="battle-history"><small>It's super effective!</small><br></div><div class="battle-history"><small>(The opposing Meowstic lost <abbr title="−53/289">18.3%</abbr> of its health!)</small><br></div><div class="spacer battle-history"><br></div><div class="battle-history">The opposing Meowstic fainted!<br></div><div class="spacer battle-history"><br></div><div class="battle-history"><small>[2fast5me's Speed Boost]</small><br></div><div class="battle-history"><small>2fast5me's Speed rose!</small><br></div><div class="spacer battle-history"><br></div><div class="battle-history">275p sent out <strong>Spinda</strong>!<br></div><div class="spacer battle-history"><br></div><h2 class="battle-history">Turn 6</h2><div class="spacer battle-history"><br></div><div class="battle-history">2fast5me used <strong>Bug Buzz</strong>!<br></div><div class="battle-history"><small>(The opposing Spinda lost <abbr title="−49/324">15.1%</abbr> of its health!)</small><br></div><div class="spacer battle-history"><br></div><div class="battle-history">The opposing Spinda used <strong>Superpower</strong>!<br></div><div class="battle-history"><small>It's not very effective...</small><br></div><div class="battle-history"><small>(2fast5me lost <abbr title="−46/263">17.5%</abbr> of its health!)</small><br></div><div class="battle-history"><small>The opposing Spinda's Attack rose!</small><br></div><div class="battle-history"><small>The opposing Spinda's Defense rose!</small><br></div><div class="spacer battle-history"><br></div><div class="battle-history"><small>[2fast5me's Speed Boost]</small><br></div><div class="battle-history"><small>2fast5me's Speed rose!</small><br></div><div class="spacer battle-history"><br></div><h2 class="battle-history">Turn 7</h2><div class="spacer battle-history"><br></div><div class="battle-history">2fast5me, come back!<br></div><div class="battle-history">Go! best pu birb (<strong>Articuno</strong>)!<br></div><div class="battle-history"><small>[best pu birb's Pressure]</small><br><small>best pu birb is exerting its pressure!</small><br></div><div class="spacer battle-history"><br></div><div class="battle-history">The opposing Spinda used <strong>Superpower</strong>!<br></div><div class="battle-history"><small>(best pu birb lost <abbr title="−144/383">37.6%</abbr> of its health!)</small><br></div><div class="battle-history"><small>The opposing Spinda's Attack rose!</small><br></div><div class="battle-history"><small>The opposing Spinda's Defense rose!</small><br></div><div class="spacer battle-history"><br></div><h2 class="battle-history">Turn 8</h2><div class="spacer battle-history"><br></div><div class="battle-history">best pu birb used <strong>Extrasensory</strong>!<br></div><div class="battle-history"><small>(The opposing Spinda lost <abbr title="−44/324">13.6%</abbr> of its health!)</small><br></div><div class="spacer battle-history"><br></div><div class="battle-history">The opposing Spinda used <strong>Superpower</strong>!<br></div><div class="battle-history"><small>(best pu birb lost <abbr title="−178/383">46.5%</abbr> of its health!)</small><br></div><div class="battle-history"><small>The opposing Spinda's Attack rose!</small><br></div><div class="battle-history"><small>The opposing Spinda's Defense rose!</small><br></div><div class="spacer battle-history"><br></div><h2 class="battle-history">Turn 9</h2><div class="spacer battle-history"><br></div><div class="battle-history">best pu birb used <strong>Ancient Power</strong>!<br></div><div class="battle-history"><small>(The opposing Spinda lost <abbr title="−34/324">10.5%</abbr> of its health!)</small><br></div><div class="spacer battle-history"><br></div><div class="battle-history">The opposing Spinda used <strong>Superpower</strong>!<br></div><div class="battle-history"><small>(best pu birb lost <abbr title="−61/383">15.9%</abbr> of its health!)</small><br></div><div class="battle-history"><small>The opposing Spinda's Attack rose!</small><br></div><div class="battle-history"><small>The opposing Spinda's Defense rose!</small><br></div><div class="spacer battle-history"><br></div><div class="battle-history">best pu birb fainted!<br></div><div class="spacer battle-history"><br></div><div class="battle-history">Go! lawl (<strong>Gabite</strong>)!<br></div><div class="spacer battle-history"><br></div><h2 class="battle-history">Turn 10</h2><div class="spacer battle-history"><br></div><div class="battle-history">lawl used <strong>Earthquake</strong>!<br></div><div class="battle-history"><small>(The opposing Spinda lost <abbr title="−43/324">13.3%</abbr> of its health!)</small><br></div><div class="spacer battle-history"><br></div><div class="battle-history">The opposing Spinda used <strong>Drain Punch</strong>!<br></div><div class="battle-history"><small>(lawl lost <abbr title="−233/277">84.1%</abbr> of its health!)</small><br></div><div class="battle-history"><small>lawl had its energy drained!</small><br></div><div class="spacer battle-history"><br></div><div class="battle-history"><small>The opposing team's Reflect wore off!</small><br></div><div class="spacer battle-history"><br></div><h2 class="battle-history">Turn 11</h2><div class="spacer battle-history"><br></div><div class="battle-history"><small>I Am Very Oddish forfeited.</small><br></div><div class="spacer battle-history"><br></div><div class="battle-history"><strong>275p</strong> won the battle!<br></div><div class="chat"><small>I Am Very Oddish left.</small></div></div><div class="inner-preempt"></div></div></div>
</div>
<script>
let daily = Math.floor(Date.now()/1000/60/60/24);document.write('<script src="https://play.pokemonshowdown.com/js/replay-embed.js?version'+daily+'"></'+'script>');
</script>
