<!DOCTYPE html>
<meta charset="utf-8" />
<!-- version 1 -->
<title>NU replay: bus vs. TheWholeF'NShow</title>
<style>
html,body {font-family:Verdana, sans-serif;font-size:10pt;margin:0;padding:0;}body{padding:12px 0;} .battle-log {font-family:Verdana, sans-serif;font-size:10pt;} .battle-log-inline {border:1px solid #AAAAAA;background:#EEF2F5;color:black;max-width:640px;margin:0 auto 80px;padding-bottom:5px;} .battle-log .inner {padding:4px 8px 0px 8px;} .battle-log .inner-preempt {padding:0 8px 4px 8px;} .battle-log .inner-after {margin-top:0.5em;} .battle-log h2 {margin:0.5em -8px;padding:4px 8px;border:1px solid #AAAAAA;background:#E0E7EA;border-left:0;border-right:0;font-family:Verdana, sans-serif;font-size:13pt;} .battle-log .chat {vertical-align:middle;padding:3px 0 3px 0;font-size:8pt;} .battle-log .chat strong {color:#40576A;} .battle-log .chat em {padding:1px 4px 1px 3px;color:#000000;font-style:normal;} .chat.mine {background:rgba(0,0,0,0.05);margin-left:-8px;margin-right:-8px;padding-left:8px;padding-right:8px;} .spoiler {color:#BBBBBB;background:#BBBBBB;padding:0px 3px;} .spoiler:hover, .spoiler:active, .spoiler-shown {color:#000000;background:#E2E2E2;padding:0px 3px;} .spoiler a {color:#BBBBBB;} .spoiler:hover a, .spoiler:active a, .spoiler-shown a {color:#2288CC;} .chat code, .chat .spoiler:hover code, .chat .spoiler:active code, .chat .spoiler-shown code {border:1px solid #C0C0C0;background:#EEEEEE;color:black;padding:0 2px;} .chat .spoiler code {border:1px solid #CCCCCC;background:#CCCCCC;color:#CCCCCC;} .battle-log .rated {padding:3px 4px;} .battle-log .rated strong {color:white;background:#89A;padding:1px 4px;border-radius:4px;} .spacer {margin-top:0.5em;} .message-announce {background:#6688AA;color:white;padding:1px 4px 2px;} .message-announce a, .broadcast-green a, .broadcast-blue a, .broadcast-red a {color:#DDEEFF;} .broadcast-green {background-color:#559955;color:white;padding:2px 4px;} .broadcast-blue {background-color:#6688AA;color:white;padding:2px 4px;} .infobox {border:1px solid #6688AA;padding:2px 4px;} .infobox-limited {max-height:200px;overflow:auto;overflow-x:hidden;} .broadcast-red {background-color:#AA5544;color:white;padding:2px 4px;} .message-learn-canlearn {font-weight:bold;color:#228822;text-decoration:underline;} .message-learn-cannotlearn {font-weight:bold;color:#CC2222;text-decoration:underline;} .message-effect-weak {font-weight:bold;color:#CC2222;} .message-effect-resist {font-weight:bold;color:#6688AA;} .message-effect-immune {font-weight:bold;color:#666666;} .message-learn-list {margin-top:0;margin-bottom:0;} .message-throttle-notice, .message-error {color:#992222;} .message-overflow, .chat small.message-overflow {font-size:0pt;} .message-overflow::before {font-size:9pt;content:'...';} .subtle {color:#3A4A66;}
</style>
<div class="wrapper replay-wrapper" style="max-width:1180px;margin:0 auto">
<input type="hidden" name="replayid" value="nu-562835276" />
<div class="battle"></div><div class="battle-log"></div><div class="replay-controls"></div><div class="replay-controls-2"></div>
<h1 style="font-weight:normal;text-align:center"><strong>NU</strong><br /><a href="http://pokemonshowdown.com/users/bus" class="subtle" target="_blank">bus</a> vs. <a href="http://pokemonshowdown.com/users/thewholefnshow" class="subtle" target="_blank">TheWholeF'NShow</a></h1>
<script type="text/plain" class="battle-log-data">|j|bus
|j|TheWholeF'NShow
|player|p1|bus|159
|player|p2|TheWholeF'NShow|238
|gametype|singles
|gen|6
|tier|NU
|seed|44624,35310,24594,27848
|rule|Sleep Clause Mod: Limit one foe put to sleep
|rule|Species Clause: Limit one of each Pokémon
|rule|OHKO Clause: OHKO moves are banned
|rule|Moody Clause: Moody is banned
|rule|Evasion Moves Clause: Evasion moves are banned
|rule|Endless Battle Clause: Forcing endless battles is banned
|rule|HP Percentage Mod: HP is shown in percentages
|clearpoke
|poke|p1|Basculin-Blue-Striped, M|item
|poke|p1|Ditto|item
|poke|p1|Simisage, F|item
|poke|p1|Linoone, M|item
|poke|p1|Murkrow, M|item
|poke|p1|Torterra, M|item
|poke|p2|Magmortar, F|item
|poke|p2|Electivire, M|item
|poke|p2|Scyther, F|item
|poke|p2|Musharna, F|item
|poke|p2|Gurdurr, M|item
|poke|p2|Tangela, M|item
|rule|Swagger Clause: Swagger is banned
|rule|Baton Pass Clause: Limit one Baton Passer, can't pass Spe and other stats simultaneously
|teampreview
|choice|team 1, team 2, team 3, team 4, team 5, team 6|team 2, team 1, team 3, team 4, team 5, team 6
|
|start
|switch|p1a: Basculin|Basculin-Blue-Striped, M|281\/281
|switch|p2a: Ryborg|Electivire, M|291\/291
|turn|1
|choice|switch 2|move meditate
|
|switch|p1a: Ditto|Ditto|300\/300
|-transform|p1a: Ditto|p2a: Ryborg|[from] ability: Imposter
|move|p2a: Ryborg|Meditate|p2a: Ryborg
|-boost|p2a: Ryborg|atk|1
|
|upkeep
|turn|2
|choice|move earthquake|move earthquake
|
|move|p1a: Ditto|Earthquake|p2a: Ryborg
|-supereffective|p2a: Ryborg
|-damage|p2a: Ryborg|0 fnt
|faint|p2a: Ryborg
|
|upkeep
|choice||switch 2
|
|switch|p2a: John Wayne Jr|Magmortar, F|307\/307
|turn|3
|choice|move earthquake|move fireblast
|
|move|p1a: Ditto|Earthquake|p2a: John Wayne Jr
|-supereffective|p2a: John Wayne Jr
|-damage|p2a: John Wayne Jr|0 fnt
|faint|p2a: John Wayne Jr
|
|upkeep
|choice||switch 3
|
|switch|p2a: Scyther|Scyther, F|343\/343
|turn|4
|choice|switch 5|move uturn
|
|switch|p1a: Murkrow|Murkrow, M|323\/323
|move|p2a: Scyther|U-turn|p1a: Murkrow
|-damage|p1a: Murkrow|176\/323
|choice||switch 5
|
|switch|p2a: Gurdurr|Gurdurr, M|374\/374
|
|upkeep
|turn|5
|choice|move confuseray|move thunderpunch
|
|move|p1a: Murkrow|Confuse Ray|p2a: Gurdurr
|-start|p2a: Gurdurr|confusion
|-activate|p2a: Gurdurr|confusion
|move|p2a: Gurdurr|Thunder Punch|p1a: Murkrow
|-supereffective|p1a: Murkrow
|-damage|p1a: Murkrow|0 fnt
|faint|p1a: Murkrow
|
|upkeep
|choice|switch 3|
|
|switch|p1a: Simisage|Simisage, F|291\/291
|turn|6
|choice|move nastyplot|move bulkup
|
|move|p1a: Simisage|Nasty Plot|p1a: Simisage
|-boost|p1a: Simisage|spa|2
|-end|p2a: Gurdurr|confusion
|move|p2a: Gurdurr|Bulk Up|p2a: Gurdurr
|-boost|p2a: Gurdurr|atk|1
|-boost|p2a: Gurdurr|def|1
|
|upkeep
|turn|7
|choice|move nastyplot|move drainpunch
|
|move|p1a: Simisage|Nasty Plot|p1a: Simisage
|-boost|p1a: Simisage|spa|2
|move|p2a: Gurdurr|Drain Punch|p1a: Simisage
|-damage|p1a: Simisage|0 fnt
|faint|p1a: Simisage
|
|upkeep
|choice|switch 5|
|
|switch|p1a: Ditto|Ditto|300\/300
|-transform|p1a: Ditto|p2a: Gurdurr|[from] ability: Imposter
|turn|8
|choice|move drainpunch|move drainpunch
|
|move|p1a: Ditto|Drain Punch|p2a: Gurdurr
|-damage|p2a: Gurdurr|275\/374
|move|p2a: Gurdurr|Drain Punch|p1a: Ditto
|-damage|p1a: Ditto|159\/300
|-heal|p2a: Gurdurr|346\/374|[from] drain|[of] p1a: Ditto
|
|upkeep
|turn|9
|choice|switch 6|move drainpunch
|
|switch|p1a: Torterra|Torterra, M|394\/394
|move|p2a: Gurdurr|Drain Punch|p1a: Torterra
|-damage|p1a: Torterra|255\/394
|-heal|p2a: Gurdurr|374\/374|[from] drain|[of] p1a: Torterra
|
|upkeep
|turn|10
|choice|move reflect|move bulkup
|
|move|p1a: Torterra|Reflect|p1a: Torterra
|-sidestart|p1: bus|Reflect
|move|p2a: Gurdurr|Bulk Up|p2a: Gurdurr
|-boost|p2a: Gurdurr|atk|1
|-boost|p2a: Gurdurr|def|1
|
|upkeep
|turn|11
|choice|move lightscreen|move drainpunch
|
|move|p1a: Torterra|Light Screen|p1a: Torterra
|-sidestart|p1: bus|move: Light Screen
|move|p2a: Gurdurr|Drain Punch|p1a: Torterra
|-damage|p1a: Torterra|169\/394
|
|upkeep
|turn|12
|choice|move stealthrock|move drainpunch
|
|move|p1a: Torterra|Stealth Rock|p2a: Gurdurr
|-sidestart|p2: TheWholeF'NShow|move: Stealth Rock
|move|p2a: Gurdurr|Drain Punch|p1a: Torterra
|-damage|p1a: Torterra|73\/394
|
|upkeep
|turn|13
|choice|move earthquake|move bulkup
|
|move|p1a: Torterra|Earthquake|p2a: Gurdurr
|-damage|p2a: Gurdurr|322\/374
|move|p2a: Gurdurr|Bulk Up|p2a: Gurdurr
|-boost|p2a: Gurdurr|atk|1
|-boost|p2a: Gurdurr|def|1
|
|upkeep
|turn|14
|choice|switch 2|move drainpunch
|
|switch|p1a: Basculin|Basculin-Blue-Striped, M|281\/281
|move|p2a: Gurdurr|Drain Punch|p1a: Basculin
|-damage|p1a: Basculin|68\/281
|-heal|p2a: Gurdurr|374\/374|[from] drain|[of] p1a: Basculin
|
|upkeep
|turn|15
|choice|move waterfall|move machpunch
|
|move|p2a: Gurdurr|Mach Punch|p1a: Basculin
|-damage|p1a: Basculin|0 fnt
|faint|p1a: Basculin
|
|upkeep
|choice|switch 6|
|
|switch|p1a: Ditto|Ditto|159\/300
|-transform|p1a: Ditto|p2a: Gurdurr|[from] ability: Imposter
|turn|16
|choice|move drainpunch|move drainpunch
|
|move|p1a: Ditto|Drain Punch|p2a: Gurdurr
|-crit|p2a: Gurdurr
|-damage|p2a: Gurdurr|4\/374
|-heal|p1a: Ditto|300\/300|[from] drain|[of] p2a: Gurdurr
|move|p2a: Gurdurr|Drain Punch|p1a: Ditto
|-crit|p1a: Ditto
|-damage|p1a: Ditto|0 fnt
|-heal|p2a: Gurdurr|154\/374|[from] drain|[of] p1a: Ditto
|faint|p1a: Ditto
|
|upkeep
|choice|switch 2|
|
|switch|p1a: Torterra|Torterra, M|73\/394
|turn|17
|choice|move earthquake|move drainpunch
|
|move|p1a: Torterra|Earthquake|p2a: Gurdurr
|-damage|p2a: Gurdurr|112\/374
|move|p2a: Gurdurr|Drain Punch|p1a: Torterra
|-damage|p1a: Torterra|0 fnt
|-heal|p2a: Gurdurr|149\/374|[from] drain|[of] p1a: Torterra
|faint|p1a: Torterra
|
|-sideend|p1: bus|Reflect
|upkeep
|choice|switch 4|
|
|switch|p1a: Linoone|Linoone, M|298\/298
|turn|18
|choice|move extremespeed|move drainpunch
|
|move|p1a: Linoone|Extreme Speed|p2a: Gurdurr
|-damage|p2a: Gurdurr|121\/374
|move|p2a: Gurdurr|Drain Punch|p1a: Linoone
|-supereffective|p1a: Linoone
|-damage|p1a: Linoone|0 fnt
|-heal|p2a: Gurdurr|270\/374|[from] drain|[of] p1a: Linoone
|faint|p1a: Linoone
|
|win|TheWholeF'NShow
|l|bus</script>
</div>
<div class="battle-log battle-log-inline"><div class="inner"><div class="battle-options"></div><div class="inner"><div class="chat"><small>bus joined.</small></div><div class="chat"><small>TheWholeF'NShow joined.</small></div><div class=""><small>Format:</small> <br><strong>NU</strong></div><div class=""><small><em>Sleep Clause Mod:</em> Limit one foe put to sleep</small></div><div class=""><small><em>Species Clause:</em> Limit one of each Pokémon</small></div><div class=""><small><em>OHKO Clause:</em> OHKO moves are banned</small></div><div class=""><small><em>Moody Clause:</em> Moody is banned</small></div><div class=""><small><em>Evasion Moves Clause:</em> Evasion moves are banned</small></div><div class=""><small><em>Endless Battle Clause:</em> Forcing endless battles is banned</small></div><div class=""><small><em>HP Percentage Mod:</em> HP is shown in percentages</small></div><div class=""><small><em>Swagger Clause:</em> Swagger is banned</small></div><div class=""><small><em>Baton Pass Clause:</em> Limit one Baton Passer, can't pass Spe and other stats simultaneously</small></div><div class="chat battle-history"><strong>bus's team:</strong> <em style="color:#445566;display:block;">Basculin-Blue-Striped / Ditto / Simisage / Linoone / Murkrow / Torterra</em></div><div class="chat battle-history"><strong>TheWholeF'NShow's team:</strong> <em style="color:#445566;display:block;">Magmortar / Electivire / Scyther / Musharna / Gurdurr / Tangela</em></div><div class="spacer battle-history"><br></div><div class="battle-history">Battle started between bus and TheWholeF'NShow!<br></div><div class="spacer battle-history"><br></div><div class="battle-history">Go! Basculin (<strong>Basculin-Blue-Striped</strong>)!<br></div><div class="spacer battle-history"><br></div><div class="battle-history">TheWholeF'NShow sent out Ryborg (<strong>Electivire</strong>)!<br></div><div class="spacer battle-history"><br></div><h2 class="battle-history">Turn 1</h2><div class="spacer battle-history"><br></div><div class="battle-history">Basculin, come back!<br></div><div class="battle-history">Go! <strong>Ditto</strong>!<br></div><div class="battle-history"><small>[Ditto's Imposter]</small><br>Ditto transformed into Electivire!<br></div><div class="spacer battle-history"><br></div><div class="battle-history">The opposing Ryborg used <strong>Meditate</strong>!<br></div><div class="battle-history"><small>The opposing Ryborg's Attack rose!</small><br></div><div class="spacer battle-history"><br></div><h2 class="battle-history">Turn 2</h2><div class="spacer battle-history"><br></div><div class="battle-history">Ditto used <strong>Earthquake</strong>!<br></div><div class="battle-history"><small>It's super effective!</small><br></div><div class="battle-history"><small>(The opposing Ryborg lost <abbr title="−291/291">100%</abbr> of its health!)</small><br></div><div class="spacer battle-history"><br></div><div class="battle-history">The opposing Ryborg fainted!<br></div><div class="spacer battle-history"><br></div><div class="battle-history">TheWholeF'NShow sent out John Wayne Jr (<strong>Magmortar</strong>)!<br></div><div class="spacer battle-history"><br></div><h2 class="battle-history">Turn 3</h2><div class="spacer battle-history"><br></div><div class="battle-history">Ditto used <strong>Earthquake</strong>!<br></div><div class="battle-history"><small>It's super effective!</small><br></div><div class="battle-history"><small>(The opposing John Wayne Jr lost <abbr title="−307/307">100%</abbr> of its health!)</small><br></div><div class="spacer battle-history"><br></div><div class="battle-history">The opposing John Wayne Jr fainted!<br></div><div class="spacer battle-history"><br></div><div class="battle-history">TheWholeF'NShow sent out <strong>Scyther</strong>!<br></div><div class="spacer battle-history"><br></div><h2 class="battle-history">Turn 4</h2><div class="spacer battle-history"><br></div><div class="battle-history">Ditto, come back!<br></div><div class="battle-history">Go! <strong>Murkrow</strong>!<br></div><div class="spacer battle-history"><br></div><div class="battle-history">The opposing Scyther used <strong>U-turn</strong>!<br></div><div class="battle-history"><small>(Murkrow lost <abbr title="−147/323">45.5%</abbr> of its health!)</small><br></div><div class="spacer battle-history"><br></div><div class="battle-history">The opposing Scyther went back to TheWholeF'NShow!<br></div><div class="battle-history">TheWholeF'NShow sent out <strong>Gurdurr</strong>!<br></div><div class="spacer battle-history"><br></div><h2 class="battle-history">Turn 5</h2><div class="spacer battle-history"><br></div><div class="battle-history">Murkrow used <strong>Confuse Ray</strong>!<br></div><div class="battle-history"><small>The opposing Gurdurr became confused!</small><br></div><div class="spacer battle-history"><br></div><div class="battle-history"><small>The opposing Gurdurr is confused!</small><br></div><div class="battle-history">The opposing Gurdurr used <strong>Thunder Punch</strong>!<br></div><div class="battle-history"><small>It's super effective!</small><br></div><div class="battle-history"><small>(Murkrow lost <abbr title="−176/323">54.5%</abbr> of its health!)</small><br></div><div class="spacer battle-history"><br></div><div class="battle-history">Murkrow fainted!<br></div><div class="spacer battle-history"><br></div><div class="battle-history">Go! <strong>Simisage</strong>!<br></div><div class="spacer battle-history"><br></div><h2 class="battle-history">Turn 6</h2><div class="spacer battle-history"><br></div><div class="battle-history">Simisage used <strong>Nasty Plot</strong>!<br></div><div class="battle-history"><small>Simisage's Special Attack rose sharply!</small><br></div><div class="battle-history"><small>The opposing Gurdurr snapped out of its confusion!</small><br></div><div class="spacer battle-history"><br></div><div class="battle-history">The opposing Gurdurr used <strong>Bulk Up</strong>!<br></div><div class="battle-history"><small>The opposing Gurdurr's Attack rose!</small><br></div><div class="battle-history"><small>The opposing Gurdurr's Defense rose!</small><br></div><div class="spacer battle-history"><br></div><h2 class="battle-history">Turn 7</h2><div class="spacer battle-history"><br></div><div class="battle-history">Simisage used <strong>Nasty Plot</strong>!<br></div><div class="battle-history"><small>Simisage's Special Attack rose sharply!</small><br></div><div class="spacer battle-history"><br></div><div class="battle-history">The opposing Gurdurr used <strong>Drain Punch</strong>!<br></div><div class="battle-history"><small>(Simisage lost <abbr title="−291/291">100%</abbr> of its health!)</small><br></div><div class="spacer battle-history"><br></div><div class="battle-history">Simisage fainted!<br></div><div class="spacer battle-history"><br></div><div class="battle-history">Go! <strong>Ditto</strong>!<br></div><div class="battle-history"><small>[Ditto's Imposter]</small><br>Ditto transformed into Gurdurr!<br></div><div class="spacer battle-history"><br></div><h2 class="battle-history">Turn 8</h2><div class="spacer battle-history"><br></div><div class="battle-history">Ditto used <strong>Drain Punch</strong>!<br></div><div class="battle-history"><small>(The opposing Gurdurr lost <abbr title="−99/374">26.5%</abbr> of its health!)</small><br></div><div class="spacer battle-history"><br></div><div class="battle-history">The opposing Gurdurr used <strong>Drain Punch</strong>!<br></div><div class="battle-history"><small>(Ditto lost <abbr title="−141/300">47%</abbr> of its health!)</small><br></div><div class="battle-history"><small>Ditto had its energy drained!</small><br></div><div class="spacer battle-history"><br></div><h2 class="battle-history">Turn 9</h2><div class="spacer battle-history"><br></div><div class="battle-history">Ditto, come back!<br></div><div class="battle-history">Go! <strong>Torterra</strong>!<br></div><div class="spacer battle-history"><br></div><div class="battle-history">The opposing Gurdurr used <strong>Drain Punch</strong>!<br></div><div class="battle-history"><small>(Torterra lost <abbr title="−139/394">35.3%</abbr> of its health!)</small><br></div><div class="battle-history"><small>Torterra had its energy drained!</small><br></div><div class="spacer battle-history"><br></div><h2 class="battle-history">Turn 10</h2><div class="spacer battle-history"><br></div><div class="battle-history">Torterra used <strong>Reflect</strong>!<br></div><div class="battle-history"><small>Reflect made your team stronger against physical moves!</small><br></div><div class="spacer battle-history"><br></div><div class="battle-history">The opposing Gurdurr used <strong>Bulk Up</strong>!<br></div><div class="battle-history"><small>The opposing Gurdurr's Attack rose!</small><br></div><div class="battle-history"><small>The opposing Gurdurr's Defense rose!</small><br></div><div class="spacer battle-history"><br></div><h2 class="battle-history">Turn 11</h2><div class="spacer battle-history"><br></div><div class="battle-history">Torterra used <strong>Light Screen</strong>!<br></div><div class="battle-history"><small>Light Screen made your team stronger against special moves!</small><br></div><div class="spacer battle-history"><br></div><div class="battle-history">The opposing Gurdurr used <strong>Drain Punch</strong>!<br></div><div class="battle-history"><small>(Torterra lost <abbr title="−86/394">21.8%</abbr> of its health!)</small><br></div><div class="spacer battle-history"><br></div><h2 class="battle-history">Turn 12</h2><div class="spacer battle-history"><br></div><div class="battle-history">Torterra used <strong>Stealth Rock</strong>!<br></div><div class="battle-history"><small>Pointed stones float in the air around the opposing team!</small><br></div><div class="spacer battle-history"><br></div><div class="battle-history">The opposing Gurdurr used <strong>Drain Punch</strong>!<br></div><div class="battle-history"><small>(Torterra lost <abbr title="−96/394">24.4%</abbr> of its health!)</small><br></div><div class="spacer battle-history"><br></div><h2 class="battle-history">Turn 13</h2><div class="spacer battle-history"><br></div><div class="battle-history">Torterra used <strong>Earthquake</strong>!<br></div><div class="battle-history"><small>(The opposing Gurdurr lost <abbr title="−52/374">13.9%</abbr> of its health!)</small><br></div><div class="spacer battle-history"><br></div><div class="battle-history">The opposing Gurdurr used <strong>Bulk Up</strong>!<br></div><div class="battle-history"><small>The opposing Gurdurr's Attack rose!</small><br></div><div class="battle-history"><small>The opposing Gurdurr's Defense rose!</small><br></div><div class="spacer battle-history"><br></div><h2 class="battle-history">Turn 14</h2><div class="spacer battle-history"><br></div><div class="battle-history">Torterra, come back!<br></div><div class="battle-history">Go! Basculin (<strong>Basculin-Blue-Striped</strong>)!<br></div><div class="spacer battle-history"><br></div><div class="battle-history">The opposing Gurdurr used <strong>Drain Punch</strong>!<br></div><div class="battle-history"><small>(Basculin lost <abbr title="−213/281">75.8%</abbr> of its health!)</small><br></div><div class="battle-history"><small>Basculin had its energy drained!</small><br></div><div class="spacer battle-history"><br></div><h2 class="battle-history">Turn 15</h2><div class="spacer battle-history"><br></div><div class="battle-history">The opposing Gurdurr used <strong>Mach Punch</strong>!<br></div><div class="battle-history"><small>(Basculin lost <abbr title="−68/281">24.2%</abbr> of its health!)</small><br></div><div class="spacer battle-history"><br></div><div class="battle-history">Basculin fainted!<br></div><div class="spacer battle-history"><br></div><div class="battle-history">Go! <strong>Ditto</strong>!<br></div><div class="battle-history"><small>[Ditto's Imposter]</small><br>Ditto transformed into Gurdurr!<br></div><div class="spacer battle-history"><br></div><h2 class="battle-history">Turn 16</h2><div class="spacer battle-history"><br></div><div class="battle-history">Ditto used <strong>Drain Punch</strong>!<br></div><div class="battle-history"><small>A critical hit!</small><br></div><div class="battle-history"><small>(The opposing Gurdurr lost <abbr title="−370/374">98.9%</abbr> of its health!)</small><br></div><div class="battle-history"><small>The opposing Gurdurr had its energy drained!</small><br></div><div class="spacer battle-history"><br></div><div class="battle-history">The opposing Gurdurr used <strong>Drain Punch</strong>!<br></div><div class="battle-history"><small>A critical hit!</small><br></div><div class="battle-history"><small>(Ditto lost <abbr title="−300/300">100%</abbr> of its health!)</small><br></div><div class="battle-history"><small>Ditto had its energy drained!</small><br></div><div class="spacer battle-history"><br></div><div class="battle-history">Ditto fainted!<br></div><div class="spacer battle-history"><br></div><div class="battle-history">Go! <strong>Torterra</strong>!<br></div><div class="spacer battle-history"><br></div><h2 class="battle-history">Turn 17</h2><div class="spacer battle-history"><br></div><div class="battle-history">Torterra used <strong>Earthquake</strong>!<br></div><div class="battle-history"><small>(The opposing Gurdurr lost <abbr title="−42/374">11.2%</abbr> of its health!)</small><br></div><div class="spacer battle-history"><br></div><div class="battle-history">The opposing Gurdurr used <strong>Drain Punch</strong>!<br></div><div class="battle-history"><small>(Torterra lost <abbr title="−73/394">18.5%</abbr> of its health!)</small><br></div><div class="battle-history"><small>Torterra had its energy drained!</small><br></div><div class="spacer battle-history"><br></div><div class="battle-history">Torterra fainted!<br></div><div class="spacer battle-history"><br></div><div class="battle-history"><small>Your team's Reflect wore off!</small><br></div><div class="spacer battle-history"><br></div><div class="battle-history">Go! <strong>Linoone</strong>!<br></div><div class="spacer battle-history"><br></div><h2 class="battle-history">Turn 18</h2><div class="spacer battle-history"><br></div><div class="battle-history">Linoone used <strong>Extreme Speed</strong>!<br></div><div class="battle-history"><small>(The opposing Gurdurr lost <abbr title="−28/374">7.5%</abbr> of its health!)</small><br></div><div class="spacer battle-history"><br></div><div class="battle-history">The opposing Gurdurr used <strong>Drain Punch</strong>!<br></div><div class="battle-history"><small>It's super effective!</small><br></div><div class="battle-history"><small>(Linoone lost <abbr title="−298/298">100%</abbr> of its health!)</small><br></div><div class="battle-history"><small>Linoone had its energy drained!</small><br></div><div class="spacer battle-history"><br></div><div class="battle-history">Linoone fainted!<br></div><div class="spacer battle-history"><br></div><div class="battle-history"><strong>TheWholeF'NShow</strong> won the battle!<br></div><div class="chat"><small>bus left.</small></div></div><div class="inner-preempt"></div></div></div>
</div>
<script>
let daily = Math.floor(Date.now()/1000/60/60/24);document.write('<script src="https://play.pokemonshowdown.com/js/replay-embed.js?version'+daily+'"></'+'script>');
</script>
