<!DOCTYPE html>
<meta charset="utf-8" />
<!-- version 1 -->
<title>NU replay: InfiniteCosmos vs. hittboy</title>
<style>
html,body {font-family:Verdana, sans-serif;font-size:10pt;margin:0;padding:0;}body{padding:12px 0;} .battle-log {font-family:Verdana, sans-serif;font-size:10pt;} .battle-log-inline {border:1px solid #AAAAAA;background:#EEF2F5;color:black;max-width:640px;margin:0 auto 80px;padding-bottom:5px;} .battle-log .inner {padding:4px 8px 0px 8px;} .battle-log .inner-preempt {padding:0 8px 4px 8px;} .battle-log .inner-after {margin-top:0.5em;} .battle-log h2 {margin:0.5em -8px;padding:4px 8px;border:1px solid #AAAAAA;background:#E0E7EA;border-left:0;border-right:0;font-family:Verdana, sans-serif;font-size:13pt;} .battle-log .chat {vertical-align:middle;padding:3px 0 3px 0;font-size:8pt;} .battle-log .chat strong {color:#40576A;} .battle-log .chat em {padding:1px 4px 1px 3px;color:#000000;font-style:normal;} .chat.mine {background:rgba(0,0,0,0.05);margin-left:-8px;margin-right:-8px;padding-left:8px;padding-right:8px;} .spoiler {color:#BBBBBB;background:#BBBBBB;padding:0px 3px;} .spoiler:hover, .spoiler:active, .spoiler-shown {color:#000000;background:#E2E2E2;padding:0px 3px;} .spoiler a {color:#BBBBBB;} .spoiler:hover a, .spoiler:active a, .spoiler-shown a {color:#2288CC;} .chat code, .chat .spoiler:hover code, .chat .spoiler:active code, .chat .spoiler-shown code {border:1px solid #C0C0C0;background:#EEEEEE;color:black;padding:0 2px;} .chat .spoiler code {border:1px solid #CCCCCC;background:#CCCCCC;color:#CCCCCC;} .battle-log .rated {padding:3px 4px;} .battle-log .rated strong {color:white;background:#89A;padding:1px 4px;border-radius:4px;} .spacer {margin-top:0.5em;} .message-announce {background:#6688AA;color:white;padding:1px 4px 2px;} .message-announce a, .broadcast-green a, .broadcast-blue a, .broadcast-red a {color:#DDEEFF;} .broadcast-green {background-color:#559955;color:white;padding:2px 4px;} .broadcast-blue {background-color:#6688AA;color:white;padding:2px 4px;} .infobox {border:1px solid #6688AA;padding:2px 4px;} .infobox-limited {max-height:200px;overflow:auto;overflow-x:hidden;} .broadcast-red {background-color:#AA5544;color:white;padding:2px 4px;} .message-learn-canlearn {font-weight:bold;color:#228822;text-decoration:underline;} .message-learn-cannotlearn {font-weight:bold;color:#CC2222;text-decoration:underline;} .message-effect-weak {font-weight:bold;color:#CC2222;} .message-effect-resist {font-weight:bold;color:#6688AA;} .message-effect-immune {font-weight:bold;color:#666666;} .message-learn-list {margin-top:0;margin-bottom:0;} .message-throttle-notice, .message-error {color:#992222;} .message-overflow, .chat small.message-overflow {font-size:0pt;} .message-overflow::before {font-size:9pt;content:'...';} .subtle {color:#3A4A66;}
</style>
<div class="wrapper replay-wrapper" style="max-width:1180px;margin:0 auto">
<input type="hidden" name="replayid" value="nu-537089002" />
<div class="battle"></div><div class="battle-log"></div><div class="replay-controls"></div><div class="replay-controls-2"></div>
<h1 style="font-weight:normal;text-align:center"><strong>NU</strong><br /><a href="http://pokemonshowdown.com/users/infinitecosmos" class="subtle" target="_blank">InfiniteCosmos</a> vs. <a href="http://pokemonshowdown.com/users/hittboy" class="subtle" target="_blank">hittboy</a></h1>
<script type="text/plain" class="battle-log-data">|j|InfiniteCosmos
|j|hittboy
|player|p1|InfiniteCosmos|265
|player|p2|hittboy|169
|gametype|singles
|gen|6
|tier|NU
|rated
|seed|24609,35821,40346,593
|rule|Sleep Clause Mod: Limit one foe put to sleep
|rule|Species Clause: Limit one of each Pokémon
|rule|OHKO Clause: OHKO moves are banned
|rule|Moody Clause: Moody is banned
|rule|Evasion Moves Clause: Evasion moves are banned
|rule|Endless Battle Clause: Forcing endless battles is banned
|rule|HP Percentage Mod: HP is shown in percentages
|clearpoke
|poke|p1|Rhydon, M|item
|poke|p1|Mantine, M|item
|poke|p1|Magmar, F|item
|poke|p1|Vileplume, F|item
|poke|p1|Fearow, M|item
|poke|p1|Claydol|item
|poke|p2|Ferroseed, F|item
|poke|p2|Electivire, M|item
|poke|p2|Gastrodon, M|item
|poke|p2|Gurdurr, M|item
|poke|p2|Swellow, M|item
|poke|p2|Skuntank, M|item
|rule|Swagger Clause: Swagger is banned
|rule|Baton Pass Clause: Limit one Baton Passer, can't pass Spe and other stats simultaneously
|teampreview
|choice|team 6, team 2, team 3, team 4, team 5, team 1|team 4, team 2, team 3, team 1, team 5, team 6
|
|start
|switch|p1a: Claydol|Claydol|293\/293
|switch|p2a: Gurdurr|Gurdurr, M|374\/374
|turn|1
|choice|move earthpower|switch 3
|
|switch|p2a: Gastrodon|Gastrodon, M|426\/426
|move|p1a: Claydol|Earth Power|p2a: Gastrodon
|-damage|p2a: Gastrodon|348\/426
|-unboost|p2a: Gastrodon|spd|1
|
|-heal|p2a: Gastrodon|374\/426|[from] item: Leftovers
|upkeep
|turn|2
|choice|switch 4|switch 2
|
|switch|p1a: Vileplume|Vileplume, F|322\/322
|switch|p2a: Electivire|Electivire, M|291\/291
|
|upkeep
|turn|3
|choice|move gigadrain|move flamethrower
|
|move|p2a: Electivire|Flamethrower|p1a: Vileplume
|-supereffective|p1a: Vileplume
|-damage|p1a: Vileplume|148\/322
|-damage|p2a: Electivire|262\/291|[from] item: Life Orb
|move|p1a: Vileplume|Giga Drain|p2a: Electivire
|-damage|p2a: Electivire|121\/291
|-heal|p1a: Vileplume|219\/322|[from] drain|[of] p2a: Electivire
|
|-heal|p1a: Vileplume|239\/322|[from] item: Black Sludge
|upkeep
|turn|4
|choice|move gigadrain|move voltswitch
|
|move|p2a: Electivire|Volt Switch|p1a: Vileplume
|-resisted|p1a: Vileplume
|-damage|p1a: Vileplume|192\/322
|-damage|p2a: Electivire|92\/291|[from] item: Life Orb
|choice||switch 6
|
|switch|p2a: Skuntank|Skuntank, M|410\/410
|move|p1a: Vileplume|Giga Drain|p2a: Skuntank
|-resisted|p2a: Skuntank
|-damage|p2a: Skuntank|337\/410
|-heal|p1a: Vileplume|229\/322|[from] drain|[of] p2a: Skuntank
|
|-heal|p2a: Skuntank|362\/410|[from] item: Black Sludge
|-heal|p1a: Vileplume|249\/322|[from] item: Black Sludge
|upkeep
|turn|5
|choice|switch 6|move fireblast
|
|switch|p1a: Rhydon|Rhydon, M|383\/383
|move|p2a: Skuntank|Fire Blast|p1a: Rhydon
|-resisted|p1a: Rhydon
|-damage|p1a: Rhydon|320\/383
|
|-heal|p2a: Skuntank|387\/410|[from] item: Black Sludge
|upkeep
|turn|6
|choice|move rockblast|switch 3
|
|switch|p2a: Gurdurr|Gurdurr, M|374\/374
|move|p1a: Rhydon|Rock Blast|p2a: Gurdurr
|-resisted|p2a: Gurdurr
|-damage|p2a: Gurdurr|355\/374
|-resisted|p2a: Gurdurr
|-damage|p2a: Gurdurr|338\/374
|-resisted|p2a: Gurdurr
|-damage|p2a: Gurdurr|321\/374
|-resisted|p2a: Gurdurr
|-damage|p2a: Gurdurr|303\/374
|-hitcount|p2a: Gurdurr|4
|
|upkeep
|turn|7
|choice|switch 6|move bulkup
|
|switch|p1a: Vileplume|Vileplume, F|249\/322
|move|p2a: Gurdurr|Bulk Up|p2a: Gurdurr
|-boost|p2a: Gurdurr|atk|1
|-boost|p2a: Gurdurr|def|1
|
|-heal|p1a: Vileplume|269\/322|[from] item: Black Sludge
|upkeep
|turn|8
|choice|move infestation|move knockoff
|
|move|p1a: Vileplume|Infestation|p2a: Gurdurr
|-resisted|p2a: Gurdurr
|-damage|p2a: Gurdurr|291\/374
|-activate|p2a: Gurdurr|move: Infestation|[of] p1a: Vileplume
|move|p2a: Gurdurr|Knock Off|p1a: Vileplume
|-damage|p1a: Vileplume|115\/322
|-enditem|p1a: Vileplume|Black Sludge|[from] move: Knock Off|[of] p2a: Gurdurr
|
|-damage|p2a: Gurdurr|245\/374|[from] move: Infestation|[partiallytrapped]
|upkeep
|turn|9
|choice|move gigadrain|move drainpunch
|
|move|p1a: Vileplume|Giga Drain|p2a: Gurdurr
|-damage|p2a: Gurdurr|121\/374
|-heal|p1a: Vileplume|177\/322|[from] drain|[of] p2a: Gurdurr
|move|p2a: Gurdurr|Drain Punch|p1a: Vileplume
|-resisted|p1a: Vileplume
|-damage|p1a: Vileplume|86\/322
|-heal|p2a: Gurdurr|167\/374|[from] drain|[of] p1a: Vileplume
|
|-damage|p2a: Gurdurr|121\/374|[from] move: Infestation|[partiallytrapped]
|upkeep
|turn|10
|choice|move gigadrain|move knockoff
|
|move|p1a: Vileplume|Giga Drain|p2a: Gurdurr
|-damage|p2a: Gurdurr|0 fnt
|-heal|p1a: Vileplume|147\/322|[from] drain|[of] p2a: Gurdurr
|faint|p2a: Gurdurr
|
|upkeep
|choice||switch 6
|
|switch|p2a: Electivire|Electivire, M|92\/291
|turn|11
|choice|switch 4|move flamethrower
|
|switch|p1a: Claydol|Claydol|293\/293
|move|p2a: Electivire|Flamethrower|p1a: Claydol
|-damage|p1a: Claydol|242\/293
|-damage|p2a: Electivire|63\/291|[from] item: Life Orb
|
|upkeep
|turn|12
|choice|move psychic|switch 4
|
|switch|p2a: Ferroseed|Ferroseed, F|292\/292
|move|p1a: Claydol|Psychic|p2a: Ferroseed
|-resisted|p2a: Ferroseed
|-damage|p2a: Ferroseed|256\/292
|
|upkeep
|turn|13
|choice|switch 3|move leechseed
|
|switch|p1a: Magmar|Magmar, F|272\/272
|move|p2a: Ferroseed|Leech Seed|p1a: Magmar
|-start|p1a: Magmar|move: Leech Seed
|
|-damage|p1a: Magmar|238\/272|[from] Leech Seed|[of] p2a: Ferroseed
|-heal|p2a: Ferroseed|290\/292|[silent]
|upkeep
|turn|14
|choice|move focuspunch|switch 2
|
|-singleturn|p1a: Magmar|move: Focus Punch
|switch|p2a: Gastrodon|Gastrodon, M|374\/426
|move|p1a: Magmar|Focus Punch|p2a: Gastrodon
|-damage|p2a: Gastrodon|74\/426
|-damage|p1a: Magmar|211\/272|[from] item: Life Orb
|
|-heal|p2a: Gastrodon|100\/426|[from] item: Leftovers
|-damage|p1a: Magmar|177\/272|[from] Leech Seed|[of] p2a: Gastrodon
|-heal|p2a: Gastrodon|134\/426|[silent]
|upkeep
|turn|15
|choice|switch 4|move scald
|
|switch|p1a: Vileplume|Vileplume, F|147\/322
|move|p2a: Gastrodon|Scald|p1a: Vileplume
|-resisted|p1a: Vileplume
|-crit|p1a: Vileplume
|-damage|p1a: Vileplume|93\/322
|
|-heal|p2a: Gastrodon|160\/426|[from] item: Leftovers
|upkeep
|turn|16
|choice|switch 4|switch 2
|
|switch|p1a: Magmar|Magmar, F|177\/272
|switch|p2a: Ferroseed|Ferroseed, F|290\/292
|
|upkeep
|turn|17
|choice|move firepunch|switch 2
|
|switch|p2a: Gastrodon|Gastrodon, M|160\/426
|move|p1a: Magmar|Fire Punch|p2a: Gastrodon
|-resisted|p2a: Gastrodon
|-damage|p2a: Gastrodon|55\/426
|-damage|p1a: Magmar|150\/272|[from] item: Life Orb
|
|-heal|p2a: Gastrodon|81\/426|[from] item: Leftovers
|upkeep
|turn|18
|choice|move firepunch|move recover
|
|move|p1a: Magmar|Fire Punch|p2a: Gastrodon
|-resisted|p2a: Gastrodon
|-damage|p2a: Gastrodon|0 fnt
|-damage|p1a: Magmar|123\/272|[from] item: Life Orb
|faint|p2a: Gastrodon
|
|upkeep
|choice||switch 4
|
|switch|p2a: Electivire|Electivire, M|63\/291
|turn|19
|choice|move machpunch|move wildcharge
|
|move|p1a: Magmar|Mach Punch|p2a: Electivire
|-damage|p2a: Electivire|0 fnt
|-damage|p1a: Magmar|96\/272|[from] item: Life Orb
|faint|p2a: Electivire
|
|upkeep
|choice||switch 3
|
|switch|p2a: Skuntank|Skuntank, M|387\/410
|turn|20
|choice|switch 3|move darkpulse
|
|switch|p1a: Claydol|Claydol|242\/293
|move|p2a: Skuntank|Dark Pulse|p1a: Claydol
|-supereffective|p1a: Claydol
|-damage|p1a: Claydol|128\/293
|
|-heal|p2a: Skuntank|410\/410|[from] item: Black Sludge
|upkeep
|turn|21
|choice|move earthpower|switch 5
|
|switch|p2a: Swellow|Swellow, M|261\/261
|move|p1a: Claydol|Earth Power|p2a: Swellow
|-immune|p2a: Swellow|[msg]
|
|upkeep
|turn|22
|choice|move psychic|move uturn
|
|move|p2a: Swellow|U-turn|p1a: Claydol
|-supereffective|p1a: Claydol
|-damage|p1a: Claydol|50\/293
|choice||switch 5
|
|switch|p2a: Skuntank|Skuntank, M|410\/410
|move|p1a: Claydol|Psychic|p2a: Skuntank
|-immune|p2a: Skuntank|[msg]
|
|upkeep
|turn|23
|choice|move psychic|move darkpulse
|
|move|p2a: Skuntank|Dark Pulse|p1a: Claydol
|-supereffective|p1a: Claydol
|-damage|p1a: Claydol|0 fnt
|faint|p1a: Claydol
|
|upkeep
|choice|switch 2|
|
|switch|p1a: Mantine|Mantine, M|334\/334
|turn|24
|choice|move scald|switch 2
|
|switch|p2a: Ferroseed|Ferroseed, F|290\/292
|move|p1a: Mantine|Scald|p2a: Ferroseed
|-resisted|p2a: Ferroseed
|-crit|p2a: Ferroseed
|-damage|p2a: Ferroseed|245\/292
|
|upkeep
|turn|25
|choice|switch 4|switch 2
|
|switch|p1a: Vileplume|Vileplume, F|93\/322
|switch|p2a: Skuntank|Skuntank, M|410\/410
|
|upkeep
|turn|26
|choice|move gigadrain|move sludgebomb
|
|move|p2a: Skuntank|Sludge Bomb|p1a: Vileplume
|-damage|p1a: Vileplume|0 fnt
|faint|p1a: Vileplume
|
|upkeep
|choice|switch 4|
|
|switch|p1a: Mantine|Mantine, M|334\/334
|turn|27
|choice|move scald|move sludgebomb
|
|move|p2a: Skuntank|Sludge Bomb|p1a: Mantine
|-damage|p1a: Mantine|255\/334
|move|p1a: Mantine|Scald|p2a: Skuntank
|-damage|p2a: Skuntank|287\/410
|
|-heal|p2a: Skuntank|312\/410|[from] item: Black Sludge
|-heal|p1a: Mantine|275\/334|[from] item: Leftovers
|upkeep
|turn|28
|choice|move scald|switch 2
|
|switch|p2a: Ferroseed|Ferroseed, F|245\/292
|move|p1a: Mantine|Scald|p2a: Ferroseed
|-resisted|p2a: Ferroseed
|-damage|p2a: Ferroseed|215\/292
|
|-heal|p1a: Mantine|295\/334|[from] item: Leftovers
|upkeep
|turn|29
|choice|move scald|move stealthrock
|
|move|p1a: Mantine|Scald|p2a: Ferroseed
|-resisted|p2a: Ferroseed
|-damage|p2a: Ferroseed|185\/292
|move|p2a: Ferroseed|Stealth Rock|p1a: Mantine
|-sidestart|p1: InfiniteCosmos|move: Stealth Rock
|
|-heal|p1a: Mantine|315\/334|[from] item: Leftovers
|upkeep
|turn|30
|choice|move defog|move leechseed
|
|move|p1a: Mantine|Defog|p2a: Ferroseed
|-unboost|p2a: Ferroseed|evasion|1
|-sideend|p1: InfiniteCosmos|Stealth Rock|[from] move: Defog|[of] p1a: Mantine
|move|p2a: Ferroseed|Leech Seed|p1a: Mantine
|-start|p1a: Mantine|move: Leech Seed
|
|-heal|p1a: Mantine|334\/334|[from] item: Leftovers
|-damage|p1a: Mantine|293\/334|[from] Leech Seed|[of] p2a: Ferroseed
|-heal|p2a: Ferroseed|226\/292|[silent]
|upkeep
|turn|31
|choice|switch 3|move knockoff
|
|switch|p1a: Magmar|Magmar, F|96\/272
|move|p2a: Ferroseed|Knock Off|p1a: Magmar
|-damage|p1a: Magmar|23\/272
|-enditem|p1a: Magmar|Life Orb|[from] move: Knock Off|[of] p2a: Ferroseed
|
|upkeep
|turn|32
|choice|move firepunch|switch 2
|
|switch|p2a: Skuntank|Skuntank, M|312\/410
|move|p1a: Magmar|Fire Punch|p2a: Skuntank
|-damage|p2a: Skuntank|161\/410
|
|-heal|p2a: Skuntank|186\/410|[from] item: Black Sludge
|upkeep
|turn|33
|choice|switch 3|move sludgebomb
|
|switch|p1a: Mantine|Mantine, M|293\/334
|move|p2a: Skuntank|Sludge Bomb|p1a: Mantine
|-damage|p1a: Mantine|214\/334
|
|-heal|p2a: Skuntank|211\/410|[from] item: Black Sludge
|-heal|p1a: Mantine|234\/334|[from] item: Leftovers
|upkeep
|turn|34
|choice|move scald|switch 2
|
|switch|p2a: Ferroseed|Ferroseed, F|226\/292
|move|p1a: Mantine|Scald|p2a: Ferroseed
|-resisted|p2a: Ferroseed
|-damage|p2a: Ferroseed|196\/292
|
|-heal|p1a: Mantine|254\/334|[from] item: Leftovers
|upkeep
|turn|35
|choice|move scald|move stealthrock
|
|move|p1a: Mantine|Scald|p2a: Ferroseed
|-resisted|p2a: Ferroseed
|-damage|p2a: Ferroseed|166\/292
|move|p2a: Ferroseed|Stealth Rock|p1a: Mantine
|-sidestart|p1: InfiniteCosmos|move: Stealth Rock
|
|-heal|p1a: Mantine|274\/334|[from] item: Leftovers
|upkeep
|turn|36
|choice|move scald|move leechseed
|
|move|p1a: Mantine|Scald|p2a: Ferroseed
|-resisted|p2a: Ferroseed
|-damage|p2a: Ferroseed|136\/292
|move|p2a: Ferroseed|Leech Seed|p1a: Mantine
|-start|p1a: Mantine|move: Leech Seed
|
|-heal|p1a: Mantine|294\/334|[from] item: Leftovers
|-damage|p1a: Mantine|253\/334|[from] Leech Seed|[of] p2a: Ferroseed
|-heal|p2a: Ferroseed|177\/292|[silent]
|upkeep
|turn|37
|choice|move scald|move leechseed
|
|move|p1a: Mantine|Scald|p2a: Ferroseed
|-resisted|p2a: Ferroseed
|-damage|p2a: Ferroseed|144\/292
|move|p2a: Ferroseed|Leech Seed|p1a: Mantine
|-fail|p1a: Mantine
|
|-heal|p1a: Mantine|273\/334|[from] item: Leftovers
|-damage|p1a: Mantine|232\/334|[from] Leech Seed|[of] p2a: Ferroseed
|-heal|p2a: Ferroseed|185\/292|[silent]
|upkeep
|turn|38
|choice|move defog|move knockoff
|
|move|p1a: Mantine|Defog|p2a: Ferroseed
|-unboost|p2a: Ferroseed|evasion|1
|-sideend|p1: InfiniteCosmos|Stealth Rock|[from] move: Defog|[of] p1a: Mantine
|move|p2a: Ferroseed|Knock Off|p1a: Mantine
|-damage|p1a: Mantine|173\/334
|-enditem|p1a: Mantine|Leftovers|[from] move: Knock Off|[of] p2a: Ferroseed
|
|-damage|p1a: Mantine|132\/334|[from] Leech Seed|[of] p2a: Ferroseed
|-heal|p2a: Ferroseed|226\/292|[silent]
|upkeep
|turn|39
|choice|move scald|move leechseed
|
|move|p1a: Mantine|Scald|p2a: Ferroseed
|-resisted|p2a: Ferroseed
|-damage|p2a: Ferroseed|196\/292
|move|p2a: Ferroseed|Leech Seed|p1a: Mantine
|-fail|p1a: Mantine
|
|-damage|p1a: Mantine|91\/334|[from] Leech Seed|[of] p2a: Ferroseed
|-heal|p2a: Ferroseed|237\/292|[silent]
|upkeep
|turn|40
|choice|switch 6|move leechseed
|
|switch|p1a: Rhydon|Rhydon, M|320\/383
|move|p2a: Ferroseed|Leech Seed|p1a: Rhydon
|-start|p1a: Rhydon|move: Leech Seed
|
|-damage|p1a: Rhydon|273\/383|[from] Leech Seed|[of] p2a: Ferroseed
|-heal|p2a: Ferroseed|284\/292|[silent]
|upkeep
|turn|41
|choice|move earthquake|move stealthrock
|
|move|p1a: Rhydon|Earthquake|p2a: Ferroseed
|-damage|p2a: Ferroseed|190\/292
|move|p2a: Ferroseed|Stealth Rock|p1a: Rhydon
|-sidestart|p1: InfiniteCosmos|move: Stealth Rock
|
|-damage|p1a: Rhydon|226\/383|[from] Leech Seed|[of] p2a: Ferroseed
|-heal|p2a: Ferroseed|237\/292|[silent]
|upkeep
|turn|42
|choice|move earthquake|move knockoff
|
|move|p1a: Rhydon|Earthquake|p2a: Ferroseed
|-damage|p2a: Ferroseed|134\/292
|move|p2a: Ferroseed|Knock Off|p1a: Rhydon
|-damage|p1a: Rhydon|205\/383
|-enditem|p1a: Rhydon|Eviolite|[from] move: Knock Off|[of] p2a: Ferroseed
|
|-damage|p1a: Rhydon|158\/383|[from] Leech Seed|[of] p2a: Ferroseed
|-heal|p2a: Ferroseed|181\/292|[silent]
|upkeep
|turn|43
|choice|move earthquake|switch 5
|
|switch|p2a: Swellow|Swellow, M|261\/261
|move|p1a: Rhydon|Earthquake|p2a: Swellow
|-immune|p2a: Swellow|[msg]
|
|-damage|p1a: Rhydon|111\/383|[from] Leech Seed|[of] p2a: Swellow
|upkeep
|turn|44
|choice|move rockblast|move boomburst
|
|move|p2a: Swellow|Boomburst|p1a: Rhydon
|-resisted|p1a: Rhydon
|-damage|p1a: Rhydon|0 fnt
|faint|p1a: Rhydon
|
|upkeep
|l|InfiniteCosmos
|player|p1
|-message|InfiniteCosmos lost due to inactivity.
|
|win|hittboy
|player|p2
|raw|InfiniteCosmos's rating: 1127 &rarr; <strong>1107<\/strong><br \/>(-20 for losing)
|raw|hittboy's rating: 1190 &rarr; <strong>1211<\/strong><br \/>(+21 for winning)</script>
</div>
<div class="battle-log battle-log-inline"><div class="inner"><div class="battle-options"></div><div class="inner"><div class="chat"><small>InfiniteCosmos joined.</small></div><div class="chat"><small>hittboy joined.</small></div><div class=""><small>Format:</small> <br><strong>NU</strong></div><div class="rated"><strong>Rated battle</strong></div><div class=""><small><em>Sleep Clause Mod:</em> Limit one foe put to sleep</small></div><div class=""><small><em>Species Clause:</em> Limit one of each Pokémon</small></div><div class=""><small><em>OHKO Clause:</em> OHKO moves are banned</small></div><div class=""><small><em>Moody Clause:</em> Moody is banned</small></div><div class=""><small><em>Evasion Moves Clause:</em> Evasion moves are banned</small></div><div class=""><small><em>Endless Battle Clause:</em> Forcing endless battles is banned</small></div><div class=""><small><em>HP Percentage Mod:</em> HP is shown in percentages</small></div><div class=""><small><em>Swagger Clause:</em> Swagger is banned</small></div><div class=""><small><em>Baton Pass Clause:</em> Limit one Baton Passer, can't pass Spe and other stats simultaneously</small></div><div class="chat battle-history"><strong>InfiniteCosmos's team:</strong> <em style="color:#445566;display:block;">Rhydon / Mantine / Magmar / Vileplume / Fearow / Claydol</em></div><div class="chat battle-history"><strong>hittboy's team:</strong> <em style="color:#445566;display:block;">Ferroseed / Electivire / Gastrodon / Gurdurr / Swellow / Skuntank</em></div><div class="spacer battle-history"><br></div><div class="battle-history">Battle started between InfiniteCosmos and hittboy!<br></div><div class="spacer battle-history"><br></div><div class="battle-history">Go! <strong>Claydol</strong>!<br></div><div class="spacer battle-history"><br></div><div class="battle-history">hittboy sent out <strong>Gurdurr</strong>!<br></div><div class="spacer battle-history"><br></div><h2 class="battle-history">Turn 1</h2><div class="spacer battle-history"><br></div><div class="battle-history">hittboy withdrew Gurdurr!<br></div><div class="battle-history">hittboy sent out <strong>Gastrodon</strong>!<br></div><div class="spacer battle-history"><br></div><div class="battle-history">Claydol used <strong>Earth Power</strong>!<br></div><div class="battle-history"><small>(The opposing Gastrodon lost <abbr title="−78/426">18.3%</abbr> of its health!)</small><br></div><div class="battle-history"><small>The opposing Gastrodon's Special Defense fell!</small><br></div><div class="spacer battle-history"><br></div><div class="battle-history"><small>The opposing Gastrodon restored a little HP using its Leftovers!</small><br></div><div class="spacer battle-history"><br></div><h2 class="battle-history">Turn 2</h2><div class="spacer battle-history"><br></div><div class="battle-history">Claydol, come back!<br></div><div class="battle-history">Go! <strong>Vileplume</strong>!<br></div><div class="spacer battle-history"><br></div><div class="battle-history">hittboy withdrew Gastrodon!<br></div><div class="battle-history">hittboy sent out <strong>Electivire</strong>!<br></div><div class="spacer battle-history"><br></div><h2 class="battle-history">Turn 3</h2><div class="spacer battle-history"><br></div><div class="battle-history">The opposing Electivire used <strong>Flamethrower</strong>!<br></div><div class="battle-history"><small>It's super effective!</small><br></div><div class="battle-history"><small>(Vileplume lost <abbr title="−174/322">54.0%</abbr> of its health!)</small><br></div><div class="battle-history"><small>The opposing Electivire lost some of its HP!</small><br></div><div class="spacer battle-history"><br></div><div class="battle-history">Vileplume used <strong>Giga Drain</strong>!<br></div><div class="battle-history"><small>(The opposing Electivire lost <abbr title="−141/291">48.5%</abbr> of its health!)</small><br></div><div class="battle-history"><small>The opposing Electivire had its energy drained!</small><br></div><div class="spacer battle-history"><br></div><div class="battle-history"><small>Vileplume restored a little HP using its Black Sludge!</small><br></div><div class="spacer battle-history"><br></div><h2 class="battle-history">Turn 4</h2><div class="spacer battle-history"><br></div><div class="battle-history">The opposing Electivire used <strong>Volt Switch</strong>!<br></div><div class="battle-history"><small>It's not very effective...</small><br></div><div class="battle-history"><small>(Vileplume lost <abbr title="−47/322">14.6%</abbr> of its health!)</small><br></div><div class="battle-history"><small>The opposing Electivire lost some of its HP!</small><br></div><div class="spacer battle-history"><br></div><div class="battle-history">The opposing Electivire went back to hittboy!<br></div><div class="battle-history">hittboy sent out <strong>Skuntank</strong>!<br></div><div class="spacer battle-history"><br></div><div class="battle-history">Vileplume used <strong>Giga Drain</strong>!<br></div><div class="battle-history"><small>It's not very effective...</small><br></div><div class="battle-history"><small>(The opposing Skuntank lost <abbr title="−73/410">17.8%</abbr> of its health!)</small><br></div><div class="battle-history"><small>The opposing Skuntank had its energy drained!</small><br></div><div class="spacer battle-history"><br></div><div class="battle-history"><small>The opposing Skuntank restored a little HP using its Black Sludge!</small><br></div><div class="battle-history"><small>Vileplume restored a little HP using its Black Sludge!</small><br></div><div class="spacer battle-history"><br></div><h2 class="battle-history">Turn 5</h2><div class="spacer battle-history"><br></div><div class="battle-history">Vileplume, come back!<br></div><div class="battle-history">Go! <strong>Rhydon</strong>!<br></div><div class="spacer battle-history"><br></div><div class="battle-history">The opposing Skuntank used <strong>Fire Blast</strong>!<br></div><div class="battle-history"><small>It's not very effective...</small><br></div><div class="battle-history"><small>(Rhydon lost <abbr title="−63/383">16.4%</abbr> of its health!)</small><br></div><div class="spacer battle-history"><br></div><div class="battle-history"><small>The opposing Skuntank restored a little HP using its Black Sludge!</small><br></div><div class="spacer battle-history"><br></div><h2 class="battle-history">Turn 6</h2><div class="spacer battle-history"><br></div><div class="battle-history">hittboy withdrew Skuntank!<br></div><div class="battle-history">hittboy sent out <strong>Gurdurr</strong>!<br></div><div class="spacer battle-history"><br></div><div class="battle-history">Rhydon used <strong>Rock Blast</strong>!<br></div><div class="battle-history"><small>It's not very effective...</small><br></div><div class="battle-history"><small>(The opposing Gurdurr lost <abbr title="−19/374">5.1%</abbr> of its health!)</small><br></div><div class="battle-history"><small>It's not very effective...</small><br></div><div class="battle-history"><small>(The opposing Gurdurr lost <abbr title="−17/374">4.5%</abbr> of its health!)</small><br></div><div class="battle-history"><small>It's not very effective...</small><br></div><div class="battle-history"><small>(The opposing Gurdurr lost <abbr title="−17/374">4.5%</abbr> of its health!)</small><br></div><div class="battle-history"><small>It's not very effective...</small><br></div><div class="battle-history"><small>(The opposing Gurdurr lost <abbr title="−18/374">4.8%</abbr> of its health!)</small><br></div><div class="battle-history"><small>Hit 4 times!</small><br></div><div class="spacer battle-history"><br></div><h2 class="battle-history">Turn 7</h2><div class="spacer battle-history"><br></div><div class="battle-history">Rhydon, come back!<br></div><div class="battle-history">Go! <strong>Vileplume</strong>!<br></div><div class="spacer battle-history"><br></div><div class="battle-history">The opposing Gurdurr used <strong>Bulk Up</strong>!<br></div><div class="battle-history"><small>The opposing Gurdurr's Attack rose!</small><br></div><div class="battle-history"><small>The opposing Gurdurr's Defense rose!</small><br></div><div class="spacer battle-history"><br></div><div class="battle-history"><small>Vileplume restored a little HP using its Black Sludge!</small><br></div><div class="spacer battle-history"><br></div><h2 class="battle-history">Turn 8</h2><div class="spacer battle-history"><br></div><div class="battle-history">Vileplume used <strong>Infestation</strong>!<br></div><div class="battle-history"><small>It's not very effective...</small><br></div><div class="battle-history"><small>(The opposing Gurdurr lost <abbr title="−12/374">3.2%</abbr> of its health!)</small><br></div><div class="battle-history"><small>The opposing Gurdurr has been afflicted with an infestation by Vileplume!</small><br></div><div class="spacer battle-history"><br></div><div class="battle-history">The opposing Gurdurr used <strong>Knock Off</strong>!<br></div><div class="battle-history"><small>(Vileplume lost <abbr title="−154/322">47.8%</abbr> of its health!)</small><br></div><div class="battle-history"><small>The opposing Gurdurr knocked off Vileplume's Black Sludge!</small><br></div><div class="spacer battle-history"><br></div><div class="battle-history"><small>The opposing Gurdurr is hurt by Infestation!</small><br></div><div class="spacer battle-history"><br></div><h2 class="battle-history">Turn 9</h2><div class="spacer battle-history"><br></div><div class="battle-history">Vileplume used <strong>Giga Drain</strong>!<br></div><div class="battle-history"><small>(The opposing Gurdurr lost <abbr title="−124/374">33.2%</abbr> of its health!)</small><br></div><div class="battle-history"><small>The opposing Gurdurr had its energy drained!</small><br></div><div class="spacer battle-history"><br></div><div class="battle-history">The opposing Gurdurr used <strong>Drain Punch</strong>!<br></div><div class="battle-history"><small>It's not very effective...</small><br></div><div class="battle-history"><small>(Vileplume lost <abbr title="−91/322">28.3%</abbr> of its health!)</small><br></div><div class="battle-history"><small>Vileplume had its energy drained!</small><br></div><div class="spacer battle-history"><br></div><div class="battle-history"><small>The opposing Gurdurr is hurt by Infestation!</small><br></div><div class="spacer battle-history"><br></div><h2 class="battle-history">Turn 10</h2><div class="spacer battle-history"><br></div><div class="battle-history">Vileplume used <strong>Giga Drain</strong>!<br></div><div class="battle-history"><small>(The opposing Gurdurr lost <abbr title="−121/374">32.4%</abbr> of its health!)</small><br></div><div class="battle-history"><small>The opposing Gurdurr had its energy drained!</small><br></div><div class="spacer battle-history"><br></div><div class="battle-history">The opposing Gurdurr fainted!<br></div><div class="spacer battle-history"><br></div><div class="battle-history">hittboy sent out <strong>Electivire</strong>!<br></div><div class="spacer battle-history"><br></div><h2 class="battle-history">Turn 11</h2><div class="spacer battle-history"><br></div><div class="battle-history">Vileplume, come back!<br></div><div class="battle-history">Go! <strong>Claydol</strong>!<br></div><div class="spacer battle-history"><br></div><div class="battle-history">The opposing Electivire used <strong>Flamethrower</strong>!<br></div><div class="battle-history"><small>(Claydol lost <abbr title="−51/293">17.4%</abbr> of its health!)</small><br></div><div class="battle-history"><small>The opposing Electivire lost some of its HP!</small><br></div><div class="spacer battle-history"><br></div><h2 class="battle-history">Turn 12</h2><div class="spacer battle-history"><br></div><div class="battle-history">hittboy withdrew Electivire!<br></div><div class="battle-history">hittboy sent out <strong>Ferroseed</strong>!<br></div><div class="spacer battle-history"><br></div><div class="battle-history">Claydol used <strong>Psychic</strong>!<br></div><div class="battle-history"><small>It's not very effective...</small><br></div><div class="battle-history"><small>(The opposing Ferroseed lost <abbr title="−36/292">12.3%</abbr> of its health!)</small><br></div><div class="spacer battle-history"><br></div><h2 class="battle-history">Turn 13</h2><div class="spacer battle-history"><br></div><div class="battle-history">Claydol, come back!<br></div><div class="battle-history">Go! <strong>Magmar</strong>!<br></div><div class="spacer battle-history"><br></div><div class="battle-history">The opposing Ferroseed used <strong>Leech Seed</strong>!<br></div><div class="battle-history"><small>Magmar was seeded!</small><br></div><div class="spacer battle-history"><br></div><div class="battle-history"><small>Magmar's health is sapped by Leech Seed!</small><br></div><div class="spacer battle-history"><br></div><h2 class="battle-history">Turn 14</h2><div class="spacer battle-history"><br></div><div class="battle-history"><small>Magmar is tightening its focus!</small><br></div><div class="spacer battle-history"><br></div><div class="battle-history">hittboy withdrew Ferroseed!<br></div><div class="battle-history">hittboy sent out <strong>Gastrodon</strong>!<br></div><div class="spacer battle-history"><br></div><div class="battle-history">Magmar used <strong>Focus Punch</strong>!<br></div><div class="battle-history"><small>(The opposing Gastrodon lost <abbr title="−300/426">70.4%</abbr> of its health!)</small><br></div><div class="battle-history"><small>Magmar lost some of its HP!</small><br></div><div class="spacer battle-history"><br></div><div class="battle-history"><small>The opposing Gastrodon restored a little HP using its Leftovers!</small><br></div><div class="battle-history"><small>Magmar's health is sapped by Leech Seed!</small><br></div><div class="spacer battle-history"><br></div><h2 class="battle-history">Turn 15</h2><div class="spacer battle-history"><br></div><div class="battle-history">Magmar, come back!<br></div><div class="battle-history">Go! <strong>Vileplume</strong>!<br></div><div class="spacer battle-history"><br></div><div class="battle-history">The opposing Gastrodon used <strong>Scald</strong>!<br></div><div class="battle-history"><small>It's not very effective...</small><br></div><div class="battle-history"><small>A critical hit!</small><br></div><div class="battle-history"><small>(Vileplume lost <abbr title="−54/322">16.8%</abbr> of its health!)</small><br></div><div class="spacer battle-history"><br></div><div class="battle-history"><small>The opposing Gastrodon restored a little HP using its Leftovers!</small><br></div><div class="spacer battle-history"><br></div><h2 class="battle-history">Turn 16</h2><div class="spacer battle-history"><br></div><div class="battle-history">Vileplume, come back!<br></div><div class="battle-history">Go! <strong>Magmar</strong>!<br></div><div class="spacer battle-history"><br></div><div class="battle-history">hittboy withdrew Gastrodon!<br></div><div class="battle-history">hittboy sent out <strong>Ferroseed</strong>!<br></div><div class="spacer battle-history"><br></div><h2 class="battle-history">Turn 17</h2><div class="spacer battle-history"><br></div><div class="battle-history">hittboy withdrew Ferroseed!<br></div><div class="battle-history">hittboy sent out <strong>Gastrodon</strong>!<br></div><div class="spacer battle-history"><br></div><div class="battle-history">Magmar used <strong>Fire Punch</strong>!<br></div><div class="battle-history"><small>It's not very effective...</small><br></div><div class="battle-history"><small>(The opposing Gastrodon lost <abbr title="−105/426">24.6%</abbr> of its health!)</small><br></div><div class="battle-history"><small>Magmar lost some of its HP!</small><br></div><div class="spacer battle-history"><br></div><div class="battle-history"><small>The opposing Gastrodon restored a little HP using its Leftovers!</small><br></div><div class="spacer battle-history"><br></div><h2 class="battle-history">Turn 18</h2><div class="spacer battle-history"><br></div><div class="battle-history">Magmar used <strong>Fire Punch</strong>!<br></div><div class="battle-history"><small>It's not very effective...</small><br></div><div class="battle-history"><small>(The opposing Gastrodon lost <abbr title="−81/426">19.0%</abbr> of its health!)</small><br></div><div class="battle-history"><small>Magmar lost some of its HP!</small><br></div><div class="spacer battle-history"><br></div><div class="battle-history">The opposing Gastrodon fainted!<br></div><div class="spacer battle-history"><br></div><div class="battle-history">hittboy sent out <strong>Electivire</strong>!<br></div><div class="spacer battle-history"><br></div><h2 class="battle-history">Turn 19</h2><div class="spacer battle-history"><br></div><div class="battle-history">Magmar used <strong>Mach Punch</strong>!<br></div><div class="battle-history"><small>(The opposing Electivire lost <abbr title="−63/291">21.6%</abbr> of its health!)</small><br></div><div class="battle-history"><small>Magmar lost some of its HP!</small><br></div><div class="spacer battle-history"><br></div><div class="battle-history">The opposing Electivire fainted!<br></div><div class="spacer battle-history"><br></div><div class="battle-history">hittboy sent out <strong>Skuntank</strong>!<br></div><div class="spacer battle-history"><br></div><h2 class="battle-history">Turn 20</h2><div class="spacer battle-history"><br></div><div class="battle-history">Magmar, come back!<br></div><div class="battle-history">Go! <strong>Claydol</strong>!<br></div><div class="spacer battle-history"><br></div><div class="battle-history">The opposing Skuntank used <strong>Dark Pulse</strong>!<br></div><div class="battle-history"><small>It's super effective!</small><br></div><div class="battle-history"><small>(Claydol lost <abbr title="−114/293">38.9%</abbr> of its health!)</small><br></div><div class="spacer battle-history"><br></div><div class="battle-history"><small>The opposing Skuntank restored a little HP using its Black Sludge!</small><br></div><div class="spacer battle-history"><br></div><h2 class="battle-history">Turn 21</h2><div class="spacer battle-history"><br></div><div class="battle-history">hittboy withdrew Skuntank!<br></div><div class="battle-history">hittboy sent out <strong>Swellow</strong>!<br></div><div class="spacer battle-history"><br></div><div class="battle-history">Claydol used <strong>Earth Power</strong>!<br></div><div class="battle-history"><small>It doesn't affect the opposing Swellow...</small><br></div><div class="spacer battle-history"><br></div><h2 class="battle-history">Turn 22</h2><div class="spacer battle-history"><br></div><div class="battle-history">The opposing Swellow used <strong>U-turn</strong>!<br></div><div class="battle-history"><small>It's super effective!</small><br></div><div class="battle-history"><small>(Claydol lost <abbr title="−78/293">26.6%</abbr> of its health!)</small><br></div><div class="spacer battle-history"><br></div><div class="battle-history">The opposing Swellow went back to hittboy!<br></div><div class="battle-history">hittboy sent out <strong>Skuntank</strong>!<br></div><div class="spacer battle-history"><br></div><div class="battle-history">Claydol used <strong>Psychic</strong>!<br></div><div class="battle-history"><small>It doesn't affect the opposing Skuntank...</small><br></div><div class="spacer battle-history"><br></div><h2 class="battle-history">Turn 23</h2><div class="spacer battle-history"><br></div><div class="battle-history">The opposing Skuntank used <strong>Dark Pulse</strong>!<br></div><div class="battle-history"><small>It's super effective!</small><br></div><div class="battle-history"><small>(Claydol lost <abbr title="−50/293">17.1%</abbr> of its health!)</small><br></div><div class="spacer battle-history"><br></div><div class="battle-history">Claydol fainted!<br></div><div class="spacer battle-history"><br></div><div class="battle-history">Go! <strong>Mantine</strong>!<br></div><div class="spacer battle-history"><br></div><h2 class="battle-history">Turn 24</h2><div class="spacer battle-history"><br></div><div class="battle-history">hittboy withdrew Skuntank!<br></div><div class="battle-history">hittboy sent out <strong>Ferroseed</strong>!<br></div><div class="spacer battle-history"><br></div><div class="battle-history">Mantine used <strong>Scald</strong>!<br></div><div class="battle-history"><small>It's not very effective...</small><br></div><div class="battle-history"><small>A critical hit!</small><br></div><div class="battle-history"><small>(The opposing Ferroseed lost <abbr title="−45/292">15.4%</abbr> of its health!)</small><br></div><div class="spacer battle-history"><br></div><h2 class="battle-history">Turn 25</h2><div class="spacer battle-history"><br></div><div class="battle-history">Mantine, come back!<br></div><div class="battle-history">Go! <strong>Vileplume</strong>!<br></div><div class="spacer battle-history"><br></div><div class="battle-history">hittboy withdrew Ferroseed!<br></div><div class="battle-history">hittboy sent out <strong>Skuntank</strong>!<br></div><div class="spacer battle-history"><br></div><h2 class="battle-history">Turn 26</h2><div class="spacer battle-history"><br></div><div class="battle-history">The opposing Skuntank used <strong>Sludge Bomb</strong>!<br></div><div class="battle-history"><small>(Vileplume lost <abbr title="−93/322">28.9%</abbr> of its health!)</small><br></div><div class="spacer battle-history"><br></div><div class="battle-history">Vileplume fainted!<br></div><div class="spacer battle-history"><br></div><div class="battle-history">Go! <strong>Mantine</strong>!<br></div><div class="spacer battle-history"><br></div><h2 class="battle-history">Turn 27</h2><div class="spacer battle-history"><br></div><div class="battle-history">The opposing Skuntank used <strong>Sludge Bomb</strong>!<br></div><div class="battle-history"><small>(Mantine lost <abbr title="−79/334">23.7%</abbr> of its health!)</small><br></div><div class="spacer battle-history"><br></div><div class="battle-history">Mantine used <strong>Scald</strong>!<br></div><div class="battle-history"><small>(The opposing Skuntank lost <abbr title="−123/410">30%</abbr> of its health!)</small><br></div><div class="spacer battle-history"><br></div><div class="battle-history"><small>The opposing Skuntank restored a little HP using its Black Sludge!</small><br></div><div class="battle-history"><small>Mantine restored a little HP using its Leftovers!</small><br></div><div class="spacer battle-history"><br></div><h2 class="battle-history">Turn 28</h2><div class="spacer battle-history"><br></div><div class="battle-history">hittboy withdrew Skuntank!<br></div><div class="battle-history">hittboy sent out <strong>Ferroseed</strong>!<br></div><div class="spacer battle-history"><br></div><div class="battle-history">Mantine used <strong>Scald</strong>!<br></div><div class="battle-history"><small>It's not very effective...</small><br></div><div class="battle-history"><small>(The opposing Ferroseed lost <abbr title="−30/292">10.3%</abbr> of its health!)</small><br></div><div class="spacer battle-history"><br></div><div class="battle-history"><small>Mantine restored a little HP using its Leftovers!</small><br></div><div class="spacer battle-history"><br></div><h2 class="battle-history">Turn 29</h2><div class="spacer battle-history"><br></div><div class="battle-history">Mantine used <strong>Scald</strong>!<br></div><div class="battle-history"><small>It's not very effective...</small><br></div><div class="battle-history"><small>(The opposing Ferroseed lost <abbr title="−30/292">10.3%</abbr> of its health!)</small><br></div><div class="spacer battle-history"><br></div><div class="battle-history">The opposing Ferroseed used <strong>Stealth Rock</strong>!<br></div><div class="battle-history"><small>Pointed stones float in the air around your team!</small><br></div><div class="spacer battle-history"><br></div><div class="battle-history"><small>Mantine restored a little HP using its Leftovers!</small><br></div><div class="spacer battle-history"><br></div><h2 class="battle-history">Turn 30</h2><div class="spacer battle-history"><br></div><div class="battle-history">Mantine used <strong>Defog</strong>!<br></div><div class="battle-history"><small>The opposing Ferroseed's evasiveness fell!</small><br></div><div class="battle-history"><small>The pointed stones disappeared from around your team!</small><br></div><div class="spacer battle-history"><br></div><div class="battle-history">The opposing Ferroseed used <strong>Leech Seed</strong>!<br></div><div class="battle-history"><small>Mantine was seeded!</small><br></div><div class="spacer battle-history"><br></div><div class="battle-history"><small>Mantine restored a little HP using its Leftovers!</small><br></div><div class="battle-history"><small>Mantine's health is sapped by Leech Seed!</small><br></div><div class="spacer battle-history"><br></div><h2 class="battle-history">Turn 31</h2><div class="spacer battle-history"><br></div><div class="battle-history">Mantine, come back!<br></div><div class="battle-history">Go! <strong>Magmar</strong>!<br></div><div class="spacer battle-history"><br></div><div class="battle-history">The opposing Ferroseed used <strong>Knock Off</strong>!<br></div><div class="battle-history"><small>(Magmar lost <abbr title="−73/272">26.8%</abbr> of its health!)</small><br></div><div class="battle-history"><small>The opposing Ferroseed knocked off Magmar's Life Orb!</small><br></div><div class="spacer battle-history"><br></div><h2 class="battle-history">Turn 32</h2><div class="spacer battle-history"><br></div><div class="battle-history">hittboy withdrew Ferroseed!<br></div><div class="battle-history">hittboy sent out <strong>Skuntank</strong>!<br></div><div class="spacer battle-history"><br></div><div class="battle-history">Magmar used <strong>Fire Punch</strong>!<br></div><div class="battle-history"><small>(The opposing Skuntank lost <abbr title="−151/410">36.8%</abbr> of its health!)</small><br></div><div class="spacer battle-history"><br></div><div class="battle-history"><small>The opposing Skuntank restored a little HP using its Black Sludge!</small><br></div><div class="spacer battle-history"><br></div><h2 class="battle-history">Turn 33</h2><div class="spacer battle-history"><br></div><div class="battle-history">Magmar, come back!<br></div><div class="battle-history">Go! <strong>Mantine</strong>!<br></div><div class="spacer battle-history"><br></div><div class="battle-history">The opposing Skuntank used <strong>Sludge Bomb</strong>!<br></div><div class="battle-history"><small>(Mantine lost <abbr title="−79/334">23.7%</abbr> of its health!)</small><br></div><div class="spacer battle-history"><br></div><div class="battle-history"><small>The opposing Skuntank restored a little HP using its Black Sludge!</small><br></div><div class="battle-history"><small>Mantine restored a little HP using its Leftovers!</small><br></div><div class="spacer battle-history"><br></div><h2 class="battle-history">Turn 34</h2><div class="spacer battle-history"><br></div><div class="battle-history">hittboy withdrew Skuntank!<br></div><div class="battle-history">hittboy sent out <strong>Ferroseed</strong>!<br></div><div class="spacer battle-history"><br></div><div class="battle-history">Mantine used <strong>Scald</strong>!<br></div><div class="battle-history"><small>It's not very effective...</small><br></div><div class="battle-history"><small>(The opposing Ferroseed lost <abbr title="−30/292">10.3%</abbr> of its health!)</small><br></div><div class="spacer battle-history"><br></div><div class="battle-history"><small>Mantine restored a little HP using its Leftovers!</small><br></div><div class="spacer battle-history"><br></div><h2 class="battle-history">Turn 35</h2><div class="spacer battle-history"><br></div><div class="battle-history">Mantine used <strong>Scald</strong>!<br></div><div class="battle-history"><small>It's not very effective...</small><br></div><div class="battle-history"><small>(The opposing Ferroseed lost <abbr title="−30/292">10.3%</abbr> of its health!)</small><br></div><div class="spacer battle-history"><br></div><div class="battle-history">The opposing Ferroseed used <strong>Stealth Rock</strong>!<br></div><div class="battle-history"><small>Pointed stones float in the air around your team!</small><br></div><div class="spacer battle-history"><br></div><div class="battle-history"><small>Mantine restored a little HP using its Leftovers!</small><br></div><div class="spacer battle-history"><br></div><h2 class="battle-history">Turn 36</h2><div class="spacer battle-history"><br></div><div class="battle-history">Mantine used <strong>Scald</strong>!<br></div><div class="battle-history"><small>It's not very effective...</small><br></div><div class="battle-history"><small>(The opposing Ferroseed lost <abbr title="−30/292">10.3%</abbr> of its health!)</small><br></div><div class="spacer battle-history"><br></div><div class="battle-history">The opposing Ferroseed used <strong>Leech Seed</strong>!<br></div><div class="battle-history"><small>Mantine was seeded!</small><br></div><div class="spacer battle-history"><br></div><div class="battle-history"><small>Mantine restored a little HP using its Leftovers!</small><br></div><div class="battle-history"><small>Mantine's health is sapped by Leech Seed!</small><br></div><div class="spacer battle-history"><br></div><h2 class="battle-history">Turn 37</h2><div class="spacer battle-history"><br></div><div class="battle-history">Mantine used <strong>Scald</strong>!<br></div><div class="battle-history"><small>It's not very effective...</small><br></div><div class="battle-history"><small>(The opposing Ferroseed lost <abbr title="−33/292">11.3%</abbr> of its health!)</small><br></div><div class="spacer battle-history"><br></div><div class="battle-history">The opposing Ferroseed used <strong>Leech Seed</strong>!<br></div><div class="battle-history"><small>But it failed!</small><br></div><div class="spacer battle-history"><br></div><div class="battle-history"><small>Mantine restored a little HP using its Leftovers!</small><br></div><div class="battle-history"><small>Mantine's health is sapped by Leech Seed!</small><br></div><div class="spacer battle-history"><br></div><h2 class="battle-history">Turn 38</h2><div class="spacer battle-history"><br></div><div class="battle-history">Mantine used <strong>Defog</strong>!<br></div><div class="battle-history"><small>The opposing Ferroseed's evasiveness fell!</small><br></div><div class="battle-history"><small>The pointed stones disappeared from around your team!</small><br></div><div class="spacer battle-history"><br></div><div class="battle-history">The opposing Ferroseed used <strong>Knock Off</strong>!<br></div><div class="battle-history"><small>(Mantine lost <abbr title="−59/334">17.7%</abbr> of its health!)</small><br></div><div class="battle-history"><small>The opposing Ferroseed knocked off Mantine's Leftovers!</small><br></div><div class="spacer battle-history"><br></div><div class="battle-history"><small>Mantine's health is sapped by Leech Seed!</small><br></div><div class="spacer battle-history"><br></div><h2 class="battle-history">Turn 39</h2><div class="spacer battle-history"><br></div><div class="battle-history">Mantine used <strong>Scald</strong>!<br></div><div class="battle-history"><small>It's not very effective...</small><br></div><div class="battle-history"><small>(The opposing Ferroseed lost <abbr title="−30/292">10.3%</abbr> of its health!)</small><br></div><div class="spacer battle-history"><br></div><div class="battle-history">The opposing Ferroseed used <strong>Leech Seed</strong>!<br></div><div class="battle-history"><small>But it failed!</small><br></div><div class="spacer battle-history"><br></div><div class="battle-history"><small>Mantine's health is sapped by Leech Seed!</small><br></div><div class="spacer battle-history"><br></div><h2 class="battle-history">Turn 40</h2><div class="spacer battle-history"><br></div><div class="battle-history">Mantine, come back!<br></div><div class="battle-history">Go! <strong>Rhydon</strong>!<br></div><div class="spacer battle-history"><br></div><div class="battle-history">The opposing Ferroseed used <strong>Leech Seed</strong>!<br></div><div class="battle-history"><small>Rhydon was seeded!</small><br></div><div class="spacer battle-history"><br></div><div class="battle-history"><small>Rhydon's health is sapped by Leech Seed!</small><br></div><div class="spacer battle-history"><br></div><h2 class="battle-history">Turn 41</h2><div class="spacer battle-history"><br></div><div class="battle-history">Rhydon used <strong>Earthquake</strong>!<br></div><div class="battle-history"><small>(The opposing Ferroseed lost <abbr title="−94/292">32.2%</abbr> of its health!)</small><br></div><div class="spacer battle-history"><br></div><div class="battle-history">The opposing Ferroseed used <strong>Stealth Rock</strong>!<br></div><div class="battle-history"><small>Pointed stones float in the air around your team!</small><br></div><div class="spacer battle-history"><br></div><div class="battle-history"><small>Rhydon's health is sapped by Leech Seed!</small><br></div><div class="spacer battle-history"><br></div><h2 class="battle-history">Turn 42</h2><div class="spacer battle-history"><br></div><div class="battle-history">Rhydon used <strong>Earthquake</strong>!<br></div><div class="battle-history"><small>(The opposing Ferroseed lost <abbr title="−103/292">35.3%</abbr> of its health!)</small><br></div><div class="spacer battle-history"><br></div><div class="battle-history">The opposing Ferroseed used <strong>Knock Off</strong>!<br></div><div class="battle-history"><small>(Rhydon lost <abbr title="−21/383">5.5%</abbr> of its health!)</small><br></div><div class="battle-history"><small>The opposing Ferroseed knocked off Rhydon's Eviolite!</small><br></div><div class="spacer battle-history"><br></div><div class="battle-history"><small>Rhydon's health is sapped by Leech Seed!</small><br></div><div class="spacer battle-history"><br></div><h2 class="battle-history">Turn 43</h2><div class="spacer battle-history"><br></div><div class="battle-history">hittboy withdrew Ferroseed!<br></div><div class="battle-history">hittboy sent out <strong>Swellow</strong>!<br></div><div class="spacer battle-history"><br></div><div class="battle-history">Rhydon used <strong>Earthquake</strong>!<br></div><div class="battle-history"><small>It doesn't affect the opposing Swellow...</small><br></div><div class="spacer battle-history"><br></div><div class="battle-history"><small>Rhydon's health is sapped by Leech Seed!</small><br></div><div class="spacer battle-history"><br></div><h2 class="battle-history">Turn 44</h2><div class="spacer battle-history"><br></div><div class="battle-history">The opposing Swellow used <strong>Boomburst</strong>!<br></div><div class="battle-history"><small>It's not very effective...</small><br></div><div class="battle-history"><small>(Rhydon lost <abbr title="−111/383">29.0%</abbr> of its health!)</small><br></div><div class="spacer battle-history"><br></div><div class="battle-history">Rhydon fainted!<br></div><div class="chat"><small>InfiniteCosmos left.</small></div><div class="spacer battle-history"><br></div><div class="battle-history"><small>InfiniteCosmos lost due to inactivity.</small><br></div><div class="spacer battle-history"><br></div><div class="battle-history"><strong>hittboy</strong> won the battle!<br></div><div class="chat">InfiniteCosmos's rating: 1127 → <strong>1107</strong><br>(-20 for losing)</div><div class="chat">hittboy's rating: 1190 → <strong>1211</strong><br>(+21 for winning)</div></div><div class="inner-preempt"></div></div></div>
</div>
<script>
let daily = Math.floor(Date.now()/1000/60/60/24);document.write('<script src="https://play.pokemonshowdown.com/js/replay-embed.js?version'+daily+'"></'+'script>');
</script>
