<!DOCTYPE html>
<meta charset="utf-8" />
<!-- version 1 -->
<title>NU replay: Dj Breloominati♬ vs. Brawlolololol</title>
<style>
html,body {font-family:Verdana, sans-serif;font-size:10pt;margin:0;padding:0;}body{padding:12px 0;} .battle-log {font-family:Verdana, sans-serif;font-size:10pt;} .battle-log-inline {border:1px solid #AAAAAA;background:#EEF2F5;color:black;max-width:640px;margin:0 auto 80px;padding-bottom:5px;} .battle-log .inner {padding:4px 8px 0px 8px;} .battle-log .inner-preempt {padding:0 8px 4px 8px;} .battle-log .inner-after {margin-top:0.5em;} .battle-log h2 {margin:0.5em -8px;padding:4px 8px;border:1px solid #AAAAAA;background:#E0E7EA;border-left:0;border-right:0;font-family:Verdana, sans-serif;font-size:13pt;} .battle-log .chat {vertical-align:middle;padding:3px 0 3px 0;font-size:8pt;} .battle-log .chat strong {color:#40576A;} .battle-log .chat em {padding:1px 4px 1px 3px;color:#000000;font-style:normal;} .chat.mine {background:rgba(0,0,0,0.05);margin-left:-8px;margin-right:-8px;padding-left:8px;padding-right:8px;} .spoiler {color:#BBBBBB;background:#BBBBBB;padding:0px 3px;} .spoiler:hover, .spoiler:active, .spoiler-shown {color:#000000;background:#E2E2E2;padding:0px 3px;} .spoiler a {color:#BBBBBB;} .spoiler:hover a, .spoiler:active a, .spoiler-shown a {color:#2288CC;} .chat code, .chat .spoiler:hover code, .chat .spoiler:active code, .chat .spoiler-shown code {border:1px solid #C0C0C0;background:#EEEEEE;color:black;padding:0 2px;} .chat .spoiler code {border:1px solid #CCCCCC;background:#CCCCCC;color:#CCCCCC;} .battle-log .rated {padding:3px 4px;} .battle-log .rated strong {color:white;background:#89A;padding:1px 4px;border-radius:4px;} .spacer {margin-top:0.5em;} .message-announce {background:#6688AA;color:white;padding:1px 4px 2px;} .message-announce a, .broadcast-green a, .broadcast-blue a, .broadcast-red a {color:#DDEEFF;} .broadcast-green {background-color:#559955;color:white;padding:2px 4px;} .broadcast-blue {background-color:#6688AA;color:white;padding:2px 4px;} .infobox {border:1px solid #6688AA;padding:2px 4px;} .infobox-limited {max-height:200px;overflow:auto;overflow-x:hidden;} .broadcast-red {background-color:#AA5544;color:white;padding:2px 4px;} .message-learn-canlearn {font-weight:bold;color:#228822;text-decoration:underline;} .message-learn-cannotlearn {font-weight:bold;color:#CC2222;text-decoration:underline;} .message-effect-weak {font-weight:bold;color:#CC2222;} .message-effect-resist {font-weight:bold;color:#6688AA;} .message-effect-immune {font-weight:bold;color:#666666;} .message-learn-list {margin-top:0;margin-bottom:0;} .message-throttle-notice, .message-error {color:#992222;} .message-overflow, .chat small.message-overflow {font-size:0pt;} .message-overflow::before {font-size:9pt;content:'...';} .subtle {color:#3A4A66;}
</style>
<div class="wrapper replay-wrapper" style="max-width:1180px;margin:0 auto">
<input type="hidden" name="replayid" value="nu-501394841" />
<div class="battle"></div><div class="battle-log"></div><div class="replay-controls"></div><div class="replay-controls-2"></div>
<h1 style="font-weight:normal;text-align:center"><strong>NU</strong><br /><a href="http://pokemonshowdown.com/users/djbreloominati" class="subtle" target="_blank">Dj Breloominati♬</a> vs. <a href="http://pokemonshowdown.com/users/brawlolololol" class="subtle" target="_blank">Brawlolololol</a></h1>
<script type="text/plain" class="battle-log-data">|j|Dj Breloominati♬
|j|Brawlolololol
|player|p1|Dj Breloominati♬|137
|player|p2|Brawlolololol|265
|gametype|singles
|gen|6
|tier|NU
|rated
|seed|28857,41843,14888,57414
|rule|Baton Pass Speed Clause: Limit one Baton Passer, can't pass Speed
|rule|Sleep Clause Mod: Limit one foe put to sleep
|rule|Species Clause: Limit one of each Pokémon
|rule|OHKO Clause: OHKO moves are banned
|rule|Moody Clause: Moody is banned
|rule|Evasion Moves Clause: Evasion moves are banned
|rule|Endless Battle Clause: Forcing endless battles is banned
|rule|HP Percentage Mod: HP is shown in percentages
|clearpoke
|poke|p1|Gurdurr, F|item
|poke|p1|Haunter, M|item
|poke|p1|Lanturn, M|item
|poke|p1|Shiftry, M|item
|poke|p1|Rhydon, M|item
|poke|p1|Mesprit|item
|poke|p2|Charizard, M|item
|poke|p2|Kadabra, F|item
|poke|p2|Tangela, F|item
|poke|p2|Sandslash, F|item
|poke|p2|Hariyama, F|item
|poke|p2|Regirock|item
|rule|Swagger Clause: Swagger is banned
|rule|Baton Pass Clause: Limit one Baton Passer, can't pass Spe and other stats simultaneously
|teampreview
|choice|team 6, team 2, team 3, team 4, team 5, team 1|team 6, team 2, team 3, team 4, team 5, team 1
|
|start
|switch|p1a: Mesprit|Mesprit|301\/301
|switch|p2a: Regirock|Regirock|364\/364
|turn|1
|choice|move uturn|move thunderwave
|
|move|p1a: Mesprit|U-turn|p2a: Regirock
|-damage|p2a: Regirock|337\/364
|choice|switch 4|
|
|switch|p1a: Shiftry|Shiftry, M|321\/321
|move|p2a: Regirock|Thunder Wave|p1a: Shiftry
|-status|p1a: Shiftry|par
|
|-heal|p2a: Regirock|359\/364|[from] item: Leftovers
|upkeep
|turn|2
|choice|move leafstorm|move stealthrock
|
|move|p2a: Regirock|Stealth Rock|p1a: Shiftry
|-sidestart|p1: Dj Breloominati♬|move: Stealth Rock
|move|p1a: Shiftry|Leaf Storm|p2a: Regirock
|-supereffective|p2a: Regirock
|-damage|p2a: Regirock|29\/364
|-unboost|p1a: Shiftry|spa|2
|-damage|p1a: Shiftry|289\/321 par|[from] item: Life Orb
|
|-heal|p2a: Regirock|51\/364|[from] item: Leftovers
|upkeep
|turn|3
|choice|move defog|move stoneedge
|
|move|p2a: Regirock|Stone Edge|p1a: Shiftry
|-damage|p1a: Shiftry|42\/321 par
|move|p1a: Shiftry|Defog|p2a: Regirock
|-fail|p2a: Regirock|unboost|[from] ability: Clear Body|[of] p2a: Regirock
|-sideend|p1: Dj Breloominati♬|Stealth Rock|[from] move: Defog|[of] p1a: Shiftry
|
|-heal|p2a: Regirock|73\/364|[from] item: Leftovers
|upkeep
|turn|4
|j|Zatemo
|choice|move knockoff|move stealthrock
|
|move|p2a: Regirock|Stealth Rock|p1a: Shiftry
|-sidestart|p1: Dj Breloominati♬|move: Stealth Rock
|move|p1a: Shiftry|Knock Off|p2a: Regirock
|-damage|p2a: Regirock|0 fnt
|-enditem|p2a: Regirock|Leftovers|[from] move: Knock Off|[of] p1a: Shiftry
|-damage|p1a: Shiftry|10\/321 par|[from] item: Life Orb
|faint|p2a: Regirock
|
|upkeep
|choice||switch 3
|
|switch|p2a: Tangela|Tangela, F|330\/330
|turn|5
|choice|move defog|move hiddenpower
|
|move|p2a: Tangela|Hidden Power|p1a: Shiftry
|-supereffective|p1a: Shiftry
|-damage|p1a: Shiftry|0 fnt
|faint|p1a: Shiftry
|
|upkeep
|choice|switch 6|
|
|switch|p1a: Gurdurr|Gurdurr, F|374\/374
|-damage|p1a: Gurdurr|351\/374|[from] Stealth Rock
|turn|6
|choice|move knockoff|move sleeppowder
|
|move|p2a: Tangela|Sleep Powder|p1a: Gurdurr
|-status|p1a: Gurdurr|slp
|cant|p1a: Gurdurr|slp
|
|upkeep
|turn|7
|choice|move knockoff|move leafstorm
|
|move|p2a: Tangela|Leaf Storm|p1a: Gurdurr
|-damage|p1a: Gurdurr|95\/374 slp
|-unboost|p2a: Tangela|spa|2
|cant|p1a: Gurdurr|slp
|
|upkeep
|turn|8
|choice|switch 2|move leafstorm
|
|switch|p1a: Haunter|Haunter, M|231\/231
|-damage|p1a: Haunter|203\/231|[from] Stealth Rock
|move|p2a: Tangela|Leaf Storm|p1a: Haunter|[miss]
|-miss|p2a: Tangela|p1a: Haunter
|
|upkeep
|turn|9
|choice|move shadowball|switch 4
|
|switch|p2a: Sandslash|Sandslash, F|291\/291
|move|p1a: Haunter|Shadow Ball|p2a: Sandslash
|-damage|p2a: Sandslash|21\/291
|-damage|p1a: Haunter|180\/231|[from] item: Life Orb
|
|upkeep
|turn|10
|choice|move shadowball|move knockoff
|
|move|p1a: Haunter|Shadow Ball|p2a: Sandslash
|-damage|p2a: Sandslash|0 fnt
|-damage|p1a: Haunter|157\/231|[from] item: Life Orb
|faint|p2a: Sandslash
|
|upkeep
|choice||switch 6
|
|switch|p2a: Charizard|Charizard, M|297\/297
|turn|11
|choice|switch 3|move hiddenpower
|
|switch|p1a: Lanturn|Lanturn, M|391\/391
|-damage|p1a: Lanturn|343\/391|[from] Stealth Rock
|move|p2a: Charizard|Hidden Power|p1a: Lanturn
|-supereffective|p1a: Lanturn
|-damage|p1a: Lanturn|211\/391
|
|upkeep
|turn|12
|choice|move voltswitch|move hiddenpower
|
|move|p2a: Charizard|Hidden Power|p1a: Lanturn
|-supereffective|p1a: Lanturn
|-damage|p1a: Lanturn|73\/391
|move|p1a: Lanturn|Volt Switch|p2a: Charizard
|-supereffective|p2a: Charizard
|-damage|p2a: Charizard|87\/297
|choice|switch 5|
|
|switch|p1a: Rhydon|Rhydon, M|411\/411
|-damage|p1a: Rhydon|386\/411|[from] Stealth Rock
|
|upkeep
|turn|13
|choice|switch 4|move hiddenpower
|
|switch|p1a: Mesprit|Mesprit|301\/301
|-damage|p1a: Mesprit|264\/301|[from] Stealth Rock
|move|p2a: Charizard|Hidden Power|p1a: Mesprit
|-damage|p1a: Mesprit|170\/301
|
|upkeep
|turn|14
|choice|move psychic|switch 4
|
|switch|p2a: Tangela|Tangela, F|330\/330
|move|p1a: Mesprit|Psychic|p2a: Tangela
|-damage|p2a: Tangela|141\/330
|
|upkeep
|turn|15
|choice|move psychic|switch 4
|
|switch|p2a: Charizard|Charizard, M|87\/297
|move|p1a: Mesprit|Psychic|p2a: Charizard
|-damage|p2a: Charizard|0 fnt
|faint|p2a: Charizard
|
|upkeep
|choice||switch 2
|
|switch|p2a: Kadabra|Kadabra, F|221\/221
|turn|16
|choice|switch 2|move signalbeam
|
|switch|p1a: Gurdurr|Gurdurr, F|95\/374 slp
|-damage|p1a: Gurdurr|72\/374 slp|[from] Stealth Rock
|move|p2a: Kadabra|Signal Beam|p1a: Gurdurr
|-resisted|p1a: Gurdurr
|-damage|p1a: Gurdurr|27\/374 slp
|
|upkeep
|turn|17
|choice|move machpunch|move psychic
|
|cant|p1a: Gurdurr|slp
|move|p2a: Kadabra|Psychic|p1a: Gurdurr
|-supereffective|p1a: Gurdurr
|-damage|p1a: Gurdurr|0 fnt
|faint|p1a: Gurdurr
|
|upkeep
|choice|switch 4|
|
|switch|p1a: Rhydon|Rhydon, M|386\/411
|-damage|p1a: Rhydon|361\/411|[from] Stealth Rock
|turn|18
|choice|move megahorn|switch 4
|
|switch|p2a: Tangela|Tangela, F|251\/330
|move|p1a: Rhydon|Megahorn|p2a: Tangela
|-supereffective|p2a: Tangela
|-damage|p2a: Tangela|111\/330
|
|upkeep
|turn|19
|choice|switch 3|switch 5
|
|switch|p2a: Hariyama|Hariyama, F|491\/491
|switch|p1a: Haunter|Haunter, M|157\/231
|-damage|p1a: Haunter|129\/231|[from] Stealth Rock
|
|upkeep
|turn|20
|choice|move shadowball|move bulletpunch
|
|move|p2a: Hariyama|Bullet Punch|p1a: Haunter
|-damage|p1a: Haunter|0 fnt
|faint|p1a: Haunter
|
|upkeep
|choice|switch 2|
|
|switch|p1a: Mesprit|Mesprit|170\/301
|-damage|p1a: Mesprit|133\/301|[from] Stealth Rock
|turn|21
|choice|move healingwish|move bulletpunch
|
|move|p2a: Hariyama|Bullet Punch|p1a: Mesprit
|-damage|p1a: Mesprit|66\/301
|move|p1a: Mesprit|Healing Wish|p1a: Mesprit
|faint|p1a: Mesprit
|
|upkeep
|choice|switch 5|
|
|switch|p1a: Lanturn|Lanturn, M|73\/391
|-heal|p1a: Lanturn|391\/391|[from] move: Healing Wish
|-damage|p1a: Lanturn|343\/391|[from] Stealth Rock
|turn|22
|choice|move scald|switch 4
|
|switch|p2a: Kadabra|Kadabra, F|221\/221
|move|p1a: Lanturn|Scald|p2a: Kadabra
|-damage|p2a: Kadabra|71\/221
|-status|p2a: Kadabra|brn
|
|upkeep
|turn|23
|choice|move scald|move hiddenpower
|
|move|p2a: Kadabra|Hidden Power|p1a: Lanturn
|-supereffective|p1a: Lanturn
|-damage|p1a: Lanturn|241\/391
|move|p1a: Lanturn|Scald|p2a: Kadabra
|-damage|p2a: Kadabra|0 fnt
|faint|p2a: Kadabra
|
|upkeep
|choice||switch 4
|
|switch|p2a: Hariyama|Hariyama, F|491\/491
|turn|24
|choice|move icebeam|move closecombat
|
|move|p1a: Lanturn|Ice Beam|p2a: Hariyama
|-damage|p2a: Hariyama|432\/491
|move|p2a: Hariyama|Close Combat|p1a: Lanturn
|-damage|p1a: Lanturn|0 fnt
|-unboost|p2a: Hariyama|def|1
|-unboost|p2a: Hariyama|spd|1
|faint|p1a: Lanturn
|
|upkeep
|choice|switch 3|
|
|switch|p1a: Rhydon|Rhydon, M|361\/411
|-damage|p1a: Rhydon|336\/411|[from] Stealth Rock
|turn|25
|choice|move megahorn|move closecombat
|
|move|p2a: Hariyama|Close Combat|p1a: Rhydon
|-supereffective|p1a: Rhydon
|-damage|p1a: Rhydon|0 fnt
|-unboost|p2a: Hariyama|def|1
|-unboost|p2a: Hariyama|spd|1
|faint|p1a: Rhydon
|
|win|Brawlolololol
|player|p1
|player|p2
|l|Zatemo</script>
</div>
<div class="battle-log battle-log-inline"><div class="inner"><div class="battle-options"></div><div class="inner"><div class="chat"><small>Dj Breloominati♬ joined.</small></div><div class="chat"><small>Brawlolololol joined.</small></div><div class=""><small>Format:</small> <br><strong>NU</strong></div><div class="rated"><strong>Rated battle</strong></div><div class=""><small><em>Baton Pass Speed Clause:</em> Limit one Baton Passer, can't pass Speed</small></div><div class=""><small><em>Sleep Clause Mod:</em> Limit one foe put to sleep</small></div><div class=""><small><em>Species Clause:</em> Limit one of each Pokémon</small></div><div class=""><small><em>OHKO Clause:</em> OHKO moves are banned</small></div><div class=""><small><em>Moody Clause:</em> Moody is banned</small></div><div class=""><small><em>Evasion Moves Clause:</em> Evasion moves are banned</small></div><div class=""><small><em>Endless Battle Clause:</em> Forcing endless battles is banned</small></div><div class=""><small><em>HP Percentage Mod:</em> HP is shown in percentages</small></div><div class=""><small><em>Swagger Clause:</em> Swagger is banned</small></div><div class=""><small><em>Baton Pass Clause:</em> Limit one Baton Passer, can't pass Spe and other stats simultaneously</small></div><div class="chat battle-history"><strong>Dj Breloominati♬'s team:</strong> <em style="color:#445566;display:block;">Gurdurr / Haunter / Lanturn / Shiftry / Rhydon / Mesprit</em></div><div class="chat battle-history"><strong>Brawlolololol's team:</strong> <em style="color:#445566;display:block;">Charizard / Kadabra / Tangela / Sandslash / Hariyama / Regirock</em></div><div class="spacer battle-history"><br></div><div class="battle-history">Battle started between Dj Breloominati♬ and Brawlolololol!<br></div><div class="spacer battle-history"><br></div><div class="battle-history">Go! <strong>Mesprit</strong>!<br></div><div class="spacer battle-history"><br></div><div class="battle-history">Brawlolololol sent out <strong>Regirock</strong>!<br></div><div class="spacer battle-history"><br></div><h2 class="battle-history">Turn 1</h2><div class="spacer battle-history"><br></div><div class="battle-history">Mesprit used <strong>U-turn</strong>!<br></div><div class="battle-history"><small>(The opposing Regirock lost <abbr title="−27/364">7.4%</abbr> of its health!)</small><br></div><div class="spacer battle-history"><br></div><div class="battle-history">Mesprit went back to Dj Breloominati♬!<br></div><div class="battle-history">Go! <strong>Shiftry</strong>!<br></div><div class="spacer battle-history"><br></div><div class="battle-history">The opposing Regirock used <strong>Thunder Wave</strong>!<br></div><div class="battle-history"><small>Shiftry is paralyzed! It may be unable to move!</small><br></div><div class="spacer battle-history"><br></div><div class="battle-history"><small>The opposing Regirock restored a little HP using its Leftovers!</small><br></div><div class="spacer battle-history"><br></div><h2 class="battle-history">Turn 2</h2><div class="spacer battle-history"><br></div><div class="battle-history">The opposing Regirock used <strong>Stealth Rock</strong>!<br></div><div class="battle-history"><small>Pointed stones float in the air around your team!</small><br></div><div class="spacer battle-history"><br></div><div class="battle-history">Shiftry used <strong>Leaf Storm</strong>!<br></div><div class="battle-history"><small>It's super effective!</small><br></div><div class="battle-history"><small>(The opposing Regirock lost <abbr title="−330/364">90.7%</abbr> of its health!)</small><br></div><div class="battle-history"><small>Shiftry's Special Attack fell harshly!</small><br></div><div class="battle-history"><small>Shiftry lost some of its HP!</small><br></div><div class="spacer battle-history"><br></div><div class="battle-history"><small>The opposing Regirock restored a little HP using its Leftovers!</small><br></div><div class="spacer battle-history"><br></div><h2 class="battle-history">Turn 3</h2><div class="spacer battle-history"><br></div><div class="battle-history">The opposing Regirock used <strong>Stone Edge</strong>!<br></div><div class="battle-history"><small>(Shiftry lost <abbr title="−247/321">76.9%</abbr> of its health!)</small><br></div><div class="spacer battle-history"><br></div><div class="battle-history">Shiftry used <strong>Defog</strong>!<br></div><div class="battle-history"><small>[The opposing Regirock's Clear Body]</small><br><small>The opposing Regirock's stats were not lowered!</small><br></div><div class="battle-history"><small>The pointed stones disappeared from around your team!</small><br></div><div class="spacer battle-history"><br></div><div class="battle-history"><small>The opposing Regirock restored a little HP using its Leftovers!</small><br></div><div class="spacer battle-history"><br></div><h2 class="battle-history">Turn 4</h2><div class="chat"><small>Zatemo joined.</small></div><div class="spacer battle-history"><br></div><div class="battle-history">The opposing Regirock used <strong>Stealth Rock</strong>!<br></div><div class="battle-history"><small>Pointed stones float in the air around your team!</small><br></div><div class="spacer battle-history"><br></div><div class="battle-history">Shiftry used <strong>Knock Off</strong>!<br></div><div class="battle-history"><small>(The opposing Regirock lost <abbr title="−73/364">20.1%</abbr> of its health!)</small><br></div><div class="battle-history"><small>Shiftry knocked off the opposing Regirock's Leftovers!</small><br></div><div class="battle-history"><small>Shiftry lost some of its HP!</small><br></div><div class="spacer battle-history"><br></div><div class="battle-history">The opposing Regirock fainted!<br></div><div class="spacer battle-history"><br></div><div class="battle-history">Brawlolololol sent out <strong>Tangela</strong>!<br></div><div class="spacer battle-history"><br></div><h2 class="battle-history">Turn 5</h2><div class="spacer battle-history"><br></div><div class="battle-history">The opposing Tangela used <strong>Hidden Power</strong>!<br></div><div class="battle-history"><small>It's super effective!</small><br></div><div class="battle-history"><small>(Shiftry lost <abbr title="−10/321">3.1%</abbr> of its health!)</small><br></div><div class="spacer battle-history"><br></div><div class="battle-history">Shiftry fainted!<br></div><div class="spacer battle-history"><br></div><div class="battle-history">Go! <strong>Gurdurr</strong>!<br></div><div class="battle-history"><small>Pointed stones dug into Gurdurr!</small><br></div><div class="spacer battle-history"><br></div><h2 class="battle-history">Turn 6</h2><div class="spacer battle-history"><br></div><div class="battle-history">The opposing Tangela used <strong>Sleep Powder</strong>!<br></div><div class="battle-history"><small>Gurdurr fell asleep!</small><br></div><div class="spacer battle-history"><br></div><div class="battle-history">Gurdurr is fast asleep.<br></div><div class="spacer battle-history"><br></div><h2 class="battle-history">Turn 7</h2><div class="spacer battle-history"><br></div><div class="battle-history">The opposing Tangela used <strong>Leaf Storm</strong>!<br></div><div class="battle-history"><small>(Gurdurr lost <abbr title="−256/374">68.4%</abbr> of its health!)</small><br></div><div class="battle-history"><small>The opposing Tangela's Special Attack fell harshly!</small><br></div><div class="spacer battle-history"><br></div><div class="battle-history">Gurdurr is fast asleep.<br></div><div class="spacer battle-history"><br></div><h2 class="battle-history">Turn 8</h2><div class="spacer battle-history"><br></div><div class="battle-history">Gurdurr, come back!<br></div><div class="battle-history">Go! <strong>Haunter</strong>!<br></div><div class="battle-history"><small>Pointed stones dug into Haunter!</small><br></div><div class="spacer battle-history"><br></div><div class="battle-history">The opposing Tangela used <strong>Leaf Storm</strong>!<br></div><div class="battle-history"><small>Haunter avoided the attack!</small><br></div><div class="spacer battle-history"><br></div><h2 class="battle-history">Turn 9</h2><div class="spacer battle-history"><br></div><div class="battle-history">Brawlolololol withdrew Tangela!<br></div><div class="battle-history">Brawlolololol sent out <strong>Sandslash</strong>!<br></div><div class="spacer battle-history"><br></div><div class="battle-history">Haunter used <strong>Shadow Ball</strong>!<br></div><div class="battle-history"><small>(The opposing Sandslash lost <abbr title="−270/291">92.8%</abbr> of its health!)</small><br></div><div class="battle-history"><small>Haunter lost some of its HP!</small><br></div><div class="spacer battle-history"><br></div><h2 class="battle-history">Turn 10</h2><div class="spacer battle-history"><br></div><div class="battle-history">Haunter used <strong>Shadow Ball</strong>!<br></div><div class="battle-history"><small>(The opposing Sandslash lost <abbr title="−21/291">7.2%</abbr> of its health!)</small><br></div><div class="battle-history"><small>Haunter lost some of its HP!</small><br></div><div class="spacer battle-history"><br></div><div class="battle-history">The opposing Sandslash fainted!<br></div><div class="spacer battle-history"><br></div><div class="battle-history">Brawlolololol sent out <strong>Charizard</strong>!<br></div><div class="spacer battle-history"><br></div><h2 class="battle-history">Turn 11</h2><div class="spacer battle-history"><br></div><div class="battle-history">Haunter, come back!<br></div><div class="battle-history">Go! <strong>Lanturn</strong>!<br></div><div class="battle-history"><small>Pointed stones dug into Lanturn!</small><br></div><div class="spacer battle-history"><br></div><div class="battle-history">The opposing Charizard used <strong>Hidden Power</strong>!<br></div><div class="battle-history"><small>It's super effective!</small><br></div><div class="battle-history"><small>(Lanturn lost <abbr title="−132/391">33.8%</abbr> of its health!)</small><br></div><div class="spacer battle-history"><br></div><h2 class="battle-history">Turn 12</h2><div class="spacer battle-history"><br></div><div class="battle-history">The opposing Charizard used <strong>Hidden Power</strong>!<br></div><div class="battle-history"><small>It's super effective!</small><br></div><div class="battle-history"><small>(Lanturn lost <abbr title="−138/391">35.3%</abbr> of its health!)</small><br></div><div class="spacer battle-history"><br></div><div class="battle-history">Lanturn used <strong>Volt Switch</strong>!<br></div><div class="battle-history"><small>It's super effective!</small><br></div><div class="battle-history"><small>(The opposing Charizard lost <abbr title="−210/297">70.7%</abbr> of its health!)</small><br></div><div class="spacer battle-history"><br></div><div class="battle-history">Lanturn went back to Dj Breloominati♬!<br></div><div class="battle-history">Go! <strong>Rhydon</strong>!<br></div><div class="battle-history"><small>Pointed stones dug into Rhydon!</small><br></div><div class="spacer battle-history"><br></div><h2 class="battle-history">Turn 13</h2><div class="spacer battle-history"><br></div><div class="battle-history">Rhydon, come back!<br></div><div class="battle-history">Go! <strong>Mesprit</strong>!<br></div><div class="battle-history"><small>Pointed stones dug into Mesprit!</small><br></div><div class="spacer battle-history"><br></div><div class="battle-history">The opposing Charizard used <strong>Hidden Power</strong>!<br></div><div class="battle-history"><small>(Mesprit lost <abbr title="−94/301">31.2%</abbr> of its health!)</small><br></div><div class="spacer battle-history"><br></div><h2 class="battle-history">Turn 14</h2><div class="spacer battle-history"><br></div><div class="battle-history">Brawlolololol withdrew Charizard!<br></div><div class="battle-history">Brawlolololol sent out <strong>Tangela</strong>!<br></div><div class="spacer battle-history"><br></div><div class="battle-history">Mesprit used <strong>Psychic</strong>!<br></div><div class="battle-history"><small>(The opposing Tangela lost <abbr title="−189/330">57.3%</abbr> of its health!)</small><br></div><div class="spacer battle-history"><br></div><h2 class="battle-history">Turn 15</h2><div class="spacer battle-history"><br></div><div class="battle-history">Brawlolololol withdrew Tangela!<br></div><div class="battle-history">Brawlolololol sent out <strong>Charizard</strong>!<br></div><div class="spacer battle-history"><br></div><div class="battle-history">Mesprit used <strong>Psychic</strong>!<br></div><div class="battle-history"><small>(The opposing Charizard lost <abbr title="−87/297">29.3%</abbr> of its health!)</small><br></div><div class="spacer battle-history"><br></div><div class="battle-history">The opposing Charizard fainted!<br></div><div class="spacer battle-history"><br></div><div class="battle-history">Brawlolololol sent out <strong>Kadabra</strong>!<br></div><div class="spacer battle-history"><br></div><h2 class="battle-history">Turn 16</h2><div class="spacer battle-history"><br></div><div class="battle-history">Mesprit, come back!<br></div><div class="battle-history">Go! <strong>Gurdurr</strong>!<br></div><div class="battle-history"><small>Pointed stones dug into Gurdurr!</small><br></div><div class="spacer battle-history"><br></div><div class="battle-history">The opposing Kadabra used <strong>Signal Beam</strong>!<br></div><div class="battle-history"><small>It's not very effective...</small><br></div><div class="battle-history"><small>(Gurdurr lost <abbr title="−45/374">12.0%</abbr> of its health!)</small><br></div><div class="spacer battle-history"><br></div><h2 class="battle-history">Turn 17</h2><div class="spacer battle-history"><br></div><div class="battle-history">Gurdurr is fast asleep.<br></div><div class="spacer battle-history"><br></div><div class="battle-history">The opposing Kadabra used <strong>Psychic</strong>!<br></div><div class="battle-history"><small>It's super effective!</small><br></div><div class="battle-history"><small>(Gurdurr lost <abbr title="−27/374">7.2%</abbr> of its health!)</small><br></div><div class="spacer battle-history"><br></div><div class="battle-history">Gurdurr fainted!<br></div><div class="spacer battle-history"><br></div><div class="battle-history">Go! <strong>Rhydon</strong>!<br></div><div class="battle-history"><small>Pointed stones dug into Rhydon!</small><br></div><div class="spacer battle-history"><br></div><h2 class="battle-history">Turn 18</h2><div class="spacer battle-history"><br></div><div class="battle-history">Brawlolololol withdrew Kadabra!<br></div><div class="battle-history">Brawlolololol sent out <strong>Tangela</strong>!<br></div><div class="spacer battle-history"><br></div><div class="battle-history">Rhydon used <strong>Megahorn</strong>!<br></div><div class="battle-history"><small>It's super effective!</small><br></div><div class="battle-history"><small>(The opposing Tangela lost <abbr title="−140/330">42.4%</abbr> of its health!)</small><br></div><div class="spacer battle-history"><br></div><h2 class="battle-history">Turn 19</h2><div class="spacer battle-history"><br></div><div class="battle-history">Brawlolololol withdrew Tangela!<br></div><div class="battle-history">Brawlolololol sent out <strong>Hariyama</strong>!<br></div><div class="spacer battle-history"><br></div><div class="battle-history">Rhydon, come back!<br></div><div class="battle-history">Go! <strong>Haunter</strong>!<br></div><div class="battle-history"><small>Pointed stones dug into Haunter!</small><br></div><div class="spacer battle-history"><br></div><h2 class="battle-history">Turn 20</h2><div class="spacer battle-history"><br></div><div class="battle-history">The opposing Hariyama used <strong>Bullet Punch</strong>!<br></div><div class="battle-history"><small>(Haunter lost <abbr title="−129/231">55.8%</abbr> of its health!)</small><br></div><div class="spacer battle-history"><br></div><div class="battle-history">Haunter fainted!<br></div><div class="spacer battle-history"><br></div><div class="battle-history">Go! <strong>Mesprit</strong>!<br></div><div class="battle-history"><small>Pointed stones dug into Mesprit!</small><br></div><div class="spacer battle-history"><br></div><h2 class="battle-history">Turn 21</h2><div class="spacer battle-history"><br></div><div class="battle-history">The opposing Hariyama used <strong>Bullet Punch</strong>!<br></div><div class="battle-history"><small>(Mesprit lost <abbr title="−67/301">22.3%</abbr> of its health!)</small><br></div><div class="spacer battle-history"><br></div><div class="battle-history">Mesprit used <strong>Healing Wish</strong>!<br></div><div class="spacer battle-history"><br></div><div class="battle-history">Mesprit fainted!<br></div><div class="spacer battle-history"><br></div><div class="battle-history">Go! <strong>Lanturn</strong>!<br></div><div class="battle-history"><small>The healing wish came true for Lanturn!</small><br></div><div class="battle-history"><small>Pointed stones dug into Lanturn!</small><br></div><div class="spacer battle-history"><br></div><h2 class="battle-history">Turn 22</h2><div class="spacer battle-history"><br></div><div class="battle-history">Brawlolololol withdrew Hariyama!<br></div><div class="battle-history">Brawlolololol sent out <strong>Kadabra</strong>!<br></div><div class="spacer battle-history"><br></div><div class="battle-history">Lanturn used <strong>Scald</strong>!<br></div><div class="battle-history"><small>(The opposing Kadabra lost <abbr title="−150/221">67.9%</abbr> of its health!)</small><br></div><div class="battle-history"><small>The opposing Kadabra was burned!</small><br></div><div class="spacer battle-history"><br></div><h2 class="battle-history">Turn 23</h2><div class="spacer battle-history"><br></div><div class="battle-history">The opposing Kadabra used <strong>Hidden Power</strong>!<br></div><div class="battle-history"><small>It's super effective!</small><br></div><div class="battle-history"><small>(Lanturn lost <abbr title="−102/391">26.1%</abbr> of its health!)</small><br></div><div class="spacer battle-history"><br></div><div class="battle-history">Lanturn used <strong>Scald</strong>!<br></div><div class="battle-history"><small>(The opposing Kadabra lost <abbr title="−71/221">32.1%</abbr> of its health!)</small><br></div><div class="spacer battle-history"><br></div><div class="battle-history">The opposing Kadabra fainted!<br></div><div class="spacer battle-history"><br></div><div class="battle-history">Brawlolololol sent out <strong>Hariyama</strong>!<br></div><div class="spacer battle-history"><br></div><h2 class="battle-history">Turn 24</h2><div class="spacer battle-history"><br></div><div class="battle-history">Lanturn used <strong>Ice Beam</strong>!<br></div><div class="battle-history"><small>(The opposing Hariyama lost <abbr title="−59/491">12.0%</abbr> of its health!)</small><br></div><div class="spacer battle-history"><br></div><div class="battle-history">The opposing Hariyama used <strong>Close Combat</strong>!<br></div><div class="battle-history"><small>(Lanturn lost <abbr title="−241/391">61.6%</abbr> of its health!)</small><br></div><div class="battle-history"><small>The opposing Hariyama's Defense fell!</small><br></div><div class="battle-history"><small>The opposing Hariyama's Special Defense fell!</small><br></div><div class="spacer battle-history"><br></div><div class="battle-history">Lanturn fainted!<br></div><div class="spacer battle-history"><br></div><div class="battle-history">Go! <strong>Rhydon</strong>!<br></div><div class="battle-history"><small>Pointed stones dug into Rhydon!</small><br></div><div class="spacer battle-history"><br></div><h2 class="battle-history">Turn 25</h2><div class="spacer battle-history"><br></div><div class="battle-history">The opposing Hariyama used <strong>Close Combat</strong>!<br></div><div class="battle-history"><small>It's super effective!</small><br></div><div class="battle-history"><small>(Rhydon lost <abbr title="−336/411">81.8%</abbr> of its health!)</small><br></div><div class="battle-history"><small>The opposing Hariyama's Defense fell!</small><br></div><div class="battle-history"><small>The opposing Hariyama's Special Defense fell!</small><br></div><div class="spacer battle-history"><br></div><div class="battle-history">Rhydon fainted!<br></div><div class="spacer battle-history"><br></div><div class="battle-history"><strong>Brawlolololol</strong> won the battle!<br></div><div class="chat"><small>Zatemo left.</small></div></div><div class="inner-preempt"></div></div></div>
</div>
<script>
let daily = Math.floor(Date.now()/1000/60/60/24);document.write('<script src="https://play.pokemonshowdown.com/js/replay-embed.js?version'+daily+'"></'+'script>');
</script>
