<!DOCTYPE html>
<meta charset="utf-8" />
<!-- version 1 -->
<title>NU replay: The_Rektster vs. grigoz</title>
<style>
html,body {font-family:Verdana, sans-serif;font-size:10pt;margin:0;padding:0;}body{padding:12px 0;} .battle-log {font-family:Verdana, sans-serif;font-size:10pt;} .battle-log-inline {border:1px solid #AAAAAA;background:#EEF2F5;color:black;max-width:640px;margin:0 auto 80px;padding-bottom:5px;} .battle-log .inner {padding:4px 8px 0px 8px;} .battle-log .inner-preempt {padding:0 8px 4px 8px;} .battle-log .inner-after {margin-top:0.5em;} .battle-log h2 {margin:0.5em -8px;padding:4px 8px;border:1px solid #AAAAAA;background:#E0E7EA;border-left:0;border-right:0;font-family:Verdana, sans-serif;font-size:13pt;} .battle-log .chat {vertical-align:middle;padding:3px 0 3px 0;font-size:8pt;} .battle-log .chat strong {color:#40576A;} .battle-log .chat em {padding:1px 4px 1px 3px;color:#000000;font-style:normal;} .chat.mine {background:rgba(0,0,0,0.05);margin-left:-8px;margin-right:-8px;padding-left:8px;padding-right:8px;} .spoiler {color:#BBBBBB;background:#BBBBBB;padding:0px 3px;} .spoiler:hover, .spoiler:active, .spoiler-shown {color:#000000;background:#E2E2E2;padding:0px 3px;} .spoiler a {color:#BBBBBB;} .spoiler:hover a, .spoiler:active a, .spoiler-shown a {color:#2288CC;} .chat code, .chat .spoiler:hover code, .chat .spoiler:active code, .chat .spoiler-shown code {border:1px solid #C0C0C0;background:#EEEEEE;color:black;padding:0 2px;} .chat .spoiler code {border:1px solid #CCCCCC;background:#CCCCCC;color:#CCCCCC;} .battle-log .rated {padding:3px 4px;} .battle-log .rated strong {color:white;background:#89A;padding:1px 4px;border-radius:4px;} .spacer {margin-top:0.5em;} .message-announce {background:#6688AA;color:white;padding:1px 4px 2px;} .message-announce a, .broadcast-green a, .broadcast-blue a, .broadcast-red a {color:#DDEEFF;} .broadcast-green {background-color:#559955;color:white;padding:2px 4px;} .broadcast-blue {background-color:#6688AA;color:white;padding:2px 4px;} .infobox {border:1px solid #6688AA;padding:2px 4px;} .infobox-limited {max-height:200px;overflow:auto;overflow-x:hidden;} .broadcast-red {background-color:#AA5544;color:white;padding:2px 4px;} .message-learn-canlearn {font-weight:bold;color:#228822;text-decoration:underline;} .message-learn-cannotlearn {font-weight:bold;color:#CC2222;text-decoration:underline;} .message-effect-weak {font-weight:bold;color:#CC2222;} .message-effect-resist {font-weight:bold;color:#6688AA;} .message-effect-immune {font-weight:bold;color:#666666;} .message-learn-list {margin-top:0;margin-bottom:0;} .message-throttle-notice, .message-error {color:#992222;} .message-overflow, .chat small.message-overflow {font-size:0pt;} .message-overflow::before {font-size:9pt;content:'...';} .subtle {color:#3A4A66;}
</style>
<div class="wrapper replay-wrapper" style="max-width:1180px;margin:0 auto">
<input type="hidden" name="replayid" value="nu-524566578" />
<div class="battle"></div><div class="battle-log"></div><div class="replay-controls"></div><div class="replay-controls-2"></div>
<h1 style="font-weight:normal;text-align:center"><strong>NU</strong><br /><a href="http://pokemonshowdown.com/users/therektster" class="subtle" target="_blank">The_Rektster</a> vs. <a href="http://pokemonshowdown.com/users/grigoz" class="subtle" target="_blank">grigoz</a></h1>
<script type="text/plain" class="battle-log-data">|j|The_Rektster
|j|grigoz
|player|p1|The_Rektster|99
|player|p2|grigoz|59
|gametype|singles
|gen|6
|tier|NU
|rated
|seed|3122,37663,55475,63094
|rule|Sleep Clause Mod: Limit one foe put to sleep
|rule|Species Clause: Limit one of each Pokémon
|rule|OHKO Clause: OHKO moves are banned
|rule|Moody Clause: Moody is banned
|rule|Evasion Moves Clause: Evasion moves are banned
|rule|Endless Battle Clause: Forcing endless battles is banned
|rule|HP Percentage Mod: HP is shown in percentages
|clearpoke
|poke|p1|Archeops, M, shiny|item
|poke|p1|Gigalith, M, shiny|item
|poke|p1|Samurott, F, shiny|item
|poke|p1|Mesprit, shiny|item
|poke|p1|Steelix, M, shiny|item
|poke|p1|Manectric, M, shiny|item
|poke|p2|Crustle, M, shiny|item
|poke|p2|Weezing, M|item
|poke|p2|Xatu, F|item
|poke|p2|Samurott, M|item
|poke|p2|Gurdurr, M|item
|poke|p2|Kabutops, M|item
|rule|Swagger Clause: Swagger is banned
|rule|Baton Pass Clause: Limit one Baton Passer, can't pass Spe and other stats simultaneously
|teampreview
|choice|team 5, team 2, team 3, team 4, team 1, team 6|team 3, team 2, team 1, team 4, team 5, team 6
|
|start
|switch|p1a: Steelix|Steelix, M, shiny|291\/291
|switch|p2a: Xatu|Xatu, F|334\/334
|turn|1
|choice|move stealthrock|move tailwind
|
|move|p2a: Xatu|Tailwind|p2a: Xatu
|-sidestart|p2: grigoz|move: Tailwind
|move|p1a: Steelix|Stealth Rock|p2a: Xatu
|move|p2a: Xatu|Stealth Rock|p1a: Steelix|[from]Magic Bounce
|-sidestart|p1: The_Rektster|move: Stealth Rock
|
|upkeep
|turn|2
|choice|move rockslide|move lightscreen
|
|move|p2a: Xatu|Light Screen|p2a: Xatu
|-sidestart|p2: grigoz|move: Light Screen
|move|p1a: Steelix|Rock Slide|p2a: Xatu
|-supereffective|p2a: Xatu
|-damage|p2a: Xatu|192\/334
|
|upkeep
|turn|3
|choice|move rockslide|move wish
|
|move|p2a: Xatu|Wish|p2a: Xatu
|move|p1a: Steelix|Rock Slide|p2a: Xatu
|-supereffective|p2a: Xatu
|-damage|p2a: Xatu|50\/334
|
|upkeep
|turn|4
|choice|move rockslide|move uturn
|
|move|p2a: Xatu|U-turn|p1a: Steelix
|-resisted|p1a: Steelix
|-damage|p1a: Steelix|279\/291
|-damage|p2a: Xatu|0 fnt|[from] item: Rocky Helmet|[of] p1a: Steelix
|faint|p2a: Xatu
|move|p1a: Steelix|Rock Slide|p2: Xatu|[notarget]
|-notarget
|
|-sideend|p2: grigoz|move: Tailwind
|upkeep
|choice||switch 5
|
|switch|p2a: Gurdurr|Gurdurr, M|374\/374
|turn|5
|choice|move stealthrock|move bulkup
|
|move|p1a: Steelix|Stealth Rock|p2a: Gurdurr
|-sidestart|p2: grigoz|move: Stealth Rock
|move|p2a: Gurdurr|Bulk Up|p2a: Gurdurr
|-boost|p2a: Gurdurr|atk|1
|-boost|p2a: Gurdurr|def|1
|
|upkeep
|turn|6
|choice|move earthquake|move bulkup
|
|move|p1a: Steelix|Earthquake|p2a: Gurdurr
|-damage|p2a: Gurdurr|323\/374
|move|p2a: Gurdurr|Bulk Up|p2a: Gurdurr
|-boost|p2a: Gurdurr|atk|1
|-boost|p2a: Gurdurr|def|1
|
|-sideend|p2: grigoz|move: Light Screen
|upkeep
|turn|7
|choice|move earthquake|move knockoff
|
|move|p1a: Steelix|Earthquake|p2a: Gurdurr
|-damage|p2a: Gurdurr|284\/374
|move|p2a: Gurdurr|Knock Off|p1a: Steelix
|-damage|p1a: Steelix|180\/291
|-damage|p2a: Gurdurr|222\/374|[from] item: Rocky Helmet|[of] p1a: Steelix
|-enditem|p1a: Steelix|Rocky Helmet|[from] move: Knock Off|[of] p2a: Gurdurr
|
|upkeep
|turn|8
|choice|move ironhead|move bulkup
|
|move|p1a: Steelix|Iron Head|p2a: Gurdurr
|-damage|p2a: Gurdurr|188\/374
|cant|p2a: Gurdurr|flinch
|
|upkeep
|turn|9
|choice|move earthquake|move bulkup
|
|move|p1a: Steelix|Earthquake|p2a: Gurdurr
|-damage|p2a: Gurdurr|145\/374
|move|p2a: Gurdurr|Bulk Up|p2a: Gurdurr
|-boost|p2a: Gurdurr|atk|1
|-boost|p2a: Gurdurr|def|1
|
|upkeep
|turn|10
|choice|move ironhead|move drainpunch
|
|move|p1a: Steelix|Iron Head|p2a: Gurdurr
|-damage|p2a: Gurdurr|118\/374
|move|p2a: Gurdurr|Drain Punch|p1a: Steelix
|-supereffective|p1a: Steelix
|-damage|p1a: Steelix|0 fnt
|-heal|p2a: Gurdurr|208\/374|[from] drain|[of] p1a: Steelix
|faint|p1a: Steelix
|
|upkeep
|choice|switch 4|
|
|switch|p1a: Mesprit|Mesprit, shiny|301\/301
|-damage|p1a: Mesprit|264\/301|[from] Stealth Rock
|turn|11
|choice|move psychic|switch 6
|
|switch|p2a: Kabutops|Kabutops, M|324\/324
|-damage|p2a: Kabutops|284\/324|[from] Stealth Rock
|-item|p2a: Kabutops|Air Balloon
|move|p1a: Mesprit|Psychic|p2a: Kabutops
|-damage|p2a: Kabutops|86\/324
|-enditem|p2a: Kabutops|Air Balloon
|
|-heal|p1a: Mesprit|282\/301|[from] item: Leftovers
|upkeep
|turn|12
|choice|move energyball|move rapidspin
|
|move|p1a: Mesprit|Energy Ball|p2a: Kabutops
|-supereffective|p2a: Kabutops
|-damage|p2a: Kabutops|0 fnt
|faint|p2a: Kabutops
|
|-heal|p1a: Mesprit|300\/301|[from] item: Leftovers
|upkeep
|choice||switch 3
|
|switch|p2a: Crustle|Crustle, M, shiny|281\/281
|-damage|p2a: Crustle|211\/281|[from] Stealth Rock
|turn|13
|choice|move energyball|move shellsmash
|
|move|p1a: Mesprit|Energy Ball|p2a: Crustle
|-damage|p2a: Crustle|81\/281
|-enditem|p2a: Crustle|Red Card|[of] p1a: Mesprit
|drag|p1a: Samurott|Samurott, F, shiny|331\/331
|-damage|p1a: Samurott|290\/331|[from] Stealth Rock
|move|p2a: Crustle|Shell Smash|p2a: Crustle
|-unboost|p2a: Crustle|def|1
|-unboost|p2a: Crustle|spd|1
|-boost|p2a: Crustle|atk|2
|-boost|p2a: Crustle|spa|2
|-boost|p2a: Crustle|spe|2
|
|-heal|p1a: Samurott|310\/331|[from] item: Leftovers
|upkeep
|turn|14
|choice|move aquajet|move substitute
|
|move|p1a: Samurott|Aqua Jet|p2a: Crustle
|-supereffective|p2a: Crustle
|-damage|p2a: Crustle|0 fnt
|faint|p2a: Crustle
|
|-heal|p1a: Samurott|330\/331|[from] item: Leftovers
|upkeep
|choice||switch 2
|
|switch|p2a: Weezing|Weezing, M|334\/334
|-damage|p2a: Weezing|293\/334|[from] Stealth Rock
|turn|15
|choice|move nightslash|move willowisp
|
|move|p1a: Samurott|Night Slash|p2a: Weezing
|-damage|p2a: Weezing|244\/334
|-damage|p1a: Samurott|275\/331|[from] item: Rocky Helmet|[of] p2a: Weezing
|move|p2a: Weezing|Will-O-Wisp|p1a: Samurott|[miss]
|-miss|p2a: Weezing|p1a: Samurott
|
|-heal|p1a: Samurott|295\/331|[from] item: Leftovers
|upkeep
|turn|16
|choice|switch 3|move willowisp
|
|switch|p1a: Mesprit|Mesprit, shiny|300\/301
|-damage|p1a: Mesprit|263\/301|[from] Stealth Rock
|move|p2a: Weezing|Will-O-Wisp|p1a: Mesprit
|-status|p1a: Mesprit|brn
|
|-heal|p1a: Mesprit|281\/301 brn|[from] item: Leftovers
|-damage|p1a: Mesprit|244\/301 brn|[from] brn
|upkeep
|turn|17
|choice|move psychic|switch 4
|
|switch|p2a: Samurott|Samurott, M|332\/332
|-damage|p2a: Samurott|291\/332|[from] Stealth Rock
|move|p1a: Mesprit|Psychic|p2a: Samurott
|-damage|p2a: Samurott|92\/332
|
|-heal|p1a: Mesprit|262\/301 brn|[from] item: Leftovers
|-damage|p1a: Mesprit|225\/301 brn|[from] brn
|upkeep
|turn|18
|choice|move psychic|move hydropump
|
|move|p2a: Samurott|Hydro Pump|p1a: Mesprit
|-damage|p1a: Mesprit|38\/301 brn
|move|p1a: Mesprit|Psychic|p2a: Samurott
|-damage|p2a: Samurott|0 fnt
|faint|p2a: Samurott
|
|-heal|p1a: Mesprit|56\/301 brn|[from] item: Leftovers
|-damage|p1a: Mesprit|19\/301 brn|[from] brn
|upkeep
|choice||switch 6
|
|switch|p2a: Gurdurr|Gurdurr, M|208\/374
|-damage|p2a: Gurdurr|185\/374|[from] Stealth Rock
|turn|19
|choice|move psychic|move machpunch
|
|move|p2a: Gurdurr|Mach Punch|p1a: Mesprit
|-resisted|p1a: Mesprit
|-damage|p1a: Mesprit|0 fnt
|faint|p1a: Mesprit
|
|upkeep
|choice|switch 6|
|
|switch|p1a: Manectric|Manectric, M, shiny|281\/281
|-damage|p1a: Manectric|246\/281|[from] Stealth Rock
|turn|20
|l|The_Rektster
|player|p1
|j|The_Rektster
|player|p1|The_Rektster|99
|choice|move thunderwave|move drainpunch
|
|move|p1a: Manectric|Thunder Wave|p2a: Gurdurr
|-status|p2a: Gurdurr|par
|move|p2a: Gurdurr|Drain Punch|p1a: Manectric
|-damage|p1a: Manectric|0 fnt
|-heal|p2a: Gurdurr|308\/374 par|[from] drain|[of] p1a: Manectric
|faint|p1a: Manectric
|
|upkeep
|choice|switch 5|
|
|switch|p1a: Archeops|Archeops, M, shiny|291\/291
|-damage|p1a: Archeops|219\/291|[from] Stealth Rock
|turn|21
|choice|move acrobatics|move machpunch
|
|move|p2a: Gurdurr|Mach Punch|p1a: Archeops
|-damage|p1a: Archeops|80\/291
|move|p1a: Archeops|Acrobatics|p2a: Gurdurr
|-supereffective|p2a: Gurdurr
|-damage|p2a: Gurdurr|207\/374 par
|-damage|p1a: Archeops|51\/291|[from] item: Life Orb
|
|upkeep
|turn|22
|choice|move uturn|move bulkup
|
|move|p1a: Archeops|U-turn|p2a: Gurdurr
|-resisted|p2a: Gurdurr
|-damage|p2a: Gurdurr|184\/374 par
|-damage|p1a: Archeops|22\/291|[from] item: Life Orb
|choice|switch 3|
|
|switch|p1a: Samurott|Samurott, F, shiny|295\/331
|-damage|p1a: Samurott|254\/331|[from] Stealth Rock
|cant|p2a: Gurdurr|par
|
|-heal|p1a: Samurott|274\/331|[from] item: Leftovers
|upkeep
|turn|23
|choice|move aquajet|switch 4
|
|switch|p2a: Weezing|Weezing, M|244\/334
|-damage|p2a: Weezing|203\/334|[from] Stealth Rock
|move|p1a: Samurott|Aqua Jet|p2a: Weezing
|-damage|p2a: Weezing|164\/334
|-damage|p1a: Samurott|219\/331|[from] item: Rocky Helmet|[of] p2a: Weezing
|
|-heal|p1a: Samurott|239\/331|[from] item: Leftovers
|upkeep
|turn|24
|choice|move swordsdance|move willowisp
|
|move|p1a: Samurott|Swords Dance|p1a: Samurott
|-boost|p1a: Samurott|atk|2
|move|p2a: Weezing|Will-O-Wisp|p1a: Samurott
|-status|p1a: Samurott|brn
|
|-heal|p1a: Samurott|259\/331 brn|[from] item: Leftovers
|-damage|p1a: Samurott|218\/331 brn|[from] brn
|upkeep
|turn|25
|choice|move aquajet|move destinybond
|
|move|p1a: Samurott|Aqua Jet|p2a: Weezing
|-damage|p2a: Weezing|122\/334
|-damage|p1a: Samurott|163\/331 brn|[from] item: Rocky Helmet|[of] p2a: Weezing
|move|p2a: Weezing|Destiny Bond|p2a: Weezing
|-singlemove|p2a: Weezing|Destiny Bond
|
|-heal|p1a: Samurott|183\/331 brn|[from] item: Leftovers
|-damage|p1a: Samurott|142\/331 brn|[from] brn
|upkeep
|turn|26
|choice|move nightslash|move haze
|
|move|p1a: Samurott|Night Slash|p2a: Weezing
|-crit|p2a: Weezing
|-damage|p2a: Weezing|51\/334
|-damage|p1a: Samurott|87\/331 brn|[from] item: Rocky Helmet|[of] p2a: Weezing
|move|p2a: Weezing|Haze|p2a: Weezing
|-clearallboost
|
|-heal|p1a: Samurott|107\/331 brn|[from] item: Leftovers
|-damage|p1a: Samurott|66\/331 brn|[from] brn
|upkeep
|turn|27
|choice|move aquajet|move willowisp
|
|move|p1a: Samurott|Aqua Jet|p2a: Weezing
|-damage|p2a: Weezing|29\/334
|-damage|p1a: Samurott|11\/331 brn|[from] item: Rocky Helmet|[of] p2a: Weezing
|move|p2a: Weezing|Will-O-Wisp|p1a: Samurott
|-fail|p1a: Samurott|brn
|
|-heal|p1a: Samurott|31\/331 brn|[from] item: Leftovers
|-damage|p1a: Samurott|0 fnt|[from] brn
|upkeep
|faint|p1a: Samurott
|choice|switch 3|
|
|switch|p1a: Archeops|Archeops, M, shiny|22\/291
|-damage|p1a: Archeops|0 fnt|[from] Stealth Rock
|faint|p1a: Archeops
|choice|switch 2|
|
|switch|p1a: Gigalith|Gigalith, M, shiny|374\/374
|-damage|p1a: Gigalith|328\/374|[from] Stealth Rock
|turn|28
|choice|move flashcannon|move memento
|
|move|p2a: Weezing|Memento|p1a: Gigalith
|-unboost|p1a: Gigalith|atk|2
|-unboost|p1a: Gigalith|spa|2
|faint|p2a: Weezing
|move|p1a: Gigalith|Flash Cannon|p2: Weezing|[notarget]
|-notarget
|
|upkeep
|choice||switch 4
|
|switch|p2a: Gurdurr|Gurdurr, M|184\/374 par
|-damage|p2a: Gurdurr|161\/374 par|[from] Stealth Rock
|turn|29
|choice|move ironhead|move drainpunch
|
|move|p1a: Gigalith|Iron Head|p2a: Gurdurr
|-damage|p2a: Gurdurr|123\/374 par
|cant|p2a: Gurdurr|par
|
|upkeep
|turn|30
|choice|move earthquake|move drainpunch
|
|move|p1a: Gigalith|Earthquake|p2a: Gurdurr
|-damage|p2a: Gurdurr|74\/374 par
|move|p2a: Gurdurr|Drain Punch|p1a: Gigalith
|-supereffective|p1a: Gigalith
|-damage|p1a: Gigalith|40\/374
|-heal|p2a: Gurdurr|218\/374 par|[from] drain|[of] p1a: Gigalith
|-damage|p2a: Gurdurr|156\/374 par|[from] item: Rocky Helmet|[of] p1a: Gigalith
|
|upkeep
|turn|31
|choice|move ironhead|move machpunch
|
|move|p2a: Gurdurr|Mach Punch|p1a: Gigalith
|-supereffective|p1a: Gigalith
|-damage|p1a: Gigalith|0 fnt
|-damage|p2a: Gurdurr|94\/374 par|[from] item: Rocky Helmet|[of] p1a: Gigalith
|faint|p1a: Gigalith
|
|win|grigoz
|player|p1
|player|p2
|c|★grigoz|gg
|l|The_Rektster
|raw|The_Rektster's rating: 1071 &rarr; <strong>1051<\/strong><br \/>(-20 for losing)
|raw|grigoz's rating: 1089 &rarr; <strong>1115<\/strong><br \/>(+26 for winning)</script>
</div>
<div class="battle-log battle-log-inline"><div class="inner"><div class="battle-options"></div><div class="inner"><div class="chat"><small>The_Rektster joined.</small></div><div class="chat"><small>grigoz joined.</small></div><div class=""><small>Format:</small> <br><strong>NU</strong></div><div class="rated"><strong>Rated battle</strong></div><div class=""><small><em>Sleep Clause Mod:</em> Limit one foe put to sleep</small></div><div class=""><small><em>Species Clause:</em> Limit one of each Pokémon</small></div><div class=""><small><em>OHKO Clause:</em> OHKO moves are banned</small></div><div class=""><small><em>Moody Clause:</em> Moody is banned</small></div><div class=""><small><em>Evasion Moves Clause:</em> Evasion moves are banned</small></div><div class=""><small><em>Endless Battle Clause:</em> Forcing endless battles is banned</small></div><div class=""><small><em>HP Percentage Mod:</em> HP is shown in percentages</small></div><div class=""><small><em>Swagger Clause:</em> Swagger is banned</small></div><div class=""><small><em>Baton Pass Clause:</em> Limit one Baton Passer, can't pass Spe and other stats simultaneously</small></div><div class="chat battle-history"><strong>The_Rektster's team:</strong> <em style="color:#445566;display:block;">Archeops / Gigalith / Samurott / Mesprit / Steelix / Manectric</em></div><div class="chat battle-history"><strong>grigoz's team:</strong> <em style="color:#445566;display:block;">Crustle / Weezing / Xatu / Samurott / Gurdurr / Kabutops</em></div><div class="spacer battle-history"><br></div><div class="battle-history">Battle started between The_Rektster and grigoz!<br></div><div class="spacer battle-history"><br></div><div class="battle-history">Go! <strong>Steelix</strong>!<br></div><div class="spacer battle-history"><br></div><div class="battle-history">grigoz sent out <strong>Xatu</strong>!<br></div><div class="spacer battle-history"><br></div><h2 class="battle-history">Turn 1</h2><div class="spacer battle-history"><br></div><div class="battle-history">The opposing Xatu used <strong>Tailwind</strong>!<br></div><div class="battle-history"><small>The Tailwind blew from behind the opposing team!</small><br></div><div class="spacer battle-history"><br></div><div class="battle-history">Steelix used <strong>Stealth Rock</strong>!<br></div><div class="spacer battle-history"><br></div><div class="battle-history"><small>[The opposing Xatu's Magic Bounce]</small><br>The opposing Xatu bounced the Stealth Rock back!<br></div><div class="battle-history"><small>Pointed stones float in the air around your team!</small><br></div><div class="spacer battle-history"><br></div><h2 class="battle-history">Turn 2</h2><div class="spacer battle-history"><br></div><div class="battle-history">The opposing Xatu used <strong>Light Screen</strong>!<br></div><div class="battle-history"><small>Light Screen made the opposing team stronger against special moves!</small><br></div><div class="spacer battle-history"><br></div><div class="battle-history">Steelix used <strong>Rock Slide</strong>!<br></div><div class="battle-history"><small>It's super effective!</small><br></div><div class="battle-history"><small>(The opposing Xatu lost <abbr title="−142/334">42.5%</abbr> of its health!)</small><br></div><div class="spacer battle-history"><br></div><h2 class="battle-history">Turn 3</h2><div class="spacer battle-history"><br></div><div class="battle-history">The opposing Xatu used <strong>Wish</strong>!<br></div><div class="spacer battle-history"><br></div><div class="battle-history">Steelix used <strong>Rock Slide</strong>!<br></div><div class="battle-history"><small>It's super effective!</small><br></div><div class="battle-history"><small>(The opposing Xatu lost <abbr title="−142/334">42.5%</abbr> of its health!)</small><br></div><div class="spacer battle-history"><br></div><h2 class="battle-history">Turn 4</h2><div class="spacer battle-history"><br></div><div class="battle-history">The opposing Xatu used <strong>U-turn</strong>!<br></div><div class="battle-history"><small>It's not very effective...</small><br></div><div class="battle-history"><small>(Steelix lost <abbr title="−12/291">4.1%</abbr> of its health!)</small><br></div><div class="battle-history"><small>The opposing Xatu was hurt by the Rocky Helmet!</small><br></div><div class="spacer battle-history"><br></div><div class="battle-history">The opposing Xatu fainted!<br></div><div class="battle-history">Steelix used <strong>Rock Slide</strong>!<br></div><div class="battle-history"><small>But there was no target...</small><br></div><div class="spacer battle-history"><br></div><div class="battle-history"><small>The opposing team's Tailwind petered out!</small><br></div><div class="spacer battle-history"><br></div><div class="battle-history">grigoz sent out <strong>Gurdurr</strong>!<br></div><div class="spacer battle-history"><br></div><h2 class="battle-history">Turn 5</h2><div class="spacer battle-history"><br></div><div class="battle-history">Steelix used <strong>Stealth Rock</strong>!<br></div><div class="battle-history"><small>Pointed stones float in the air around the opposing team!</small><br></div><div class="spacer battle-history"><br></div><div class="battle-history">The opposing Gurdurr used <strong>Bulk Up</strong>!<br></div><div class="battle-history"><small>The opposing Gurdurr's Attack rose!</small><br></div><div class="battle-history"><small>The opposing Gurdurr's Defense rose!</small><br></div><div class="spacer battle-history"><br></div><h2 class="battle-history">Turn 6</h2><div class="spacer battle-history"><br></div><div class="battle-history">Steelix used <strong>Earthquake</strong>!<br></div><div class="battle-history"><small>(The opposing Gurdurr lost <abbr title="−51/374">13.6%</abbr> of its health!)</small><br></div><div class="spacer battle-history"><br></div><div class="battle-history">The opposing Gurdurr used <strong>Bulk Up</strong>!<br></div><div class="battle-history"><small>The opposing Gurdurr's Attack rose!</small><br></div><div class="battle-history"><small>The opposing Gurdurr's Defense rose!</small><br></div><div class="spacer battle-history"><br></div><div class="battle-history"><small>The opposing team's Light Screen wore off!</small><br></div><div class="spacer battle-history"><br></div><h2 class="battle-history">Turn 7</h2><div class="spacer battle-history"><br></div><div class="battle-history">Steelix used <strong>Earthquake</strong>!<br></div><div class="battle-history"><small>(The opposing Gurdurr lost <abbr title="−39/374">10.4%</abbr> of its health!)</small><br></div><div class="spacer battle-history"><br></div><div class="battle-history">The opposing Gurdurr used <strong>Knock Off</strong>!<br></div><div class="battle-history"><small>(Steelix lost <abbr title="−99/291">34.0%</abbr> of its health!)</small><br></div><div class="battle-history"><small>The opposing Gurdurr was hurt by the Rocky Helmet!</small><br></div><div class="battle-history"><small>The opposing Gurdurr knocked off Steelix's Rocky Helmet!</small><br></div><div class="spacer battle-history"><br></div><h2 class="battle-history">Turn 8</h2><div class="spacer battle-history"><br></div><div class="battle-history">Steelix used <strong>Iron Head</strong>!<br></div><div class="battle-history"><small>(The opposing Gurdurr lost <abbr title="−34/374">9.1%</abbr> of its health!)</small><br></div><div class="spacer battle-history"><br></div><div class="battle-history">The opposing Gurdurr flinched and couldn't move!<br></div><div class="spacer battle-history"><br></div><h2 class="battle-history">Turn 9</h2><div class="spacer battle-history"><br></div><div class="battle-history">Steelix used <strong>Earthquake</strong>!<br></div><div class="battle-history"><small>(The opposing Gurdurr lost <abbr title="−43/374">11.5%</abbr> of its health!)</small><br></div><div class="spacer battle-history"><br></div><div class="battle-history">The opposing Gurdurr used <strong>Bulk Up</strong>!<br></div><div class="battle-history"><small>The opposing Gurdurr's Attack rose!</small><br></div><div class="battle-history"><small>The opposing Gurdurr's Defense rose!</small><br></div><div class="spacer battle-history"><br></div><h2 class="battle-history">Turn 10</h2><div class="spacer battle-history"><br></div><div class="battle-history">Steelix used <strong>Iron Head</strong>!<br></div><div class="battle-history"><small>(The opposing Gurdurr lost <abbr title="−27/374">7.2%</abbr> of its health!)</small><br></div><div class="spacer battle-history"><br></div><div class="battle-history">The opposing Gurdurr used <strong>Drain Punch</strong>!<br></div><div class="battle-history"><small>It's super effective!</small><br></div><div class="battle-history"><small>(Steelix lost <abbr title="−180/291">61.9%</abbr> of its health!)</small><br></div><div class="battle-history"><small>Steelix had its energy drained!</small><br></div><div class="spacer battle-history"><br></div><div class="battle-history">Steelix fainted!<br></div><div class="spacer battle-history"><br></div><div class="battle-history">Go! <strong>Mesprit</strong>!<br></div><div class="battle-history"><small>Pointed stones dug into Mesprit!</small><br></div><div class="spacer battle-history"><br></div><h2 class="battle-history">Turn 11</h2><div class="spacer battle-history"><br></div><div class="battle-history">grigoz withdrew Gurdurr!<br></div><div class="battle-history">grigoz sent out <strong>Kabutops</strong>!<br></div><div class="battle-history"><small>Pointed stones dug into the opposing Kabutops!</small><br></div><div class="battle-history"><small>The opposing Kabutops floats in the air with its Air Balloon!</small><br></div><div class="spacer battle-history"><br></div><div class="battle-history">Mesprit used <strong>Psychic</strong>!<br></div><div class="battle-history"><small>(The opposing Kabutops lost <abbr title="−198/324">61.1%</abbr> of its health!)</small><br></div><div class="battle-history"><small>The opposing Kabutops's Air Balloon popped!</small><br></div><div class="spacer battle-history"><br></div><div class="battle-history"><small>Mesprit restored a little HP using its Leftovers!</small><br></div><div class="spacer battle-history"><br></div><h2 class="battle-history">Turn 12</h2><div class="spacer battle-history"><br></div><div class="battle-history">Mesprit used <strong>Energy Ball</strong>!<br></div><div class="battle-history"><small>It's super effective!</small><br></div><div class="battle-history"><small>(The opposing Kabutops lost <abbr title="−86/324">26.5%</abbr> of its health!)</small><br></div><div class="spacer battle-history"><br></div><div class="battle-history">The opposing Kabutops fainted!<br></div><div class="spacer battle-history"><br></div><div class="battle-history"><small>Mesprit restored a little HP using its Leftovers!</small><br></div><div class="spacer battle-history"><br></div><div class="battle-history">grigoz sent out <strong>Crustle</strong>!<br></div><div class="battle-history"><small>Pointed stones dug into the opposing Crustle!</small><br></div><div class="spacer battle-history"><br></div><h2 class="battle-history">Turn 13</h2><div class="spacer battle-history"><br></div><div class="battle-history">Mesprit used <strong>Energy Ball</strong>!<br></div><div class="battle-history"><small>(The opposing Crustle lost <abbr title="−130/281">46.3%</abbr> of its health!)</small><br></div><div class="battle-history"><small>The opposing Crustle held up its Red Card against Mesprit!</small><br></div><div class="spacer battle-history"><br></div><div class="battle-history"><strong>Samurott</strong> was dragged out!<br></div><div class="battle-history"><small>Pointed stones dug into Samurott!</small><br></div><div class="spacer battle-history"><br></div><div class="battle-history">The opposing Crustle used <strong>Shell Smash</strong>!<br></div><div class="battle-history"><small>The opposing Crustle's Defense fell!</small><br></div><div class="battle-history"><small>The opposing Crustle's Special Defense fell!</small><br></div><div class="battle-history"><small>The opposing Crustle's Attack rose sharply!</small><br></div><div class="battle-history"><small>The opposing Crustle's Special Attack rose sharply!</small><br></div><div class="battle-history"><small>The opposing Crustle's Speed rose sharply!</small><br></div><div class="spacer battle-history"><br></div><div class="battle-history"><small>Samurott restored a little HP using its Leftovers!</small><br></div><div class="spacer battle-history"><br></div><h2 class="battle-history">Turn 14</h2><div class="spacer battle-history"><br></div><div class="battle-history">Samurott used <strong>Aqua Jet</strong>!<br></div><div class="battle-history"><small>It's super effective!</small><br></div><div class="battle-history"><small>(The opposing Crustle lost <abbr title="−81/281">28.8%</abbr> of its health!)</small><br></div><div class="spacer battle-history"><br></div><div class="battle-history">The opposing Crustle fainted!<br></div><div class="spacer battle-history"><br></div><div class="battle-history"><small>Samurott restored a little HP using its Leftovers!</small><br></div><div class="spacer battle-history"><br></div><div class="battle-history">grigoz sent out <strong>Weezing</strong>!<br></div><div class="battle-history"><small>Pointed stones dug into the opposing Weezing!</small><br></div><div class="spacer battle-history"><br></div><h2 class="battle-history">Turn 15</h2><div class="spacer battle-history"><br></div><div class="battle-history">Samurott used <strong>Night Slash</strong>!<br></div><div class="battle-history"><small>(The opposing Weezing lost <abbr title="−49/334">14.7%</abbr> of its health!)</small><br></div><div class="battle-history"><small>Samurott was hurt by the Rocky Helmet!</small><br></div><div class="spacer battle-history"><br></div><div class="battle-history">The opposing Weezing used <strong>Will-O-Wisp</strong>!<br></div><div class="battle-history"><small>Samurott avoided the attack!</small><br></div><div class="spacer battle-history"><br></div><div class="battle-history"><small>Samurott restored a little HP using its Leftovers!</small><br></div><div class="spacer battle-history"><br></div><h2 class="battle-history">Turn 16</h2><div class="spacer battle-history"><br></div><div class="battle-history">Samurott, come back!<br></div><div class="battle-history">Go! <strong>Mesprit</strong>!<br></div><div class="battle-history"><small>Pointed stones dug into Mesprit!</small><br></div><div class="spacer battle-history"><br></div><div class="battle-history">The opposing Weezing used <strong>Will-O-Wisp</strong>!<br></div><div class="battle-history"><small>Mesprit was burned!</small><br></div><div class="spacer battle-history"><br></div><div class="battle-history"><small>Mesprit restored a little HP using its Leftovers!</small><br></div><div class="battle-history"><small>Mesprit was hurt by its burn!</small><br></div><div class="spacer battle-history"><br></div><h2 class="battle-history">Turn 17</h2><div class="spacer battle-history"><br></div><div class="battle-history">grigoz withdrew Weezing!<br></div><div class="battle-history">grigoz sent out <strong>Samurott</strong>!<br></div><div class="battle-history"><small>Pointed stones dug into the opposing Samurott!</small><br></div><div class="spacer battle-history"><br></div><div class="battle-history">Mesprit used <strong>Psychic</strong>!<br></div><div class="battle-history"><small>(The opposing Samurott lost <abbr title="−199/332">59.9%</abbr> of its health!)</small><br></div><div class="spacer battle-history"><br></div><div class="battle-history"><small>Mesprit restored a little HP using its Leftovers!</small><br></div><div class="battle-history"><small>Mesprit was hurt by its burn!</small><br></div><div class="spacer battle-history"><br></div><h2 class="battle-history">Turn 18</h2><div class="spacer battle-history"><br></div><div class="battle-history">The opposing Samurott used <strong>Hydro Pump</strong>!<br></div><div class="battle-history"><small>(Mesprit lost <abbr title="−187/301">62.1%</abbr> of its health!)</small><br></div><div class="spacer battle-history"><br></div><div class="battle-history">Mesprit used <strong>Psychic</strong>!<br></div><div class="battle-history"><small>(The opposing Samurott lost <abbr title="−92/332">27.7%</abbr> of its health!)</small><br></div><div class="spacer battle-history"><br></div><div class="battle-history">The opposing Samurott fainted!<br></div><div class="spacer battle-history"><br></div><div class="battle-history"><small>Mesprit restored a little HP using its Leftovers!</small><br></div><div class="battle-history"><small>Mesprit was hurt by its burn!</small><br></div><div class="spacer battle-history"><br></div><div class="battle-history">grigoz sent out <strong>Gurdurr</strong>!<br></div><div class="battle-history"><small>Pointed stones dug into the opposing Gurdurr!</small><br></div><div class="spacer battle-history"><br></div><h2 class="battle-history">Turn 19</h2><div class="spacer battle-history"><br></div><div class="battle-history">The opposing Gurdurr used <strong>Mach Punch</strong>!<br></div><div class="battle-history"><small>It's not very effective...</small><br></div><div class="battle-history"><small>(Mesprit lost <abbr title="−19/301">6.3%</abbr> of its health!)</small><br></div><div class="spacer battle-history"><br></div><div class="battle-history">Mesprit fainted!<br></div><div class="spacer battle-history"><br></div><div class="battle-history">Go! <strong>Manectric</strong>!<br></div><div class="battle-history"><small>Pointed stones dug into Manectric!</small><br></div><div class="spacer battle-history"><br></div><h2 class="battle-history">Turn 20</h2><div class="chat"><small>The_Rektster left.</small></div><div class="chat"><small>The_Rektster joined.</small></div><div class="spacer battle-history"><br></div><div class="battle-history">Manectric used <strong>Thunder Wave</strong>!<br></div><div class="battle-history"><small>The opposing Gurdurr is paralyzed! It may be unable to move!</small><br></div><div class="spacer battle-history"><br></div><div class="battle-history">The opposing Gurdurr used <strong>Drain Punch</strong>!<br></div><div class="battle-history"><small>(Manectric lost <abbr title="−246/281">87.5%</abbr> of its health!)</small><br></div><div class="battle-history"><small>Manectric had its energy drained!</small><br></div><div class="spacer battle-history"><br></div><div class="battle-history">Manectric fainted!<br></div><div class="spacer battle-history"><br></div><div class="battle-history">Go! <strong>Archeops</strong>!<br></div><div class="battle-history"><small>Pointed stones dug into Archeops!</small><br></div><div class="spacer battle-history"><br></div><h2 class="battle-history">Turn 21</h2><div class="spacer battle-history"><br></div><div class="battle-history">The opposing Gurdurr used <strong>Mach Punch</strong>!<br></div><div class="battle-history"><small>(Archeops lost <abbr title="−139/291">47.8%</abbr> of its health!)</small><br></div><div class="spacer battle-history"><br></div><div class="battle-history">Archeops used <strong>Acrobatics</strong>!<br></div><div class="battle-history"><small>It's super effective!</small><br></div><div class="battle-history"><small>(The opposing Gurdurr lost <abbr title="−101/374">27.0%</abbr> of its health!)</small><br></div><div class="battle-history"><small>Archeops lost some of its HP!</small><br></div><div class="spacer battle-history"><br></div><h2 class="battle-history">Turn 22</h2><div class="spacer battle-history"><br></div><div class="battle-history">Archeops used <strong>U-turn</strong>!<br></div><div class="battle-history"><small>It's not very effective...</small><br></div><div class="battle-history"><small>(The opposing Gurdurr lost <abbr title="−23/374">6.1%</abbr> of its health!)</small><br></div><div class="battle-history"><small>Archeops lost some of its HP!</small><br></div><div class="spacer battle-history"><br></div><div class="battle-history">Archeops went back to The_Rektster!<br></div><div class="battle-history">Go! <strong>Samurott</strong>!<br></div><div class="battle-history"><small>Pointed stones dug into Samurott!</small><br></div><div class="spacer battle-history"><br></div><div class="battle-history">The opposing Gurdurr is paralyzed! It can't move!<br></div><div class="spacer battle-history"><br></div><div class="battle-history"><small>Samurott restored a little HP using its Leftovers!</small><br></div><div class="spacer battle-history"><br></div><h2 class="battle-history">Turn 23</h2><div class="spacer battle-history"><br></div><div class="battle-history">grigoz withdrew Gurdurr!<br></div><div class="battle-history">grigoz sent out <strong>Weezing</strong>!<br></div><div class="battle-history"><small>Pointed stones dug into the opposing Weezing!</small><br></div><div class="spacer battle-history"><br></div><div class="battle-history">Samurott used <strong>Aqua Jet</strong>!<br></div><div class="battle-history"><small>(The opposing Weezing lost <abbr title="−39/334">11.7%</abbr> of its health!)</small><br></div><div class="battle-history"><small>Samurott was hurt by the Rocky Helmet!</small><br></div><div class="spacer battle-history"><br></div><div class="battle-history"><small>Samurott restored a little HP using its Leftovers!</small><br></div><div class="spacer battle-history"><br></div><h2 class="battle-history">Turn 24</h2><div class="spacer battle-history"><br></div><div class="battle-history">Samurott used <strong>Swords Dance</strong>!<br></div><div class="battle-history"><small>Samurott's Attack rose sharply!</small><br></div><div class="spacer battle-history"><br></div><div class="battle-history">The opposing Weezing used <strong>Will-O-Wisp</strong>!<br></div><div class="battle-history"><small>Samurott was burned!</small><br></div><div class="spacer battle-history"><br></div><div class="battle-history"><small>Samurott restored a little HP using its Leftovers!</small><br></div><div class="battle-history"><small>Samurott was hurt by its burn!</small><br></div><div class="spacer battle-history"><br></div><h2 class="battle-history">Turn 25</h2><div class="spacer battle-history"><br></div><div class="battle-history">Samurott used <strong>Aqua Jet</strong>!<br></div><div class="battle-history"><small>(The opposing Weezing lost <abbr title="−42/334">12.6%</abbr> of its health!)</small><br></div><div class="battle-history"><small>Samurott was hurt by the Rocky Helmet!</small><br></div><div class="spacer battle-history"><br></div><div class="battle-history">The opposing Weezing used <strong>Destiny Bond</strong>!<br></div><div class="battle-history">The opposing Weezing is hoping to take its attacker down with it!<br></div><div class="spacer battle-history"><br></div><div class="battle-history"><small>Samurott restored a little HP using its Leftovers!</small><br></div><div class="battle-history"><small>Samurott was hurt by its burn!</small><br></div><div class="spacer battle-history"><br></div><h2 class="battle-history">Turn 26</h2><div class="spacer battle-history"><br></div><div class="battle-history">Samurott used <strong>Night Slash</strong>!<br></div><div class="battle-history"><small>A critical hit!</small><br></div><div class="battle-history"><small>(The opposing Weezing lost <abbr title="−71/334">21.3%</abbr> of its health!)</small><br></div><div class="battle-history"><small>Samurott was hurt by the Rocky Helmet!</small><br></div><div class="spacer battle-history"><br></div><div class="battle-history">The opposing Weezing used <strong>Haze</strong>!<br></div><div class="battle-history"><small>All stat changes were eliminated!</small><br></div><div class="spacer battle-history"><br></div><div class="battle-history"><small>Samurott restored a little HP using its Leftovers!</small><br></div><div class="battle-history"><small>Samurott was hurt by its burn!</small><br></div><div class="spacer battle-history"><br></div><h2 class="battle-history">Turn 27</h2><div class="spacer battle-history"><br></div><div class="battle-history">Samurott used <strong>Aqua Jet</strong>!<br></div><div class="battle-history"><small>(The opposing Weezing lost <abbr title="−22/334">6.6%</abbr> of its health!)</small><br></div><div class="battle-history"><small>Samurott was hurt by the Rocky Helmet!</small><br></div><div class="spacer battle-history"><br></div><div class="battle-history">The opposing Weezing used <strong>Will-O-Wisp</strong>!<br></div><div class="battle-history"><small>Samurott already has a burn.</small><br></div><div class="spacer battle-history"><br></div><div class="battle-history"><small>Samurott restored a little HP using its Leftovers!</small><br></div><div class="battle-history"><small>Samurott was hurt by its burn!</small><br></div><div class="spacer battle-history"><br></div><div class="battle-history">Samurott fainted!<br></div><div class="spacer battle-history"><br></div><div class="battle-history">Go! <strong>Archeops</strong>!<br></div><div class="battle-history"><small>Pointed stones dug into Archeops!</small><br></div><div class="spacer battle-history"><br></div><div class="battle-history">Archeops fainted!<br></div><div class="spacer battle-history"><br></div><div class="battle-history">Go! <strong>Gigalith</strong>!<br></div><div class="battle-history"><small>Pointed stones dug into Gigalith!</small><br></div><div class="spacer battle-history"><br></div><h2 class="battle-history">Turn 28</h2><div class="spacer battle-history"><br></div><div class="battle-history">The opposing Weezing used <strong>Memento</strong>!<br></div><div class="battle-history"><small>Gigalith's Attack fell harshly!</small><br></div><div class="battle-history"><small>Gigalith's Special Attack fell harshly!</small><br></div><div class="spacer battle-history"><br></div><div class="battle-history">The opposing Weezing fainted!<br></div><div class="battle-history">Gigalith used <strong>Flash Cannon</strong>!<br></div><div class="battle-history"><small>But there was no target...</small><br></div><div class="spacer battle-history"><br></div><div class="battle-history">grigoz sent out <strong>Gurdurr</strong>!<br></div><div class="battle-history"><small>Pointed stones dug into the opposing Gurdurr!</small><br></div><div class="spacer battle-history"><br></div><h2 class="battle-history">Turn 29</h2><div class="spacer battle-history"><br></div><div class="battle-history">Gigalith used <strong>Iron Head</strong>!<br></div><div class="battle-history"><small>(The opposing Gurdurr lost <abbr title="−38/374">10.2%</abbr> of its health!)</small><br></div><div class="spacer battle-history"><br></div><div class="battle-history">The opposing Gurdurr is paralyzed! It can't move!<br></div><div class="spacer battle-history"><br></div><h2 class="battle-history">Turn 30</h2><div class="spacer battle-history"><br></div><div class="battle-history">Gigalith used <strong>Earthquake</strong>!<br></div><div class="battle-history"><small>(The opposing Gurdurr lost <abbr title="−49/374">13.1%</abbr> of its health!)</small><br></div><div class="spacer battle-history"><br></div><div class="battle-history">The opposing Gurdurr used <strong>Drain Punch</strong>!<br></div><div class="battle-history"><small>It's super effective!</small><br></div><div class="battle-history"><small>(Gigalith lost <abbr title="−288/374">77.0%</abbr> of its health!)</small><br></div><div class="battle-history"><small>Gigalith had its energy drained!</small><br></div><div class="battle-history"><small>The opposing Gurdurr was hurt by the Rocky Helmet!</small><br></div><div class="spacer battle-history"><br></div><h2 class="battle-history">Turn 31</h2><div class="spacer battle-history"><br></div><div class="battle-history">The opposing Gurdurr used <strong>Mach Punch</strong>!<br></div><div class="battle-history"><small>It's super effective!</small><br></div><div class="battle-history"><small>(Gigalith lost <abbr title="−40/374">10.7%</abbr> of its health!)</small><br></div><div class="battle-history"><small>The opposing Gurdurr was hurt by the Rocky Helmet!</small><br></div><div class="spacer battle-history"><br></div><div class="battle-history">Gigalith fainted!<br></div><div class="spacer battle-history"><br></div><div class="battle-history"><strong>grigoz</strong> won the battle!<br></div><div class="chat chatmessage-grigoz"><strong style="color:hsl(258,47%,59.35231688112293%)"><small>★</small><span class="username" data-name="grigoz">grigoz</span>:</strong> <em>gg</em></div><div class="chat"><small>The_Rektster left.</small></div><div class="chat">The_Rektster's rating: 1071 → <strong>1051</strong><br>(-20 for losing)</div><div class="chat">grigoz's rating: 1089 → <strong>1115</strong><br>(+26 for winning)</div></div><div class="inner-preempt"></div></div></div>
</div>
<script>
let daily = Math.floor(Date.now()/1000/60/60/24);document.write('<script src="https://play.pokemonshowdown.com/js/replay-embed.js?version'+daily+'"></'+'script>');
</script>
