<!DOCTYPE html>
<meta charset="utf-8" />
<!-- version 1 -->
<title>NU replay: chindgon vs. Wrath13</title>
<style>
html,body {font-family:Verdana, sans-serif;font-size:10pt;margin:0;padding:0;}body{padding:12px 0;} .battle-log {font-family:Verdana, sans-serif;font-size:10pt;} .battle-log-inline {border:1px solid #AAAAAA;background:#EEF2F5;color:black;max-width:640px;margin:0 auto 80px;padding-bottom:5px;} .battle-log .inner {padding:4px 8px 0px 8px;} .battle-log .inner-preempt {padding:0 8px 4px 8px;} .battle-log .inner-after {margin-top:0.5em;} .battle-log h2 {margin:0.5em -8px;padding:4px 8px;border:1px solid #AAAAAA;background:#E0E7EA;border-left:0;border-right:0;font-family:Verdana, sans-serif;font-size:13pt;} .battle-log .chat {vertical-align:middle;padding:3px 0 3px 0;font-size:8pt;} .battle-log .chat strong {color:#40576A;} .battle-log .chat em {padding:1px 4px 1px 3px;color:#000000;font-style:normal;} .chat.mine {background:rgba(0,0,0,0.05);margin-left:-8px;margin-right:-8px;padding-left:8px;padding-right:8px;} .spoiler {color:#BBBBBB;background:#BBBBBB;padding:0px 3px;} .spoiler:hover, .spoiler:active, .spoiler-shown {color:#000000;background:#E2E2E2;padding:0px 3px;} .spoiler a {color:#BBBBBB;} .spoiler:hover a, .spoiler:active a, .spoiler-shown a {color:#2288CC;} .chat code, .chat .spoiler:hover code, .chat .spoiler:active code, .chat .spoiler-shown code {border:1px solid #C0C0C0;background:#EEEEEE;color:black;padding:0 2px;} .chat .spoiler code {border:1px solid #CCCCCC;background:#CCCCCC;color:#CCCCCC;} .battle-log .rated {padding:3px 4px;} .battle-log .rated strong {color:white;background:#89A;padding:1px 4px;border-radius:4px;} .spacer {margin-top:0.5em;} .message-announce {background:#6688AA;color:white;padding:1px 4px 2px;} .message-announce a, .broadcast-green a, .broadcast-blue a, .broadcast-red a {color:#DDEEFF;} .broadcast-green {background-color:#559955;color:white;padding:2px 4px;} .broadcast-blue {background-color:#6688AA;color:white;padding:2px 4px;} .infobox {border:1px solid #6688AA;padding:2px 4px;} .infobox-limited {max-height:200px;overflow:auto;overflow-x:hidden;} .broadcast-red {background-color:#AA5544;color:white;padding:2px 4px;} .message-learn-canlearn {font-weight:bold;color:#228822;text-decoration:underline;} .message-learn-cannotlearn {font-weight:bold;color:#CC2222;text-decoration:underline;} .message-effect-weak {font-weight:bold;color:#CC2222;} .message-effect-resist {font-weight:bold;color:#6688AA;} .message-effect-immune {font-weight:bold;color:#666666;} .message-learn-list {margin-top:0;margin-bottom:0;} .message-throttle-notice, .message-error {color:#992222;} .message-overflow, .chat small.message-overflow {font-size:0pt;} .message-overflow::before {font-size:9pt;content:'...';} .subtle {color:#3A4A66;}
</style>
<div class="wrapper replay-wrapper" style="max-width:1180px;margin:0 auto">
<input type="hidden" name="replayid" value="nu-568297670" />
<div class="battle"></div><div class="battle-log"></div><div class="replay-controls"></div><div class="replay-controls-2"></div>
<h1 style="font-weight:normal;text-align:center"><strong>NU</strong><br /><a href="http://pokemonshowdown.com/users/chindgon" class="subtle" target="_blank">chindgon</a> vs. <a href="http://pokemonshowdown.com/users/wrath13" class="subtle" target="_blank">Wrath13</a></h1>
<script type="text/plain" class="battle-log-data">|j|chindgon
|j|Wrath13
|player|p1|chindgon|256
|player|p2|Wrath13|162
|gametype|singles
|gen|6
|tier|NU
|rated
|seed|13146,36605,63810,46203
|rule|Sleep Clause Mod: Limit one foe put to sleep
|rule|Species Clause: Limit one of each Pokémon
|rule|OHKO Clause: OHKO moves are banned
|rule|Moody Clause: Moody is banned
|rule|Evasion Moves Clause: Evasion moves are banned
|rule|Endless Battle Clause: Forcing endless battles is banned
|rule|HP Percentage Mod: HP is shown in percentages
|clearpoke
|poke|p1|Tauros, M|item
|poke|p1|Manectric, M|item
|poke|p1|Aggron, F|item
|poke|p1|Mismagius, M|item
|poke|p1|Hitmonchan, M|item
|poke|p1|Poliwrath, M|item
|poke|p2|Ferroseed, F|item
|poke|p2|Liepard, F|item
|poke|p2|Hitmonchan, M|item
|poke|p2|Gastrodon, F|item
|poke|p2|Tauros, M|item
|poke|p2|Zangoose, M|item
|rule|Swagger Clause: Swagger is banned
|rule|Baton Pass Clause: Limit one Baton Passer, can't pass Spe and other stats simultaneously
|teampreview
|choice|team 1, team 2, team 3, team 4, team 5, team 6|team 1, team 2, team 3, team 4, team 5, team 6
|
|start
|switch|p1a: Malphite|Tauros, M|291\/291
|switch|p2a: Ferroseed|Ferroseed, F|265\/265
|-ability|p1a: Malphite|Intimidate|boost
|-unboost|p2a: Ferroseed|atk|1
|turn|1
|choice|switch 3|move leechseed
|
|switch|p1a: Stomp|Aggron, F|344\/344
|move|p2a: Ferroseed|Leech Seed|p1a: Stomp
|-start|p1a: Stomp|move: Leech Seed
|
|-damage|p1a: Stomp|301\/344|[from] Leech Seed|[of] p2a: Ferroseed
|upkeep
|turn|2
|choice|move stealthrock|move stealthrock
|
|move|p1a: Stomp|Stealth Rock|p2a: Ferroseed
|-sidestart|p2: Wrath13|move: Stealth Rock
|move|p2a: Ferroseed|Stealth Rock|p1a: Stomp
|-sidestart|p1: chindgon|move: Stealth Rock
|
|-heal|p1a: Stomp|322\/344|[from] item: Leftovers
|-damage|p1a: Stomp|279\/344|[from] Leech Seed|[of] p2a: Ferroseed
|upkeep
|turn|3
|choice|switch 5|move leechseed
|
|switch|p1a: Pong|Hitmonchan, M|303\/303
|-damage|p1a: Pong|285\/303|[from] Stealth Rock
|move|p2a: Ferroseed|Leech Seed|p1a: Pong
|-start|p1a: Pong|move: Leech Seed
|
|-damage|p1a: Pong|248\/303|[from] Leech Seed|[of] p2a: Ferroseed
|upkeep
|turn|4
|choice|move highjumpkick|switch 4
|
|switch|p2a: Gastrodon|Gastrodon, F|363\/363
|-damage|p2a: Gastrodon|341\/363|[from] Stealth Rock
|move|p1a: Pong|High Jump Kick|p2a: Gastrodon
|-damage|p2a: Gastrodon|148\/363
|
|-heal|p2a: Gastrodon|170\/363|[from] item: Leftovers
|-damage|p1a: Pong|211\/303|[from] Leech Seed|[of] p2a: Gastrodon
|-heal|p2a: Gastrodon|207\/363|[silent]
|upkeep
|turn|5
|choice|move rapidspin|move recover
|
|move|p1a: Pong|Rapid Spin|p2a: Gastrodon
|-damage|p2a: Gastrodon|187\/363
|-end|p1a: Pong|Leech Seed|[from] move: Rapid Spin|[of] p1a: Pong
|-sideend|p1: chindgon|Stealth Rock|[from] move: Rapid Spin|[of] p1a: Pong
|move|p2a: Gastrodon|Recover|p2a: Gastrodon
|-heal|p2a: Gastrodon|363\/363
|
|upkeep
|turn|6
|choice|move drainpunch|move scald
|
|move|p1a: Pong|Drain Punch|p2a: Gastrodon
|-damage|p2a: Gastrodon|215\/363
|-heal|p1a: Pong|285\/303|[from] drain|[of] p2a: Gastrodon
|move|p2a: Gastrodon|Scald|p1a: Pong
|-crit|p1a: Pong
|-damage|p1a: Pong|203\/303
|
|-heal|p2a: Gastrodon|237\/363|[from] item: Leftovers
|upkeep
|turn|7
|choice|switch 6|move toxic
|
|switch|p1a: poliswag|Poliwrath, M|321\/321
|move|p2a: Gastrodon|Toxic|p1a: poliswag
|-status|p1a: poliswag|tox
|
|-heal|p2a: Gastrodon|259\/363|[from] item: Leftovers
|-damage|p1a: poliswag|301\/321 tox|[from] psn
|upkeep
|turn|8
|choice|move icepunch|switch 4
|
|switch|p2a: Ferroseed|Ferroseed, F|265\/265
|-damage|p2a: Ferroseed|249\/265|[from] Stealth Rock
|move|p1a: poliswag|Ice Punch|p2a: Ferroseed
|-damage|p2a: Ferroseed|194\/265
|-damage|p1a: poliswag|261\/321 tox|[from] ability: Iron Barbs|[of] p2a: Ferroseed
|-damage|p1a: poliswag|208\/321 tox|[from] item: Rocky Helmet|[of] p2a: Ferroseed
|
|-damage|p1a: poliswag|168\/321 tox|[from] psn
|upkeep
|turn|9
|choice|switch 2|move leechseed
|
|switch|p1a: Pile|Manectric, M|281\/281
|move|p2a: Ferroseed|Leech Seed|p1a: Pile|[miss]
|-miss|p2a: Ferroseed|p1a: Pile
|
|upkeep
|turn|10
|choice|move hiddenpower|switch 4
|
|switch|p2a: Gastrodon|Gastrodon, F|259\/363
|-damage|p2a: Gastrodon|237\/363|[from] Stealth Rock
|move|p1a: Pile|Hidden Power|p2a: Gastrodon
|-supereffective|p2a: Gastrodon
|-damage|p2a: Gastrodon|0 fnt
|-damage|p1a: Pile|253\/281|[from] item: Life Orb
|faint|p2a: Gastrodon
|
|upkeep
|choice||switch 6
|
|switch|p2a: Zangoose|Zangoose, M|287\/287
|-damage|p2a: Zangoose|252\/287|[from] Stealth Rock
|turn|11
|choice|switch 5|move knockoff
|
|switch|p1a: Stomp|Aggron, F|279\/344
|move|p2a: Zangoose|Knock Off|p1a: Stomp
|-damage|p1a: Stomp|216\/344
|-enditem|p1a: Stomp|Leftovers|[from] move: Knock Off|[of] p2a: Zangoose
|
|-status|p2a: Zangoose|tox|[from] item: Toxic Orb
|upkeep
|turn|12
|choice|move stoneedge|move closecombat
|
|move|p2a: Zangoose|Close Combat|p1a: Stomp
|-supereffective|p1a: Stomp
|-damage|p1a: Stomp|0 fnt
|-unboost|p2a: Zangoose|def|1
|-unboost|p2a: Zangoose|spd|1
|faint|p1a: Stomp
|
|-damage|p2a: Zangoose|235\/287 tox|[from] psn
|upkeep
|choice|switch 3|
|
|switch|p1a: Malphite|Tauros, M|291\/291
|-ability|p1a: Malphite|Intimidate|boost
|-unboost|p2a: Zangoose|atk|1
|turn|13
|choice|move doubleedge|switch 4
|
|switch|p2a: Ferroseed|Ferroseed, F|194\/265
|-damage|p2a: Ferroseed|178\/265|[from] Stealth Rock
|move|p1a: Malphite|Double-Edge|p2a: Ferroseed
|-resisted|p2a: Ferroseed
|-damage|p2a: Ferroseed|76\/265
|-damage|p1a: Malphite|255\/291|[from] ability: Iron Barbs|[of] p2a: Ferroseed
|-damage|p1a: Malphite|207\/291|[from] item: Rocky Helmet|[of] p2a: Ferroseed
|-damage|p1a: Malphite|173\/291|[from] recoil|[of] p2a: Ferroseed
|
|upkeep
|turn|14
|choice|move doubleedge|move toxic
|
|move|p1a: Malphite|Double-Edge|p2a: Ferroseed
|-resisted|p2a: Ferroseed
|-damage|p2a: Ferroseed|0 fnt
|-damage|p1a: Malphite|137\/291|[from] ability: Iron Barbs|[of] p2a: Ferroseed
|-damage|p1a: Malphite|89\/291|[from] item: Rocky Helmet|[of] p2a: Ferroseed
|-damage|p1a: Malphite|64\/291|[from] recoil|[of] p2a: Ferroseed
|faint|p2a: Ferroseed
|
|upkeep
|choice||switch 3
|
|switch|p2a: Hitmonchan|Hitmonchan, M|241\/241
|-damage|p2a: Hitmonchan|226\/241|[from] Stealth Rock
|turn|15
|choice|switch 4|move bulkup
|
|switch|p1a: Palapin|Mismagius, M|324\/324
|move|p2a: Hitmonchan|Bulk Up|p2a: Hitmonchan
|-boost|p2a: Hitmonchan|atk|1
|-boost|p2a: Hitmonchan|def|1
|
|upkeep
|turn|16
|choice|move willowisp|move thunderpunch
|
|move|p2a: Hitmonchan|Thunder Punch|p1a: Palapin
|-damage|p1a: Palapin|91\/324
|move|p1a: Palapin|Will-O-Wisp|p2a: Hitmonchan|[miss]
|-miss|p1a: Palapin|p2a: Hitmonchan
|
|-heal|p1a: Palapin|111\/324|[from] item: Leftovers
|upkeep
|turn|17
|choice|switch 5|move thunderpunch
|
|switch|p1a: Pile|Manectric, M|253\/281
|move|p2a: Hitmonchan|Thunder Punch|p1a: Pile
|-resisted|p1a: Pile
|-damage|p1a: Pile|129\/281
|
|upkeep
|turn|18
|choice|move thunderbolt|move machpunch
|
|move|p2a: Hitmonchan|Mach Punch|p1a: Pile
|-damage|p1a: Pile|0 fnt
|-status|p2a: Hitmonchan|par|[from] ability: Static|[of] p1a: Pile
|-enditem|p2a: Hitmonchan|Lum Berry|[eat]
|-curestatus|p2a: Hitmonchan|par|[msg]
|faint|p1a: Pile
|
|upkeep
|choice|switch 4|
|
|switch|p1a: Malphite|Tauros, M|64\/291
|-ability|p1a: Malphite|Intimidate|boost
|-unboost|p2a: Hitmonchan|atk|1
|turn|19
|choice|move doubleedge|move thunderpunch
|
|move|p1a: Malphite|Double-Edge|p2a: Hitmonchan
|-damage|p2a: Hitmonchan|0 fnt
|-damage|p1a: Malphite|0 fnt|[from] recoil|[of] p2a: Hitmonchan
|faint|p2a: Hitmonchan
|faint|p1a: Malphite
|
|upkeep
|choice|switch 6|switch 2
|
|switch|p2a: Liepard|Liepard, F|269\/269
|switch|p1a: Pong|Hitmonchan, M|203\/303
|-damage|p2a: Liepard|236\/269|[from] Stealth Rock
|turn|20
|choice|move drainpunch|move foulplay
|
|move|p2a: Liepard|Foul Play|p1a: Pong
|-resisted|p1a: Pong
|-damage|p1a: Pong|95\/303
|move|p1a: Pong|Drain Punch|p2a: Liepard
|-supereffective|p2a: Liepard
|-damage|p2a: Liepard|0 fnt
|-heal|p1a: Pong|213\/303|[from] drain|[of] p2a: Liepard
|faint|p2a: Liepard
|
|upkeep
|choice||switch 5
|
|switch|p2a: Tauros|Tauros, M|291\/291
|-damage|p2a: Tauros|255\/291|[from] Stealth Rock
|-ability|p2a: Tauros|Intimidate|boost
|-unboost|p1a: Pong|atk|1
|turn|21
|choice|switch 5|move doubleedge
|
|switch|p1a: Palapin|Mismagius, M|111\/324
|move|p2a: Tauros|Double-Edge|p1a: Palapin
|-immune|p1a: Palapin|[msg]
|
|-heal|p1a: Palapin|131\/324|[from] item: Leftovers
|upkeep
|turn|22
|choice|move psychic|switch 4
|
|switch|p2a: Zangoose|Zangoose, M|235\/287 tox
|-damage|p2a: Zangoose|200\/287 tox|[from] Stealth Rock
|move|p1a: Palapin|Psychic|p2a: Zangoose
|-damage|p2a: Zangoose|78\/287 tox
|
|-heal|p1a: Palapin|151\/324|[from] item: Leftovers
|-damage|p2a: Zangoose|61\/287 tox|[from] psn
|upkeep
|turn|23
|choice|move taunt|move knockoff
|
|move|p2a: Zangoose|Knock Off|p1a: Palapin
|-supereffective|p1a: Palapin
|-damage|p1a: Palapin|0 fnt
|-enditem|p1a: Palapin|Leftovers|[from] move: Knock Off|[of] p2a: Zangoose
|faint|p1a: Palapin
|
|-damage|p2a: Zangoose|27\/287 tox|[from] psn
|upkeep
|choice|switch 2|
|
|switch|p1a: poliswag|Poliwrath, M|168\/321 tox
|turn|24
|choice|move brickbreak|move facade
|
|move|p1a: poliswag|Brick Break|p2a: Zangoose
|-supereffective|p2a: Zangoose
|-damage|p2a: Zangoose|0 fnt
|faint|p2a: Zangoose
|
|-damage|p1a: poliswag|148\/321 tox|[from] psn
|upkeep
|choice||switch 4
|
|switch|p2a: Tauros|Tauros, M|255\/291
|-damage|p2a: Tauros|219\/291|[from] Stealth Rock
|-ability|p2a: Tauros|Intimidate|boost
|-unboost|p1a: poliswag|atk|1
|turn|25
|choice|move brickbreak|move doubleedge
|
|move|p1a: poliswag|Brick Break|p2a: Tauros
|-supereffective|p2a: Tauros
|-damage|p2a: Tauros|81\/291
|move|p2a: Tauros|Double-Edge|p1a: poliswag
|-damage|p1a: poliswag|0 fnt
|-damage|p2a: Tauros|32\/291|[from] recoil|[of] p1a: poliswag
|faint|p1a: poliswag
|
|upkeep
|choice|switch 5|
|
|switch|p1a: Pong|Hitmonchan, M|213\/303
|turn|26
|choice|move drainpunch|move doubleedge
|
|move|p2a: Tauros|Double-Edge|p1a: Pong
|-damage|p1a: Pong|0 fnt
|-damage|p2a: Tauros|0 fnt|[from] recoil|[of] p1a: Pong
|faint|p1a: Pong
|faint|p2a: Tauros
|
|win|Wrath13
|raw|chindgon's rating: 1000 &rarr; <strong>1000<\/strong><br \/>(+0 for losing)
|raw|Wrath13's rating: 1074 &rarr; <strong>1096<\/strong><br \/>(+22 for winning)</script>
</div>
<div class="battle-log battle-log-inline"><div class="inner"><div class="battle-options"></div><div class="inner"><div class="chat"><small>chindgon joined.</small></div><div class="chat"><small>Wrath13 joined.</small></div><div class=""><small>Format:</small> <br><strong>NU</strong></div><div class="rated"><strong>Rated battle</strong></div><div class=""><small><em>Sleep Clause Mod:</em> Limit one foe put to sleep</small></div><div class=""><small><em>Species Clause:</em> Limit one of each Pokémon</small></div><div class=""><small><em>OHKO Clause:</em> OHKO moves are banned</small></div><div class=""><small><em>Moody Clause:</em> Moody is banned</small></div><div class=""><small><em>Evasion Moves Clause:</em> Evasion moves are banned</small></div><div class=""><small><em>Endless Battle Clause:</em> Forcing endless battles is banned</small></div><div class=""><small><em>HP Percentage Mod:</em> HP is shown in percentages</small></div><div class=""><small><em>Swagger Clause:</em> Swagger is banned</small></div><div class=""><small><em>Baton Pass Clause:</em> Limit one Baton Passer, can't pass Spe and other stats simultaneously</small></div><div class="chat battle-history"><strong>chindgon's team:</strong> <em style="color:#445566;display:block;">Tauros / Manectric / Aggron / Mismagius / Hitmonchan / Poliwrath</em></div><div class="chat battle-history"><strong>Wrath13's team:</strong> <em style="color:#445566;display:block;">Ferroseed / Liepard / Hitmonchan / Gastrodon / Tauros / Zangoose</em></div><div class="spacer battle-history"><br></div><div class="battle-history">Battle started between chindgon and Wrath13!<br></div><div class="spacer battle-history"><br></div><div class="battle-history">Go! Malphite (<strong>Tauros</strong>)!<br></div><div class="spacer battle-history"><br></div><div class="battle-history">Wrath13 sent out <strong>Ferroseed</strong>!<br></div><div class="battle-history"><small>[Malphite's Intimidate]</small><br></div><div class="battle-history"><small>The opposing Ferroseed's Attack fell!</small><br></div><div class="spacer battle-history"><br></div><h2 class="battle-history">Turn 1</h2><div class="spacer battle-history"><br></div><div class="battle-history">Malphite, come back!<br></div><div class="battle-history">Go! Stomp (<strong>Aggron</strong>)!<br></div><div class="spacer battle-history"><br></div><div class="battle-history">The opposing Ferroseed used <strong>Leech Seed</strong>!<br></div><div class="battle-history"><small>Stomp was seeded!</small><br></div><div class="spacer battle-history"><br></div><div class="battle-history"><small>Stomp's health is sapped by Leech Seed!</small><br></div><div class="spacer battle-history"><br></div><h2 class="battle-history">Turn 2</h2><div class="spacer battle-history"><br></div><div class="battle-history">Stomp used <strong>Stealth Rock</strong>!<br></div><div class="battle-history"><small>Pointed stones float in the air around the opposing team!</small><br></div><div class="spacer battle-history"><br></div><div class="battle-history">The opposing Ferroseed used <strong>Stealth Rock</strong>!<br></div><div class="battle-history"><small>Pointed stones float in the air around your team!</small><br></div><div class="spacer battle-history"><br></div><div class="battle-history"><small>Stomp restored a little HP using its Leftovers!</small><br></div><div class="battle-history"><small>Stomp's health is sapped by Leech Seed!</small><br></div><div class="spacer battle-history"><br></div><h2 class="battle-history">Turn 3</h2><div class="spacer battle-history"><br></div><div class="battle-history">Stomp, come back!<br></div><div class="battle-history">Go! Pong (<strong>Hitmonchan</strong>)!<br></div><div class="battle-history"><small>Pointed stones dug into Pong!</small><br></div><div class="spacer battle-history"><br></div><div class="battle-history">The opposing Ferroseed used <strong>Leech Seed</strong>!<br></div><div class="battle-history"><small>Pong was seeded!</small><br></div><div class="spacer battle-history"><br></div><div class="battle-history"><small>Pong's health is sapped by Leech Seed!</small><br></div><div class="spacer battle-history"><br></div><h2 class="battle-history">Turn 4</h2><div class="spacer battle-history"><br></div><div class="battle-history">Wrath13 withdrew Ferroseed!<br></div><div class="battle-history">Wrath13 sent out <strong>Gastrodon</strong>!<br></div><div class="battle-history"><small>Pointed stones dug into the opposing Gastrodon!</small><br></div><div class="spacer battle-history"><br></div><div class="battle-history">Pong used <strong>High Jump Kick</strong>!<br></div><div class="battle-history"><small>(The opposing Gastrodon lost <abbr title="−193/363">53.2%</abbr> of its health!)</small><br></div><div class="spacer battle-history"><br></div><div class="battle-history"><small>The opposing Gastrodon restored a little HP using its Leftovers!</small><br></div><div class="battle-history"><small>Pong's health is sapped by Leech Seed!</small><br></div><div class="spacer battle-history"><br></div><h2 class="battle-history">Turn 5</h2><div class="spacer battle-history"><br></div><div class="battle-history">Pong used <strong>Rapid Spin</strong>!<br></div><div class="battle-history"><small>(The opposing Gastrodon lost <abbr title="−20/363">5.5%</abbr> of its health!)</small><br></div><div class="battle-history"><small>Pong was freed from Leech Seed!</small><br></div><div class="battle-history"><small>The pointed stones disappeared from around your team!</small><br></div><div class="spacer battle-history"><br></div><div class="battle-history">The opposing Gastrodon used <strong>Recover</strong>!<br></div><div class="battle-history"><small>The opposing Gastrodon restored its HP.</small><br></div><div class="spacer battle-history"><br></div><h2 class="battle-history">Turn 6</h2><div class="spacer battle-history"><br></div><div class="battle-history">Pong used <strong>Drain Punch</strong>!<br></div><div class="battle-history"><small>(The opposing Gastrodon lost <abbr title="−148/363">40.8%</abbr> of its health!)</small><br></div><div class="battle-history"><small>The opposing Gastrodon had its energy drained!</small><br></div><div class="spacer battle-history"><br></div><div class="battle-history">The opposing Gastrodon used <strong>Scald</strong>!<br></div><div class="battle-history"><small>A critical hit!</small><br></div><div class="battle-history"><small>(Pong lost <abbr title="−82/303">27.1%</abbr> of its health!)</small><br></div><div class="spacer battle-history"><br></div><div class="battle-history"><small>The opposing Gastrodon restored a little HP using its Leftovers!</small><br></div><div class="spacer battle-history"><br></div><h2 class="battle-history">Turn 7</h2><div class="spacer battle-history"><br></div><div class="battle-history">Pong, come back!<br></div><div class="battle-history">Go! poliswag (<strong>Poliwrath</strong>)!<br></div><div class="spacer battle-history"><br></div><div class="battle-history">The opposing Gastrodon used <strong>Toxic</strong>!<br></div><div class="battle-history"><small>poliswag was badly poisoned!</small><br></div><div class="spacer battle-history"><br></div><div class="battle-history"><small>The opposing Gastrodon restored a little HP using its Leftovers!</small><br></div><div class="battle-history"><small>poliswag was hurt by poison!</small><br></div><div class="spacer battle-history"><br></div><h2 class="battle-history">Turn 8</h2><div class="spacer battle-history"><br></div><div class="battle-history">Wrath13 withdrew Gastrodon!<br></div><div class="battle-history">Wrath13 sent out <strong>Ferroseed</strong>!<br></div><div class="battle-history"><small>Pointed stones dug into the opposing Ferroseed!</small><br></div><div class="spacer battle-history"><br></div><div class="battle-history">poliswag used <strong>Ice Punch</strong>!<br></div><div class="battle-history"><small>(The opposing Ferroseed lost <abbr title="−55/265">20.8%</abbr> of its health!)</small><br></div><div class="battle-history"><small>[The opposing Ferroseed's Iron Barbs]</small><br><small>poliswag was hurt!</small><br></div><div class="battle-history"><small>poliswag was hurt by the Rocky Helmet!</small><br></div><div class="spacer battle-history"><br></div><div class="battle-history"><small>poliswag was hurt by poison!</small><br></div><div class="spacer battle-history"><br></div><h2 class="battle-history">Turn 9</h2><div class="spacer battle-history"><br></div><div class="battle-history">poliswag, come back!<br></div><div class="battle-history">Go! Pile (<strong>Manectric</strong>)!<br></div><div class="spacer battle-history"><br></div><div class="battle-history">The opposing Ferroseed used <strong>Leech Seed</strong>!<br></div><div class="battle-history"><small>Pile avoided the attack!</small><br></div><div class="spacer battle-history"><br></div><h2 class="battle-history">Turn 10</h2><div class="spacer battle-history"><br></div><div class="battle-history">Wrath13 withdrew Ferroseed!<br></div><div class="battle-history">Wrath13 sent out <strong>Gastrodon</strong>!<br></div><div class="battle-history"><small>Pointed stones dug into the opposing Gastrodon!</small><br></div><div class="spacer battle-history"><br></div><div class="battle-history">Pile used <strong>Hidden Power</strong>!<br></div><div class="battle-history"><small>It's super effective!</small><br></div><div class="battle-history"><small>(The opposing Gastrodon lost <abbr title="−237/363">65.3%</abbr> of its health!)</small><br></div><div class="battle-history"><small>Pile lost some of its HP!</small><br></div><div class="spacer battle-history"><br></div><div class="battle-history">The opposing Gastrodon fainted!<br></div><div class="spacer battle-history"><br></div><div class="battle-history">Wrath13 sent out <strong>Zangoose</strong>!<br></div><div class="battle-history"><small>Pointed stones dug into the opposing Zangoose!</small><br></div><div class="spacer battle-history"><br></div><h2 class="battle-history">Turn 11</h2><div class="spacer battle-history"><br></div><div class="battle-history">Pile, come back!<br></div><div class="battle-history">Go! Stomp (<strong>Aggron</strong>)!<br></div><div class="spacer battle-history"><br></div><div class="battle-history">The opposing Zangoose used <strong>Knock Off</strong>!<br></div><div class="battle-history"><small>(Stomp lost <abbr title="−63/344">18.3%</abbr> of its health!)</small><br></div><div class="battle-history"><small>The opposing Zangoose knocked off Stomp's Leftovers!</small><br></div><div class="spacer battle-history"><br></div><div class="battle-history"><small>The opposing Zangoose was badly poisoned!</small><br></div><div class="spacer battle-history"><br></div><h2 class="battle-history">Turn 12</h2><div class="spacer battle-history"><br></div><div class="battle-history">The opposing Zangoose used <strong>Close Combat</strong>!<br></div><div class="battle-history"><small>It's super effective!</small><br></div><div class="battle-history"><small>(Stomp lost <abbr title="−216/344">62.8%</abbr> of its health!)</small><br></div><div class="battle-history"><small>The opposing Zangoose's Defense fell!</small><br></div><div class="battle-history"><small>The opposing Zangoose's Special Defense fell!</small><br></div><div class="spacer battle-history"><br></div><div class="battle-history">Stomp fainted!<br></div><div class="spacer battle-history"><br></div><div class="battle-history"><small>The opposing Zangoose was hurt by poison!</small><br></div><div class="spacer battle-history"><br></div><div class="battle-history">Go! Malphite (<strong>Tauros</strong>)!<br></div><div class="battle-history"><small>[Malphite's Intimidate]</small><br></div><div class="battle-history"><small>The opposing Zangoose's Attack fell!</small><br></div><div class="spacer battle-history"><br></div><h2 class="battle-history">Turn 13</h2><div class="spacer battle-history"><br></div><div class="battle-history">Wrath13 withdrew Zangoose!<br></div><div class="battle-history">Wrath13 sent out <strong>Ferroseed</strong>!<br></div><div class="battle-history"><small>Pointed stones dug into the opposing Ferroseed!</small><br></div><div class="spacer battle-history"><br></div><div class="battle-history">Malphite used <strong>Double-Edge</strong>!<br></div><div class="battle-history"><small>It's not very effective...</small><br></div><div class="battle-history"><small>(The opposing Ferroseed lost <abbr title="−102/265">38.5%</abbr> of its health!)</small><br></div><div class="battle-history"><small>[The opposing Ferroseed's Iron Barbs]</small><br><small>Malphite was hurt!</small><br></div><div class="battle-history"><small>Malphite was hurt by the Rocky Helmet!</small><br></div><div class="battle-history"><small>Malphite is damaged by the recoil!</small><br></div><div class="spacer battle-history"><br></div><h2 class="battle-history">Turn 14</h2><div class="spacer battle-history"><br></div><div class="battle-history">Malphite used <strong>Double-Edge</strong>!<br></div><div class="battle-history"><small>It's not very effective...</small><br></div><div class="battle-history"><small>(The opposing Ferroseed lost <abbr title="−76/265">28.7%</abbr> of its health!)</small><br></div><div class="battle-history"><small>[The opposing Ferroseed's Iron Barbs]</small><br><small>Malphite was hurt!</small><br></div><div class="battle-history"><small>Malphite was hurt by the Rocky Helmet!</small><br></div><div class="battle-history"><small>Malphite is damaged by the recoil!</small><br></div><div class="spacer battle-history"><br></div><div class="battle-history">The opposing Ferroseed fainted!<br></div><div class="spacer battle-history"><br></div><div class="battle-history">Wrath13 sent out <strong>Hitmonchan</strong>!<br></div><div class="battle-history"><small>Pointed stones dug into the opposing Hitmonchan!</small><br></div><div class="spacer battle-history"><br></div><h2 class="battle-history">Turn 15</h2><div class="spacer battle-history"><br></div><div class="battle-history">Malphite, come back!<br></div><div class="battle-history">Go! Palapin (<strong>Mismagius</strong>)!<br></div><div class="spacer battle-history"><br></div><div class="battle-history">The opposing Hitmonchan used <strong>Bulk Up</strong>!<br></div><div class="battle-history"><small>The opposing Hitmonchan's Attack rose!</small><br></div><div class="battle-history"><small>The opposing Hitmonchan's Defense rose!</small><br></div><div class="spacer battle-history"><br></div><h2 class="battle-history">Turn 16</h2><div class="spacer battle-history"><br></div><div class="battle-history">The opposing Hitmonchan used <strong>Thunder Punch</strong>!<br></div><div class="battle-history"><small>(Palapin lost <abbr title="−233/324">71.9%</abbr> of its health!)</small><br></div><div class="spacer battle-history"><br></div><div class="battle-history">Palapin used <strong>Will-O-Wisp</strong>!<br></div><div class="battle-history"><small>The opposing Hitmonchan avoided the attack!</small><br></div><div class="spacer battle-history"><br></div><div class="battle-history"><small>Palapin restored a little HP using its Leftovers!</small><br></div><div class="spacer battle-history"><br></div><h2 class="battle-history">Turn 17</h2><div class="spacer battle-history"><br></div><div class="battle-history">Palapin, come back!<br></div><div class="battle-history">Go! Pile (<strong>Manectric</strong>)!<br></div><div class="spacer battle-history"><br></div><div class="battle-history">The opposing Hitmonchan used <strong>Thunder Punch</strong>!<br></div><div class="battle-history"><small>It's not very effective...</small><br></div><div class="battle-history"><small>(Pile lost <abbr title="−124/281">44.1%</abbr> of its health!)</small><br></div><div class="spacer battle-history"><br></div><h2 class="battle-history">Turn 18</h2><div class="spacer battle-history"><br></div><div class="battle-history">The opposing Hitmonchan used <strong>Mach Punch</strong>!<br></div><div class="battle-history"><small>(Pile lost <abbr title="−129/281">45.9%</abbr> of its health!)</small><br></div><div class="battle-history"><small>[Pile's Static]</small><br><small>The opposing Hitmonchan is paralyzed! It may be unable to move!</small><br></div><div class="battle-history"><small>The opposing Hitmonchan ate its Lum Berry!</small><br></div><div class="battle-history"><small>The opposing Hitmonchan was cured of paralysis.</small><br></div><div class="spacer battle-history"><br></div><div class="battle-history">Pile fainted!<br></div><div class="spacer battle-history"><br></div><div class="battle-history">Go! Malphite (<strong>Tauros</strong>)!<br></div><div class="battle-history"><small>[Malphite's Intimidate]</small><br></div><div class="battle-history"><small>The opposing Hitmonchan's Attack fell!</small><br></div><div class="spacer battle-history"><br></div><h2 class="battle-history">Turn 19</h2><div class="spacer battle-history"><br></div><div class="battle-history">Malphite used <strong>Double-Edge</strong>!<br></div><div class="battle-history"><small>(The opposing Hitmonchan lost <abbr title="−226/241">93.8%</abbr> of its health!)</small><br></div><div class="battle-history"><small>Malphite is damaged by the recoil!</small><br></div><div class="spacer battle-history"><br></div><div class="battle-history">The opposing Hitmonchan fainted!<br></div><div class="battle-history">Malphite fainted!<br></div><div class="spacer battle-history"><br></div><div class="battle-history">Wrath13 sent out <strong>Liepard</strong>!<br></div><div class="spacer battle-history"><br></div><div class="battle-history">Go! Pong (<strong>Hitmonchan</strong>)!<br></div><div class="battle-history"><small>Pointed stones dug into the opposing Liepard!</small><br></div><div class="spacer battle-history"><br></div><h2 class="battle-history">Turn 20</h2><div class="spacer battle-history"><br></div><div class="battle-history">The opposing Liepard used <strong>Foul Play</strong>!<br></div><div class="battle-history"><small>It's not very effective...</small><br></div><div class="battle-history"><small>(Pong lost <abbr title="−108/303">35.6%</abbr> of its health!)</small><br></div><div class="spacer battle-history"><br></div><div class="battle-history">Pong used <strong>Drain Punch</strong>!<br></div><div class="battle-history"><small>It's super effective!</small><br></div><div class="battle-history"><small>(The opposing Liepard lost <abbr title="−236/269">87.7%</abbr> of its health!)</small><br></div><div class="battle-history"><small>The opposing Liepard had its energy drained!</small><br></div><div class="spacer battle-history"><br></div><div class="battle-history">The opposing Liepard fainted!<br></div><div class="spacer battle-history"><br></div><div class="battle-history">Wrath13 sent out <strong>Tauros</strong>!<br></div><div class="battle-history"><small>Pointed stones dug into the opposing Tauros!</small><br></div><div class="battle-history"><small>[The opposing Tauros's Intimidate]</small><br></div><div class="battle-history"><small>Pong's Attack fell!</small><br></div><div class="spacer battle-history"><br></div><h2 class="battle-history">Turn 21</h2><div class="spacer battle-history"><br></div><div class="battle-history">Pong, come back!<br></div><div class="battle-history">Go! Palapin (<strong>Mismagius</strong>)!<br></div><div class="spacer battle-history"><br></div><div class="battle-history">The opposing Tauros used <strong>Double-Edge</strong>!<br></div><div class="battle-history"><small>It doesn't affect Palapin...</small><br></div><div class="spacer battle-history"><br></div><div class="battle-history"><small>Palapin restored a little HP using its Leftovers!</small><br></div><div class="spacer battle-history"><br></div><h2 class="battle-history">Turn 22</h2><div class="spacer battle-history"><br></div><div class="battle-history">Wrath13 withdrew Tauros!<br></div><div class="battle-history">Wrath13 sent out <strong>Zangoose</strong>!<br></div><div class="battle-history"><small>Pointed stones dug into the opposing Zangoose!</small><br></div><div class="spacer battle-history"><br></div><div class="battle-history">Palapin used <strong>Psychic</strong>!<br></div><div class="battle-history"><small>(The opposing Zangoose lost <abbr title="−122/287">42.5%</abbr> of its health!)</small><br></div><div class="spacer battle-history"><br></div><div class="battle-history"><small>Palapin restored a little HP using its Leftovers!</small><br></div><div class="battle-history"><small>The opposing Zangoose was hurt by poison!</small><br></div><div class="spacer battle-history"><br></div><h2 class="battle-history">Turn 23</h2><div class="spacer battle-history"><br></div><div class="battle-history">The opposing Zangoose used <strong>Knock Off</strong>!<br></div><div class="battle-history"><small>It's super effective!</small><br></div><div class="battle-history"><small>(Palapin lost <abbr title="−151/324">46.6%</abbr> of its health!)</small><br></div><div class="battle-history"><small>The opposing Zangoose knocked off Palapin's Leftovers!</small><br></div><div class="spacer battle-history"><br></div><div class="battle-history">Palapin fainted!<br></div><div class="spacer battle-history"><br></div><div class="battle-history"><small>The opposing Zangoose was hurt by poison!</small><br></div><div class="spacer battle-history"><br></div><div class="battle-history">Go! poliswag (<strong>Poliwrath</strong>)!<br></div><div class="spacer battle-history"><br></div><h2 class="battle-history">Turn 24</h2><div class="spacer battle-history"><br></div><div class="battle-history">poliswag used <strong>Brick Break</strong>!<br></div><div class="battle-history"><small>It's super effective!</small><br></div><div class="battle-history"><small>(The opposing Zangoose lost <abbr title="−27/287">9.4%</abbr> of its health!)</small><br></div><div class="spacer battle-history"><br></div><div class="battle-history">The opposing Zangoose fainted!<br></div><div class="spacer battle-history"><br></div><div class="battle-history"><small>poliswag was hurt by poison!</small><br></div><div class="spacer battle-history"><br></div><div class="battle-history">Wrath13 sent out <strong>Tauros</strong>!<br></div><div class="battle-history"><small>Pointed stones dug into the opposing Tauros!</small><br></div><div class="battle-history"><small>[The opposing Tauros's Intimidate]</small><br></div><div class="battle-history"><small>poliswag's Attack fell!</small><br></div><div class="spacer battle-history"><br></div><h2 class="battle-history">Turn 25</h2><div class="spacer battle-history"><br></div><div class="battle-history">poliswag used <strong>Brick Break</strong>!<br></div><div class="battle-history"><small>It's super effective!</small><br></div><div class="battle-history"><small>(The opposing Tauros lost <abbr title="−138/291">47.4%</abbr> of its health!)</small><br></div><div class="spacer battle-history"><br></div><div class="battle-history">The opposing Tauros used <strong>Double-Edge</strong>!<br></div><div class="battle-history"><small>(poliswag lost <abbr title="−148/321">46.1%</abbr> of its health!)</small><br></div><div class="battle-history"><small>The opposing Tauros is damaged by the recoil!</small><br></div><div class="spacer battle-history"><br></div><div class="battle-history">poliswag fainted!<br></div><div class="spacer battle-history"><br></div><div class="battle-history">Go! Pong (<strong>Hitmonchan</strong>)!<br></div><div class="spacer battle-history"><br></div><h2 class="battle-history">Turn 26</h2><div class="spacer battle-history"><br></div><div class="battle-history">The opposing Tauros used <strong>Double-Edge</strong>!<br></div><div class="battle-history"><small>(Pong lost <abbr title="−213/303">70.3%</abbr> of its health!)</small><br></div><div class="battle-history"><small>The opposing Tauros is damaged by the recoil!</small><br></div><div class="spacer battle-history"><br></div><div class="battle-history">Pong fainted!<br></div><div class="battle-history">The opposing Tauros fainted!<br></div><div class="spacer battle-history"><br></div><div class="battle-history"><strong>Wrath13</strong> won the battle!<br></div><div class="chat">chindgon's rating: 1000 → <strong>1000</strong><br>(+0 for losing)</div><div class="chat">Wrath13's rating: 1074 → <strong>1096</strong><br>(+22 for winning)</div></div><div class="inner-preempt"></div></div></div>
</div>
<script>
let daily = Math.floor(Date.now()/1000/60/60/24);document.write('<script src="https://play.pokemonshowdown.com/js/replay-embed.js?version'+daily+'"></'+'script>');
</script>
