<!DOCTYPE html>
<meta charset="utf-8" />
<!-- version 1 -->
<title>NU replay: soMerSaults vs. yo!gi!o_o!</title>
<style>
html,body {font-family:Verdana, sans-serif;font-size:10pt;margin:0;padding:0;}body{padding:12px 0;} .battle-log {font-family:Verdana, sans-serif;font-size:10pt;} .battle-log-inline {border:1px solid #AAAAAA;background:#EEF2F5;color:black;max-width:640px;margin:0 auto 80px;padding-bottom:5px;} .battle-log .inner {padding:4px 8px 0px 8px;} .battle-log .inner-preempt {padding:0 8px 4px 8px;} .battle-log .inner-after {margin-top:0.5em;} .battle-log h2 {margin:0.5em -8px;padding:4px 8px;border:1px solid #AAAAAA;background:#E0E7EA;border-left:0;border-right:0;font-family:Verdana, sans-serif;font-size:13pt;} .battle-log .chat {vertical-align:middle;padding:3px 0 3px 0;font-size:8pt;} .battle-log .chat strong {color:#40576A;} .battle-log .chat em {padding:1px 4px 1px 3px;color:#000000;font-style:normal;} .chat.mine {background:rgba(0,0,0,0.05);margin-left:-8px;margin-right:-8px;padding-left:8px;padding-right:8px;} .spoiler {color:#BBBBBB;background:#BBBBBB;padding:0px 3px;} .spoiler:hover, .spoiler:active, .spoiler-shown {color:#000000;background:#E2E2E2;padding:0px 3px;} .spoiler a {color:#BBBBBB;} .spoiler:hover a, .spoiler:active a, .spoiler-shown a {color:#2288CC;} .chat code, .chat .spoiler:hover code, .chat .spoiler:active code, .chat .spoiler-shown code {border:1px solid #C0C0C0;background:#EEEEEE;color:black;padding:0 2px;} .chat .spoiler code {border:1px solid #CCCCCC;background:#CCCCCC;color:#CCCCCC;} .battle-log .rated {padding:3px 4px;} .battle-log .rated strong {color:white;background:#89A;padding:1px 4px;border-radius:4px;} .spacer {margin-top:0.5em;} .message-announce {background:#6688AA;color:white;padding:1px 4px 2px;} .message-announce a, .broadcast-green a, .broadcast-blue a, .broadcast-red a {color:#DDEEFF;} .broadcast-green {background-color:#559955;color:white;padding:2px 4px;} .broadcast-blue {background-color:#6688AA;color:white;padding:2px 4px;} .infobox {border:1px solid #6688AA;padding:2px 4px;} .infobox-limited {max-height:200px;overflow:auto;overflow-x:hidden;} .broadcast-red {background-color:#AA5544;color:white;padding:2px 4px;} .message-learn-canlearn {font-weight:bold;color:#228822;text-decoration:underline;} .message-learn-cannotlearn {font-weight:bold;color:#CC2222;text-decoration:underline;} .message-effect-weak {font-weight:bold;color:#CC2222;} .message-effect-resist {font-weight:bold;color:#6688AA;} .message-effect-immune {font-weight:bold;color:#666666;} .message-learn-list {margin-top:0;margin-bottom:0;} .message-throttle-notice, .message-error {color:#992222;} .message-overflow, .chat small.message-overflow {font-size:0pt;} .message-overflow::before {font-size:9pt;content:'...';} .subtle {color:#3A4A66;}
</style>
<div class="wrapper replay-wrapper" style="max-width:1180px;margin:0 auto">
<input type="hidden" name="replayid" value="nu-578540619" />
<div class="battle"></div><div class="battle-log"></div><div class="replay-controls"></div><div class="replay-controls-2"></div>
<h1 style="font-weight:normal;text-align:center"><strong>NU</strong><br /><a href="http://pokemonshowdown.com/users/somersaults" class="subtle" target="_blank">soMerSaults</a> vs. <a href="http://pokemonshowdown.com/users/yogioo" class="subtle" target="_blank">yo!gi!o_o!</a></h1>
<script type="text/plain" class="battle-log-data">|j|soMerSaults
|j|yo!gi!o_o!
|player|p1|soMerSaults|98
|teamsize|p1|6
|player|p2|yo!gi!o_o!|197
|teamsize|p2|6
|gametype|singles
|gen|6
|tier|NU
|seed|34615,35031,28388,9164
|rule|Sleep Clause Mod: Limit one foe put to sleep
|rule|Species Clause: Limit one of each Pokémon
|rule|OHKO Clause: OHKO moves are banned
|rule|Moody Clause: Moody is banned
|rule|Evasion Moves Clause: Evasion moves are banned
|rule|Endless Battle Clause: Forcing endless battles is banned
|rule|HP Percentage Mod: HP is shown in percentages
|clearpoke
|poke|p1|Charizard, F|item
|poke|p1|Tauros, M|item
|poke|p1|Steelix, M|item
|poke|p1|Xatu, F|item
|poke|p1|Cryogonal|item
|poke|p1|Garbodor, F|item
|poke|p2|Garbodor, F|item
|poke|p2|Tauros, M|item
|poke|p2|Audino, M|item
|poke|p2|Jumpluff, F|
|poke|p2|Lanturn, M|item
|poke|p2|Piloswine, F|item
|rule|Swagger Clause: Swagger is banned
|rule|Baton Pass Clause: Limit one Baton Passer, can't pass Spe and other stats simultaneously
|teampreview
|c|☆yo!gi!o_o!|Gl
|c|☆soMerSaults|u2
|choice|team 1, team 2, team 3, team 4, team 5, team 6|team 1, team 2, team 3, team 4, team 5, team 6
|
|start
|switch|p1a: FIRE RESIST|Charizard, F|297\/297
|switch|p2a: Garbodor|Garbodor, F|301\/301
|turn|1
|choice|move fireblast|switch 5
|
|switch|p2a: Lanturn|Lanturn, M|391\/391
|move|p1a: FIRE RESIST|Fire Blast|p2a: Lanturn
|-resisted|p2a: Lanturn
|-damage|p2a: Lanturn|249\/391
|
|upkeep
|turn|2
|choice|switch 5|move voltswitch
|
|switch|p1a: Icey|Cryogonal|281\/281
|move|p2a: Lanturn|Volt Switch|p1a: Icey
|-damage|p1a: Icey|173\/281
|c|☆yo!gi!o_o!|Dmg
|choice||switch 2
|
|switch|p2a: Tauros|Tauros, M|291\/291
|
|upkeep
|turn|3
|c|☆soMerSaults|im the bad set cryp
|choice|switch 3|move pursuit
|
|-activate|p1a: Icey|move: Pursuit
|move|p2a: Tauros|Pursuit|p1a: Icey|[from]pursuit
|-damage|p1a: Icey|0 fnt
|-damage|p2a: Tauros|262\/291|[from] item: Life Orb
|faint|p1a: Icey
|
|upkeep
|c|☆yo!gi!o_o!|Lol
|choice|switch 5|
|
|switch|p1a: FIRE RESIST|Charizard, F|297\/297
|turn|4
|c|☆soMerSaults|pursuit trapped
|choice|move fireblast|move rockclimb
|
|move|p2a: Tauros|Rock Climb|p1a: FIRE RESIST
|-damage|p1a: FIRE RESIST|36\/297
|move|p1a: FIRE RESIST|Fire Blast|p2a: Tauros
|-damage|p2a: Tauros|0 fnt
|faint|p2a: Tauros
|
|upkeep
|c|☆soMerSaults|;;
|choice||switch 4
|
|switch|p2a: Jumpluff|Jumpluff, F|291\/291
|turn|5
|choice|switch 4|move acrobatics
|
|switch|p1a: Wise|Xatu, F|334\/334
|move|p2a: Jumpluff|Acrobatics|p1a: Wise
|-damage|p1a: Wise|220\/334
|-damage|p2a: Jumpluff|243\/291|[from] item: Rocky Helmet|[of] p1a: Wise
|
|upkeep
|turn|6
|choice|move uturn|move swordsdance
|
|move|p2a: Jumpluff|Swords Dance|p2a: Jumpluff
|-boost|p2a: Jumpluff|atk|2
|move|p1a: Wise|U-turn|p2a: Jumpluff
|-damage|p2a: Jumpluff|187\/291
|c|☆soMerSaults|F
|choice|switch 2|
|
|switch|p1a: fuckbodyslam|Tauros, M|291\/291
|
|upkeep
|turn|7
|c|☆yo!gi!o_o!|Threat
|choice|move rockclimb|move sleeppowder
|
|move|p1a: fuckbodyslam|Rock Climb|p2a: Jumpluff
|-damage|p2a: Jumpluff|0 fnt
|faint|p2a: Jumpluff
|
|upkeep
|c|☆yo!gi!o_o!|...
|c|☆soMerSaults|bop
|choice||switch 6
|
|switch|p2a: Piloswine|Piloswine, F|391\/391
|turn|8
|choice|switch 2|move iciclecrash
|
|switch|p1a: Wise|Xatu, F|220\/334
|move|p2a: Piloswine|Icicle Crash|p1a: Wise
|-supereffective|p1a: Wise
|-damage|p1a: Wise|0 fnt
|faint|p1a: Wise
|
|upkeep
|c|☆yo!gi!o_o!|N
|c|☆soMerSaults|F
|c|☆yo!gi!o_o!|Lol
|choice|switch 2|
|
|switch|p1a: fuckbodyslam|Tauros, M|291\/291
|turn|9
|choice|move irontail|move earthquake
|
|move|p1a: fuckbodyslam|Iron Tail|p2a: Piloswine
|-supereffective|p2a: Piloswine
|-damage|p2a: Piloswine|105\/391
|move|p2a: Piloswine|Earthquake|p1a: fuckbodyslam
|-damage|p1a: fuckbodyslam|114\/291
|
|upkeep
|turn|10
|choice|move rockclimb|switch 5
|
|switch|p2a: Garbodor|Garbodor, F|301\/301
|move|p1a: fuckbodyslam|Rock Climb|p2a: Garbodor
|-damage|p2a: Garbodor|42\/301
|
|upkeep
|turn|11
|choice|move rockclimb|move seedbomb
|
|move|p1a: fuckbodyslam|Rock Climb|p2a: Garbodor
|-damage|p2a: Garbodor|0 fnt
|-damage|p1a: fuckbodyslam|42\/291|[from] ability: Aftermath|[of] p2a: Garbodor
|faint|p2a: Garbodor
|
|upkeep
|choice||switch 5
|
|switch|p2a: Piloswine|Piloswine, F|105\/391
|turn|12
|choice|move earthquake|move iceshard
|
|move|p2a: Piloswine|Ice Shard|p1a: fuckbodyslam
|-damage|p1a: fuckbodyslam|0 fnt
|faint|p1a: fuckbodyslam
|
|upkeep
|choice|switch 6|
|
|switch|p1a: Tr@sh|Garbodor, F|364\/364
|turn|13
|choice|move focusblast|switch 2
|
|switch|p2a: Lanturn|Lanturn, M|249\/391
|move|p1a: Tr@sh|Focus Blast|p2a: Lanturn|[miss]
|-miss|p1a: Tr@sh|p2a: Lanturn
|
|upkeep
|turn|14
|choice|move toxicspikes|move hydropump
|
|move|p2a: Lanturn|Hydro Pump|p1a: Tr@sh
|-damage|p1a: Tr@sh|85\/364
|move|p1a: Tr@sh|Toxic Spikes|p2a: Lanturn
|-sidestart|p2: yo!gi!o_o!|move: Toxic Spikes
|
|upkeep
|turn|15
|c|☆soMerSaults|oh F
|choice|move gunkshot|move hydropump
|
|move|p2a: Lanturn|Hydro Pump|p1a: Tr@sh
|-damage|p1a: Tr@sh|0 fnt
|faint|p1a: Tr@sh
|
|upkeep
|choice|switch 4|
|
|switch|p1a: FIRE RESIST|Charizard, F|36\/297
|turn|16
|choice|move focusblast|move hydropump
|
|move|p1a: FIRE RESIST|Focus Blast|p2a: Lanturn
|-damage|p2a: Lanturn|23\/391
|move|p2a: Lanturn|Hydro Pump|p1a: FIRE RESIST
|-supereffective|p1a: FIRE RESIST
|-damage|p1a: FIRE RESIST|0 fnt
|faint|p1a: FIRE RESIST
|
|upkeep
|c|☆yo!gi!o_o!|Bop
|c|☆soMerSaults|bulk
|choice|switch 3|
|
|switch|p1a: Totem|Steelix, M|352\/352
|turn|17
|c|☆soMerSaults|miss
|choice|move heavyslam|move hydropump
|
|move|p2a: Lanturn|Hydro Pump|p1a: Totem
|-supereffective|p1a: Totem
|-ability|p1a: Totem|Sturdy
|-damage|p1a: Totem|1\/352
|move|p1a: Totem|Heavy Slam|p2a: Lanturn
|-resisted|p2a: Lanturn
|-damage|p2a: Lanturn|0 fnt
|faint|p2a: Lanturn
|
|-heal|p1a: Totem|23\/352|[from] item: Leftovers
|upkeep
|c|☆soMerSaults|ggs
|choice||switch 3
|
|switch|p2a: Audino|Audino, M|347\/347
|-status|p2a: Audino|psn
|turn|18
|choice|move heavyslam|move surf mega
|
|detailschange|p2a: Audino|Audino-Mega, M
|-mega|p2a: Audino|Audino|Audinite
|move|p2a: Audino|Surf|p1a: Totem
|-supereffective|p1a: Totem
|-damage|p1a: Totem|0 fnt
|faint|p1a: Totem
|
|win|yo!gi!o_o!
|c|☆yo!gi!o_o!|Gg
|l|soMerSaults</script>
</div>
<div class="battle-log battle-log-inline"><div class="inner"><div class="battle-options"></div><div class="inner"><div class="chat"><small>soMerSaults joined.</small></div><div class="chat"><small>yo!gi!o_o! joined.</small></div><div class=""><small>Format:</small> <br><strong>NU</strong></div><div class=""><small><em>Sleep Clause Mod:</em> Limit one foe put to sleep</small></div><div class=""><small><em>Species Clause:</em> Limit one of each Pokémon</small></div><div class=""><small><em>OHKO Clause:</em> OHKO moves are banned</small></div><div class=""><small><em>Moody Clause:</em> Moody is banned</small></div><div class=""><small><em>Evasion Moves Clause:</em> Evasion moves are banned</small></div><div class=""><small><em>Endless Battle Clause:</em> Forcing endless battles is banned</small></div><div class=""><small><em>HP Percentage Mod:</em> HP is shown in percentages</small></div><div class=""><small><em>Swagger Clause:</em> Swagger is banned</small></div><div class=""><small><em>Baton Pass Clause:</em> Limit one Baton Passer, can't pass Spe and other stats simultaneously</small></div><div class="chat battle-history"><strong>soMerSaults's team:</strong> <em style="color:#445566;display:block;">Charizard / Tauros / Steelix / Xatu / Cryogonal / Garbodor</em></div><div class="chat battle-history"><strong>yo!gi!o_o!'s team:</strong> <em style="color:#445566;display:block;">Garbodor / Tauros / Audino / Jumpluff / Lanturn / Piloswine</em></div><div class="chat chatmessage-yogioo"><strong style="color:hsl(113,89%,34.63407077469547%)"><small>☆</small><span class="username" data-name="yo!gi!o_o!">yo!gi!o_o!</span>:</strong> <em>Gl</em></div><div class="chat chatmessage-somersaults"><strong style="color:hsl(0,86%,49%)"><small>☆</small><span class="username" data-name="soMerSaults">soMerSaults</span>:</strong> <em>u2</em></div><div class="spacer battle-history"><br></div><div class="battle-history">Battle started between soMerSaults and yo!gi!o_o!!<br></div><div class="spacer battle-history"><br></div><div class="battle-history">Go! FIRE RESIST (<strong>Charizard</strong>)!<br></div><div class="spacer battle-history"><br></div><div class="battle-history">yo!gi!o_o! sent out <strong>Garbodor</strong>!<br></div><div class="spacer battle-history"><br></div><h2 class="battle-history">Turn 1</h2><div class="spacer battle-history"><br></div><div class="battle-history">yo!gi!o_o! withdrew Garbodor!<br></div><div class="battle-history">yo!gi!o_o! sent out <strong>Lanturn</strong>!<br></div><div class="spacer battle-history"><br></div><div class="battle-history">FIRE RESIST used <strong>Fire Blast</strong>!<br></div><div class="battle-history"><small>It's not very effective...</small><br></div><div class="battle-history"><small>(The opposing Lanturn lost <abbr title="−142/391">36.3%</abbr> of its health!)</small><br></div><div class="spacer battle-history"><br></div><h2 class="battle-history">Turn 2</h2><div class="spacer battle-history"><br></div><div class="battle-history">FIRE RESIST, come back!<br></div><div class="battle-history">Go! Icey (<strong>Cryogonal</strong>)!<br></div><div class="spacer battle-history"><br></div><div class="battle-history">The opposing Lanturn used <strong>Volt Switch</strong>!<br></div><div class="battle-history"><small>(Icey lost <abbr title="−108/281">38.4%</abbr> of its health!)</small><br></div><div class="chat chatmessage-yogioo"><strong style="color:hsl(113,89%,34.63407077469547%)"><small>☆</small><span class="username" data-name="yo!gi!o_o!">yo!gi!o_o!</span>:</strong> <em>Dmg</em></div><div class="spacer battle-history"><br></div><div class="battle-history">The opposing Lanturn went back to yo!gi!o_o!!<br></div><div class="battle-history">yo!gi!o_o! sent out <strong>Tauros</strong>!<br></div><div class="spacer battle-history"><br></div><h2 class="battle-history">Turn 3</h2><div class="chat chatmessage-somersaults"><strong style="color:hsl(0,86%,49%)"><small>☆</small><span class="username" data-name="soMerSaults">soMerSaults</span>:</strong> <em>im the bad set cryp</em></div><div class="spacer battle-history"><br></div><div class="battle-history"><small>(Icey is being withdrawn...)</small><br></div><div class="spacer battle-history"><br></div><div class="battle-history">The opposing Tauros used <strong>Pursuit</strong>!<br></div><div class="battle-history"><small>(Icey lost <abbr title="−173/281">61.6%</abbr> of its health!)</small><br></div><div class="battle-history"><small>The opposing Tauros lost some of its HP!</small><br></div><div class="spacer battle-history"><br></div><div class="battle-history">Icey fainted!<br></div><div class="chat chatmessage-yogioo"><strong style="color:hsl(113,89%,34.63407077469547%)"><small>☆</small><span class="username" data-name="yo!gi!o_o!">yo!gi!o_o!</span>:</strong> <em>Lol</em></div><div class="spacer battle-history"><br></div><div class="battle-history">Go! FIRE RESIST (<strong>Charizard</strong>)!<br></div><div class="spacer battle-history"><br></div><h2 class="battle-history">Turn 4</h2><div class="chat chatmessage-somersaults"><strong style="color:hsl(0,86%,49%)"><small>☆</small><span class="username" data-name="soMerSaults">soMerSaults</span>:</strong> <em>pursuit trapped</em></div><div class="spacer battle-history"><br></div><div class="battle-history">The opposing Tauros used <strong>Rock Climb</strong>!<br></div><div class="battle-history"><small>(FIRE RESIST lost <abbr title="−261/297">87.9%</abbr> of its health!)</small><br></div><div class="spacer battle-history"><br></div><div class="battle-history">FIRE RESIST used <strong>Fire Blast</strong>!<br></div><div class="battle-history"><small>(The opposing Tauros lost <abbr title="−262/291">90.0%</abbr> of its health!)</small><br></div><div class="spacer battle-history"><br></div><div class="battle-history">The opposing Tauros fainted!<br></div><div class="chat chatmessage-somersaults"><strong style="color:hsl(0,86%,49%)"><small>☆</small><span class="username" data-name="soMerSaults">soMerSaults</span>:</strong> <em>;;</em></div><div class="spacer battle-history"><br></div><div class="battle-history">yo!gi!o_o! sent out <strong>Jumpluff</strong>!<br></div><div class="spacer battle-history"><br></div><h2 class="battle-history">Turn 5</h2><div class="spacer battle-history"><br></div><div class="battle-history">FIRE RESIST, come back!<br></div><div class="battle-history">Go! Wise (<strong>Xatu</strong>)!<br></div><div class="spacer battle-history"><br></div><div class="battle-history">The opposing Jumpluff used <strong>Acrobatics</strong>!<br></div><div class="battle-history"><small>(Wise lost <abbr title="−114/334">34.1%</abbr> of its health!)</small><br></div><div class="battle-history"><small>The opposing Jumpluff was hurt by the Rocky Helmet!</small><br></div><div class="spacer battle-history"><br></div><h2 class="battle-history">Turn 6</h2><div class="spacer battle-history"><br></div><div class="battle-history">The opposing Jumpluff used <strong>Swords Dance</strong>!<br></div><div class="battle-history"><small>The opposing Jumpluff's Attack rose sharply!</small><br></div><div class="spacer battle-history"><br></div><div class="battle-history">Wise used <strong>U-turn</strong>!<br></div><div class="battle-history"><small>(The opposing Jumpluff lost <abbr title="−56/291">19.2%</abbr> of its health!)</small><br></div><div class="chat chatmessage-somersaults"><strong style="color:hsl(0,86%,49%)"><small>☆</small><span class="username" data-name="soMerSaults">soMerSaults</span>:</strong> <em>F</em></div><div class="spacer battle-history"><br></div><div class="battle-history">Wise went back to soMerSaults!<br></div><div class="battle-history">Go! fuckbodyslam (<strong>Tauros</strong>)!<br></div><div class="spacer battle-history"><br></div><h2 class="battle-history">Turn 7</h2><div class="chat chatmessage-yogioo"><strong style="color:hsl(113,89%,34.63407077469547%)"><small>☆</small><span class="username" data-name="yo!gi!o_o!">yo!gi!o_o!</span>:</strong> <em>Threat</em></div><div class="spacer battle-history"><br></div><div class="battle-history">fuckbodyslam used <strong>Rock Climb</strong>!<br></div><div class="battle-history"><small>(The opposing Jumpluff lost <abbr title="−187/291">64.3%</abbr> of its health!)</small><br></div><div class="spacer battle-history"><br></div><div class="battle-history">The opposing Jumpluff fainted!<br></div><div class="chat chatmessage-yogioo"><strong style="color:hsl(113,89%,34.63407077469547%)"><small>☆</small><span class="username" data-name="yo!gi!o_o!">yo!gi!o_o!</span>:</strong> <em>...</em></div><div class="chat chatmessage-somersaults"><strong style="color:hsl(0,86%,49%)"><small>☆</small><span class="username" data-name="soMerSaults">soMerSaults</span>:</strong> <em>bop</em></div><div class="spacer battle-history"><br></div><div class="battle-history">yo!gi!o_o! sent out <strong>Piloswine</strong>!<br></div><div class="spacer battle-history"><br></div><h2 class="battle-history">Turn 8</h2><div class="spacer battle-history"><br></div><div class="battle-history">fuckbodyslam, come back!<br></div><div class="battle-history">Go! Wise (<strong>Xatu</strong>)!<br></div><div class="spacer battle-history"><br></div><div class="battle-history">The opposing Piloswine used <strong>Icicle Crash</strong>!<br></div><div class="battle-history"><small>It's super effective!</small><br></div><div class="battle-history"><small>(Wise lost <abbr title="−220/334">65.9%</abbr> of its health!)</small><br></div><div class="spacer battle-history"><br></div><div class="battle-history">Wise fainted!<br></div><div class="chat chatmessage-yogioo"><strong style="color:hsl(113,89%,34.63407077469547%)"><small>☆</small><span class="username" data-name="yo!gi!o_o!">yo!gi!o_o!</span>:</strong> <em>N</em></div><div class="chat chatmessage-somersaults"><strong style="color:hsl(0,86%,49%)"><small>☆</small><span class="username" data-name="soMerSaults">soMerSaults</span>:</strong> <em>F</em></div><div class="chat chatmessage-yogioo"><strong style="color:hsl(113,89%,34.63407077469547%)"><small>☆</small><span class="username" data-name="yo!gi!o_o!">yo!gi!o_o!</span>:</strong> <em>Lol</em></div><div class="spacer battle-history"><br></div><div class="battle-history">Go! fuckbodyslam (<strong>Tauros</strong>)!<br></div><div class="spacer battle-history"><br></div><h2 class="battle-history">Turn 9</h2><div class="spacer battle-history"><br></div><div class="battle-history">fuckbodyslam used <strong>Iron Tail</strong>!<br></div><div class="battle-history"><small>It's super effective!</small><br></div><div class="battle-history"><small>(The opposing Piloswine lost <abbr title="−286/391">73.1%</abbr> of its health!)</small><br></div><div class="spacer battle-history"><br></div><div class="battle-history">The opposing Piloswine used <strong>Earthquake</strong>!<br></div><div class="battle-history"><small>(fuckbodyslam lost <abbr title="−177/291">60.8%</abbr> of its health!)</small><br></div><div class="spacer battle-history"><br></div><h2 class="battle-history">Turn 10</h2><div class="spacer battle-history"><br></div><div class="battle-history">yo!gi!o_o! withdrew Piloswine!<br></div><div class="battle-history">yo!gi!o_o! sent out <strong>Garbodor</strong>!<br></div><div class="spacer battle-history"><br></div><div class="battle-history">fuckbodyslam used <strong>Rock Climb</strong>!<br></div><div class="battle-history"><small>(The opposing Garbodor lost <abbr title="−259/301">86.0%</abbr> of its health!)</small><br></div><div class="spacer battle-history"><br></div><h2 class="battle-history">Turn 11</h2><div class="spacer battle-history"><br></div><div class="battle-history">fuckbodyslam used <strong>Rock Climb</strong>!<br></div><div class="battle-history"><small>(The opposing Garbodor lost <abbr title="−42/301">14.0%</abbr> of its health!)</small><br></div><div class="battle-history"><small>[The opposing Garbodor's Aftermath]</small><br><small>fuckbodyslam is hurt!</small><br></div><div class="spacer battle-history"><br></div><div class="battle-history">The opposing Garbodor fainted!<br></div><div class="spacer battle-history"><br></div><div class="battle-history">yo!gi!o_o! sent out <strong>Piloswine</strong>!<br></div><div class="spacer battle-history"><br></div><h2 class="battle-history">Turn 12</h2><div class="spacer battle-history"><br></div><div class="battle-history">The opposing Piloswine used <strong>Ice Shard</strong>!<br></div><div class="battle-history"><small>(fuckbodyslam lost <abbr title="−42/291">14.4%</abbr> of its health!)</small><br></div><div class="spacer battle-history"><br></div><div class="battle-history">fuckbodyslam fainted!<br></div><div class="spacer battle-history"><br></div><div class="battle-history">Go! Tr@sh (<strong>Garbodor</strong>)!<br></div><div class="spacer battle-history"><br></div><h2 class="battle-history">Turn 13</h2><div class="spacer battle-history"><br></div><div class="battle-history">yo!gi!o_o! withdrew Piloswine!<br></div><div class="battle-history">yo!gi!o_o! sent out <strong>Lanturn</strong>!<br></div><div class="spacer battle-history"><br></div><div class="battle-history">Tr@sh used <strong>Focus Blast</strong>!<br></div><div class="battle-history"><small>The opposing Lanturn avoided the attack!</small><br></div><div class="spacer battle-history"><br></div><h2 class="battle-history">Turn 14</h2><div class="spacer battle-history"><br></div><div class="battle-history">The opposing Lanturn used <strong>Hydro Pump</strong>!<br></div><div class="battle-history"><small>(Tr@sh lost <abbr title="−279/364">76.6%</abbr> of its health!)</small><br></div><div class="spacer battle-history"><br></div><div class="battle-history">Tr@sh used <strong>Toxic Spikes</strong>!<br></div><div class="battle-history"><small>Poison spikes were scattered on the ground all around the opposing team!</small><br></div><div class="spacer battle-history"><br></div><h2 class="battle-history">Turn 15</h2><div class="chat chatmessage-somersaults"><strong style="color:hsl(0,86%,49%)"><small>☆</small><span class="username" data-name="soMerSaults">soMerSaults</span>:</strong> <em>oh F</em></div><div class="spacer battle-history"><br></div><div class="battle-history">The opposing Lanturn used <strong>Hydro Pump</strong>!<br></div><div class="battle-history"><small>(Tr@sh lost <abbr title="−85/364">23.4%</abbr> of its health!)</small><br></div><div class="spacer battle-history"><br></div><div class="battle-history">Tr@sh fainted!<br></div><div class="spacer battle-history"><br></div><div class="battle-history">Go! FIRE RESIST (<strong>Charizard</strong>)!<br></div><div class="spacer battle-history"><br></div><h2 class="battle-history">Turn 16</h2><div class="spacer battle-history"><br></div><div class="battle-history">FIRE RESIST used <strong>Focus Blast</strong>!<br></div><div class="battle-history"><small>(The opposing Lanturn lost <abbr title="−226/391">57.8%</abbr> of its health!)</small><br></div><div class="spacer battle-history"><br></div><div class="battle-history">The opposing Lanturn used <strong>Hydro Pump</strong>!<br></div><div class="battle-history"><small>It's super effective!</small><br></div><div class="battle-history"><small>(FIRE RESIST lost <abbr title="−36/297">12.1%</abbr> of its health!)</small><br></div><div class="spacer battle-history"><br></div><div class="battle-history">FIRE RESIST fainted!<br></div><div class="chat chatmessage-yogioo"><strong style="color:hsl(113,89%,34.63407077469547%)"><small>☆</small><span class="username" data-name="yo!gi!o_o!">yo!gi!o_o!</span>:</strong> <em>Bop</em></div><div class="chat chatmessage-somersaults"><strong style="color:hsl(0,86%,49%)"><small>☆</small><span class="username" data-name="soMerSaults">soMerSaults</span>:</strong> <em>bulk</em></div><div class="spacer battle-history"><br></div><div class="battle-history">Go! Totem (<strong>Steelix</strong>)!<br></div><div class="spacer battle-history"><br></div><h2 class="battle-history">Turn 17</h2><div class="chat chatmessage-somersaults"><strong style="color:hsl(0,86%,49%)"><small>☆</small><span class="username" data-name="soMerSaults">soMerSaults</span>:</strong> <em>miss</em></div><div class="spacer battle-history"><br></div><div class="battle-history">The opposing Lanturn used <strong>Hydro Pump</strong>!<br></div><div class="battle-history"><small>It's super effective!</small><br></div><div class="battle-history"><small>[Totem's Sturdy]</small><br><small>Totem endured the hit!</small><br></div><div class="battle-history"><small>(Totem lost <abbr title="−351/352">99.7%</abbr> of its health!)</small><br></div><div class="spacer battle-history"><br></div><div class="battle-history">Totem used <strong>Heavy Slam</strong>!<br></div><div class="battle-history"><small>It's not very effective...</small><br></div><div class="battle-history"><small>(The opposing Lanturn lost <abbr title="−23/391">5.9%</abbr> of its health!)</small><br></div><div class="spacer battle-history"><br></div><div class="battle-history">The opposing Lanturn fainted!<br></div><div class="spacer battle-history"><br></div><div class="battle-history"><small>Totem restored a little HP using its Leftovers!</small><br></div><div class="chat chatmessage-somersaults"><strong style="color:hsl(0,86%,49%)"><small>☆</small><span class="username" data-name="soMerSaults">soMerSaults</span>:</strong> <em>ggs</em></div><div class="spacer battle-history"><br></div><div class="battle-history">yo!gi!o_o! sent out <strong>Audino</strong>!<br></div><div class="battle-history"><small>The opposing Audino was poisoned!</small><br></div><div class="spacer battle-history"><br></div><h2 class="battle-history">Turn 18</h2><div class="spacer battle-history"><br></div><div class="battle-history"><small>The opposing Audino's Audinite is reacting to yo!gi!o_o!'s Mega Bracelet!</small><br>The opposing Audino has Mega Evolved into Mega Audino!<br></div><div class="spacer battle-history"><br></div><div class="battle-history">The opposing Audino used <strong>Surf</strong>!<br></div><div class="battle-history"><small>It's super effective!</small><br></div><div class="battle-history"><small>(Totem lost <abbr title="−23/352">6.5%</abbr> of its health!)</small><br></div><div class="spacer battle-history"><br></div><div class="battle-history">Totem fainted!<br></div><div class="spacer battle-history"><br></div><div class="battle-history"><strong>yo!gi!o_o!</strong> won the battle!<br></div><div class="chat chatmessage-yogioo"><strong style="color:hsl(113,89%,34.63407077469547%)"><small>☆</small><span class="username" data-name="yo!gi!o_o!">yo!gi!o_o!</span>:</strong> <em>Gg</em></div><div class="chat"><small>soMerSaults left.</small></div></div><div class="inner-preempt"></div></div></div>
</div>
<script>
let daily = Math.floor(Date.now()/1000/60/60/24);document.write('<script src="https://play.pokemonshowdown.com/js/replay-embed.js?version'+daily+'"></'+'script>');
</script>
