<!DOCTYPE html>
<meta charset="utf-8" />
<!-- version 1 -->
<title>NU replay: Jarii vs. rozes</title>
<style>
html,body {font-family:Verdana, sans-serif;font-size:10pt;margin:0;padding:0;}body{padding:12px 0;} .battle-log {font-family:Verdana, sans-serif;font-size:10pt;} .battle-log-inline {border:1px solid #AAAAAA;background:#EEF2F5;color:black;max-width:640px;margin:0 auto 80px;padding-bottom:5px;} .battle-log .inner {padding:4px 8px 0px 8px;} .battle-log .inner-preempt {padding:0 8px 4px 8px;} .battle-log .inner-after {margin-top:0.5em;} .battle-log h2 {margin:0.5em -8px;padding:4px 8px;border:1px solid #AAAAAA;background:#E0E7EA;border-left:0;border-right:0;font-family:Verdana, sans-serif;font-size:13pt;} .battle-log .chat {vertical-align:middle;padding:3px 0 3px 0;font-size:8pt;} .battle-log .chat strong {color:#40576A;} .battle-log .chat em {padding:1px 4px 1px 3px;color:#000000;font-style:normal;} .chat.mine {background:rgba(0,0,0,0.05);margin-left:-8px;margin-right:-8px;padding-left:8px;padding-right:8px;} .spoiler {color:#BBBBBB;background:#BBBBBB;padding:0px 3px;} .spoiler:hover, .spoiler:active, .spoiler-shown {color:#000000;background:#E2E2E2;padding:0px 3px;} .spoiler a {color:#BBBBBB;} .spoiler:hover a, .spoiler:active a, .spoiler-shown a {color:#2288CC;} .chat code, .chat .spoiler:hover code, .chat .spoiler:active code, .chat .spoiler-shown code {border:1px solid #C0C0C0;background:#EEEEEE;color:black;padding:0 2px;} .chat .spoiler code {border:1px solid #CCCCCC;background:#CCCCCC;color:#CCCCCC;} .battle-log .rated {padding:3px 4px;} .battle-log .rated strong {color:white;background:#89A;padding:1px 4px;border-radius:4px;} .spacer {margin-top:0.5em;} .message-announce {background:#6688AA;color:white;padding:1px 4px 2px;} .message-announce a, .broadcast-green a, .broadcast-blue a, .broadcast-red a {color:#DDEEFF;} .broadcast-green {background-color:#559955;color:white;padding:2px 4px;} .broadcast-blue {background-color:#6688AA;color:white;padding:2px 4px;} .infobox {border:1px solid #6688AA;padding:2px 4px;} .infobox-limited {max-height:200px;overflow:auto;overflow-x:hidden;} .broadcast-red {background-color:#AA5544;color:white;padding:2px 4px;} .message-learn-canlearn {font-weight:bold;color:#228822;text-decoration:underline;} .message-learn-cannotlearn {font-weight:bold;color:#CC2222;text-decoration:underline;} .message-effect-weak {font-weight:bold;color:#CC2222;} .message-effect-resist {font-weight:bold;color:#6688AA;} .message-effect-immune {font-weight:bold;color:#666666;} .message-learn-list {margin-top:0;margin-bottom:0;} .message-throttle-notice, .message-error {color:#992222;} .message-overflow, .chat small.message-overflow {font-size:0pt;} .message-overflow::before {font-size:9pt;content:'...';} .subtle {color:#3A4A66;}
</style>
<div class="wrapper replay-wrapper" style="max-width:1180px;margin:0 auto">
<input type="hidden" name="replayid" value="smogtours-nu-230967" />
<div class="battle"></div><div class="battle-log"></div><div class="replay-controls"></div><div class="replay-controls-2"></div>
<h1 style="font-weight:normal;text-align:center"><strong>NU</strong><br /><a href="http://pokemonshowdown.com/users/jarii" class="subtle" target="_blank">Jarii</a> vs. <a href="http://pokemonshowdown.com/users/rozes" class="subtle" target="_blank">rozes</a></h1>
<script type="text/plain" class="battle-log-data">|J|Jarii
|J|rozes
|player|p1|Jarii|270
|player|p2|rozes|#rozes
|gametype|singles
|gen|6
|tier|NU
|seed|9711,32098,11792,33499
|rule|Sleep Clause Mod: Limit one foe put to sleep
|rule|Species Clause: Limit one of each Pokémon
|rule|OHKO Clause: OHKO moves are banned
|rule|Moody Clause: Moody is banned
|rule|Evasion Moves Clause: Evasion moves are banned
|rule|Endless Battle Clause: Forcing endless battles is banned
|rule|HP Percentage Mod: HP is shown in percentages
|clearpoke
|poke|p1|Gurdurr, F|item
|poke|p1|Skuntank, M|item
|poke|p1|Mesprit|item
|poke|p1|Tauros, M|item
|poke|p1|Lanturn, F|item
|poke|p1|Charizard, F|item
|poke|p2|Rhydon, M|item
|poke|p2|Clefairy, F|item
|poke|p2|Skuntank, M|item
|poke|p2|Xatu, M|item
|poke|p2|Samurott, M|item
|poke|p2|Floatzel, F|item
|rule|Swagger Clause: Swagger is banned
|rule|Baton Pass Clause: Limit one Baton Passer, can't pass Spe and other stats simultaneously
|teampreview
|c|★Jarii|hf
|J|choolio iglesias
|J|Manipulative
|choice|team 1, team 2, team 3, team 4, team 5, team 6|team 3, team 2, team 1, team 4, team 5, team 6
|
|start
|switch|p1a: Gurdurr|Gurdurr, F|374\/374
|switch|p2a: sin city|Skuntank, M|347\/347
|turn|1
|J|Tony
|J|HJAD
|choice|move knockoff|switch 4
|
|switch|p2a: blood diamond|Xatu, M|334\/334
|move|p1a: Gurdurr|Knock Off|p2a: blood diamond
|-supereffective|p2a: blood diamond
|-damage|p2a: blood diamond|114\/334
|-damage|p1a: Gurdurr|312\/374|[from] item: Rocky Helmet|[of] p2a: blood diamond
|-enditem|p2a: blood diamond|Rocky Helmet|[from] move: Knock Off|[of] p1a: Gurdurr
|
|upkeep
|turn|2
|J|Sacri'
|c|+Tony|rozes n_n
|choice|switch 2|move psychic
|
|switch|p1a: Skuntank|Skuntank, M|347\/347
|move|p2a: blood diamond|Psychic|p1a: Skuntank
|-immune|p1a: Skuntank|[msg]
|
|upkeep
|turn|3
|J|Hori Kyouko
|choice|move darkpulse|switch 4
|
|switch|p2a: sin city|Skuntank, M|347\/347
|move|p1a: Skuntank|Dark Pulse|p2a: sin city
|-resisted|p2a: sin city
|-damage|p2a: sin city|279\/347
|
|upkeep
|turn|4
|choice|move fireblast|switch 2
|
|switch|p2a: for the thrill|Clefairy, F|344\/344
|move|p1a: Skuntank|Fire Blast|p2a: for the thrill
|-damage|p2a: for the thrill|282\/344
|
|upkeep
|turn|5
|c|+hairy toenail|Lower Tier Premiere League?
|J|Santu18
|c|+Tony|ya
|choice|switch 5|move thunderwave
|
|switch|p1a: Lanturn|Lanturn, F|391\/391
|move|p2a: for the thrill|Thunder Wave|p1a: Lanturn
|-immune|p1a: Lanturn|[msg]|[from] ability: Volt Absorb
|
|upkeep
|turn|6
|choice|move voltswitch|move softboiled
|
|move|p1a: Lanturn|Volt Switch|p2a: for the thrill
|-damage|p2a: for the thrill|225\/344
|choice|switch 3|
|
|switch|p1a: Mesprit|Mesprit|364\/364
|move|p2a: for the thrill|Soft-Boiled|p2a: for the thrill
|-heal|p2a: for the thrill|344\/344
|
|upkeep
|turn|7
|J|zqma
|c|+choolio iglesias|tony ur team didnt make it to finals right
|choice|move stealthrock|switch 4
|
|switch|p2a: blood diamond|Xatu, M|114\/334
|move|p1a: Mesprit|Stealth Rock|p2a: blood diamond
|move|p2a: blood diamond|Stealth Rock|p1a: Mesprit|[from]Magic Bounce
|-sidestart|p1: Jarii|move: Stealth Rock
|
|upkeep
|turn|8
|c|+hairy toenail|whats the game count oo
|c|+choolio iglesias|6-6
|choice|move uturn|move roost
|
|move|p2a: blood diamond|Roost|p2a: blood diamond
|-heal|p2a: blood diamond|281\/334
|move|p1a: Mesprit|U-turn|p2a: blood diamond
|-supereffective|p2a: blood diamond
|-damage|p2a: blood diamond|179\/334
|c|+Tony|we lost in semis :(
|c|+choolio iglesias|cant u c it
|choice|switch 5|
|
|switch|p1a: Skuntank|Skuntank, M|347\/347
|-damage|p1a: Skuntank|304\/347|[from] Stealth Rock
|
|upkeep
|turn|9
|c|+choolio iglesias|dang it
|choice|move defog|switch 4
|
|switch|p2a: for the thrill|Clefairy, F|344\/344
|move|p1a: Skuntank|Defog|p2a: for the thrill
|-unboost|p2a: for the thrill|evasion|1
|-sideend|p1: Jarii|Stealth Rock|[from] move: Defog|[of] p1a: Skuntank
|
|upkeep
|turn|10
|c|+Tony|3-1 iirc?
|c|+hairy toenail|steelix up?
|c|+Tony|down
|c|+hairy toenail|o
|choice|switch 5|move stealthrock
|
|switch|p1a: Mesprit|Mesprit|364\/364
|move|p2a: for the thrill|Stealth Rock|p1a: Mesprit
|-sidestart|p1: Jarii|move: Stealth Rock
|
|upkeep
|turn|11
|L|zqma
|J|ChillShadow
|c|+Manipulative|3-0 rn
|choice|move stealthrock|switch 4
|
|switch|p2a: blood diamond|Xatu, M|179\/334
|move|p1a: Mesprit|Stealth Rock|p2a: blood diamond
|move|p2a: blood diamond|Stealth Rock|p1a: Mesprit|[from]Magic Bounce
|-fail|p1a: Mesprit
|
|upkeep
|turn|12
|choice|move uturn|move roost
|
|move|p2a: blood diamond|Roost|p2a: blood diamond
|-heal|p2a: blood diamond|334\/334
|move|p1a: Mesprit|U-turn|p2a: blood diamond
|-supereffective|p2a: blood diamond
|-crit|p2a: blood diamond
|-damage|p2a: blood diamond|168\/334
|choice|switch 4|
|
|switch|p1a: Tauros|Tauros, M|291\/291
|-damage|p1a: Tauros|255\/291|[from] Stealth Rock
|
|upkeep
|turn|13
|J|keyboard paladin
|choice|move irontail|move psychic
|
|move|p1a: Tauros|Iron Tail|p2a: blood diamond
|-damage|p2a: blood diamond|3\/334
|move|p2a: blood diamond|Psychic|p1a: Tauros
|-damage|p1a: Tauros|104\/291
|
|upkeep
|turn|14
|J|kratosmana♪
|choice|move rockclimb|move psychic
|
|move|p1a: Tauros|Rock Climb|p2a: blood diamond
|-damage|p2a: blood diamond|0 fnt
|faint|p2a: blood diamond
|
|upkeep
|choice||switch 6
|
|switch|p2a: higher|Floatzel, F|311\/311
|turn|15
|c|%kratosmana♪|go abr
|choice|switch 3|move focusblast
|
|switch|p1a: Lanturn|Lanturn, F|391\/391
|-damage|p1a: Lanturn|343\/391|[from] Stealth Rock
|move|p2a: higher|Focus Blast|p1a: Lanturn
|-damage|p1a: Lanturn|166\/391
|-damage|p2a: higher|280\/311|[from] item: Life Orb
|
|upkeep
|turn|16
|choice|move voltswitch|switch 4
|
|switch|p2a: for the thrill|Clefairy, F|344\/344
|move|p1a: Lanturn|Volt Switch|p2a: for the thrill
|-damage|p2a: for the thrill|287\/344
|c|+Sacri'|go feens team oo
|c|+hairy toenail|BITCH
|c|+hairy toenail|imma voltswitch
|choice|switch 2|
|
|switch|p1a: Gurdurr|Gurdurr, F|312\/374
|-damage|p1a: Gurdurr|289\/374|[from] Stealth Rock
|
|upkeep
|turn|17
|choice|move knockoff|move moonblast
|
|move|p1a: Gurdurr|Knock Off|p2a: for the thrill
|-resisted|p2a: for the thrill
|-damage|p2a: for the thrill|230\/344
|-enditem|p2a: for the thrill|Eviolite|[from] move: Knock Off|[of] p1a: Gurdurr
|move|p2a: for the thrill|Moonblast|p1a: Gurdurr
|-supereffective|p1a: Gurdurr
|-crit|p1a: Gurdurr
|-damage|p1a: Gurdurr|11\/374
|
|upkeep
|turn|18
|choice|move bulkup|move softboiled
|
|move|p1a: Gurdurr|Bulk Up|p1a: Gurdurr
|-boost|p1a: Gurdurr|atk|1
|-boost|p1a: Gurdurr|def|1
|move|p2a: for the thrill|Soft-Boiled|p2a: for the thrill
|-heal|p2a: for the thrill|344\/344
|
|upkeep
|turn|19
|J|hamhamhamham
|choice|move drainpunch|move moonblast
|
|move|p1a: Gurdurr|Drain Punch|p2a: for the thrill
|-resisted|p2a: for the thrill
|-damage|p2a: for the thrill|176\/344
|-heal|p1a: Gurdurr|95\/374|[from] drain|[of] p2a: for the thrill
|move|p2a: for the thrill|Moonblast|p1a: Gurdurr
|-supereffective|p1a: Gurdurr
|-damage|p1a: Gurdurr|0 fnt
|faint|p1a: Gurdurr
|
|upkeep
|choice|switch 3|
|
|switch|p1a: Tauros|Tauros, M|104\/291
|-damage|p1a: Tauros|68\/291|[from] Stealth Rock
|turn|20
|J|Pearl
|J|Eyan
|choice|move irontail|move moonblast
|
|move|p1a: Tauros|Iron Tail|p2a: for the thrill
|-supereffective|p2a: for the thrill
|-damage|p2a: for the thrill|0 fnt
|faint|p2a: for the thrill
|
|upkeep
|choice||switch 4
|
|switch|p2a: higher|Floatzel, F|280\/311
|turn|21
|choice|switch 4|move icebeam
|
|switch|p1a: Mesprit|Mesprit|364\/364
|-damage|p1a: Mesprit|319\/364|[from] Stealth Rock
|move|p2a: higher|Ice Beam|p1a: Mesprit
|-damage|p1a: Mesprit|214\/364
|-damage|p2a: higher|249\/311|[from] item: Life Orb
|
|upkeep
|turn|22
|choice|move thunderwave|move hydropump
|
|move|p2a: higher|Hydro Pump|p1a: Mesprit
|-damage|p1a: Mesprit|23\/364
|-damage|p2a: higher|218\/311|[from] item: Life Orb
|move|p1a: Mesprit|Thunder Wave|p2a: higher
|-status|p2a: higher|par
|
|upkeep
|turn|23
|choice|move stealthrock|move icebeam
|
|move|p1a: Mesprit|Stealth Rock|p2a: higher
|-sidestart|p2: rozes|move: Stealth Rock
|move|p2a: higher|Ice Beam|p1a: Mesprit
|-damage|p1a: Mesprit|0 fnt
|-damage|p2a: higher|187\/311 par|[from] item: Life Orb
|faint|p1a: Mesprit
|
|upkeep
|J|lnsult
|choice|switch 5|
|
|switch|p1a: Skuntank|Skuntank, M|304\/347
|-damage|p1a: Skuntank|261\/347|[from] Stealth Rock
|turn|24
|choice|move darkpulse|move hydropump
|
|move|p1a: Skuntank|Dark Pulse|p2a: higher
|-damage|p2a: higher|13\/311 par
|move|p2a: higher|Hydro Pump|p1a: Skuntank
|-damage|p1a: Skuntank|0 fnt
|-damage|p2a: higher|0 fnt|[from] item: Life Orb
|faint|p1a: Skuntank
|faint|p2a: higher
|
|upkeep
|c|%Pearl|who hits
|choice|switch 6|switch 5
|
|switch|p1a: Charizard|Charizard, F|297\/297
|switch|p2a: ride or die|Samurott, M|331\/331
|-damage|p1a: Charizard|149\/297|[from] Stealth Rock
|-damage|p2a: ride or die|290\/331|[from] Stealth Rock
|turn|25
|c|%Pearl|80% accuracy + para + flinch chance
|c|+Manipulative|ikr
|choice|move airslash|move aquajet
|
|move|p2a: ride or die|Aqua Jet|p1a: Charizard
|-supereffective|p1a: Charizard
|-damage|p1a: Charizard|0 fnt
|-damage|p2a: ride or die|257\/331|[from] item: Life Orb
|faint|p1a: Charizard
|
|upkeep
|choice|switch 2|
|
|switch|p1a: Lanturn|Lanturn, F|166\/391
|-damage|p1a: Lanturn|118\/391|[from] Stealth Rock
|turn|26
|choice|move thunderbolt|switch 3
|
|switch|p2a: catch me|Rhydon, M|351\/351
|-damage|p2a: catch me|330\/351|[from] Stealth Rock
|move|p1a: Lanturn|Thunderbolt|p2a: catch me
|-immune|p2a: catch me|[msg]
|
|upkeep
|turn|27
|choice|switch 4|move earthquake
|
|switch|p1a: Tauros|Tauros, M|68\/291
|-damage|p1a: Tauros|32\/291|[from] Stealth Rock
|move|p2a: catch me|Earthquake|p1a: Tauros
|-damage|p1a: Tauros|0 fnt
|faint|p1a: Tauros
|
|upkeep
|choice|switch 4|
|
|switch|p1a: Lanturn|Lanturn, F|118\/391
|-damage|p1a: Lanturn|70\/391|[from] Stealth Rock
|turn|28
|c|★Jarii|gg
|c|★rozes|gg
|choice|move icebeam|move earthquake
|
|move|p1a: Lanturn|Ice Beam|p2a: catch me
|-supereffective|p2a: catch me
|-damage|p2a: catch me|128\/351
|move|p2a: catch me|Earthquake|p1a: Lanturn
|-supereffective|p1a: Lanturn
|-damage|p1a: Lanturn|0 fnt
|faint|p1a: Lanturn
|
|win|rozes
|player|p1
|player|p2
|L|choolio iglesias
|L|kratosmana♪
|L|ChillShadow
|L|hairy toenail
|L|HJAD
|L|Jarii
|L|Manipulative
|L|rozes
|L|lnsult
|L|keyboard paladin
|L|Tony
|L|Sacri'
|J|Finchinator</script>
</div>
<div class="battle-log battle-log-inline"><div class="inner"><div class="battle-options"></div><div class="inner"><div class=""><small>Format:</small> <br><strong>NU</strong></div><div class=""><small><em>Sleep Clause Mod:</em> Limit one foe put to sleep</small></div><div class=""><small><em>Species Clause:</em> Limit one of each Pokémon</small></div><div class=""><small><em>OHKO Clause:</em> OHKO moves are banned</small></div><div class=""><small><em>Moody Clause:</em> Moody is banned</small></div><div class=""><small><em>Evasion Moves Clause:</em> Evasion moves are banned</small></div><div class=""><small><em>Endless Battle Clause:</em> Forcing endless battles is banned</small></div><div class=""><small><em>HP Percentage Mod:</em> HP is shown in percentages</small></div><div class=""><small><em>Swagger Clause:</em> Swagger is banned</small></div><div class=""><small><em>Baton Pass Clause:</em> Limit one Baton Passer, can't pass Spe and other stats simultaneously</small></div><div class="chat battle-history"><strong>Jarii's team:</strong> <em style="color:#445566;display:block;">Gurdurr / Skuntank / Mesprit / Tauros / Lanturn / Charizard</em></div><div class="chat battle-history"><strong>rozes's team:</strong> <em style="color:#445566;display:block;">Rhydon / Clefairy / Skuntank / Xatu / Samurott / Floatzel</em></div><div class="chat chatmessage-jarii"><strong style="color:hsl(310,42%,50.9489615405014%)"><small>★</small><span class="username" data-name="Jarii">Jarii</span>:</strong> <em>hf</em></div><div class="spacer battle-history"><br></div><div class="battle-history">Battle started between Jarii and rozes!<br></div><div class="spacer battle-history"><br></div><div class="battle-history">Go! <strong>Gurdurr</strong>!<br></div><div class="spacer battle-history"><br></div><div class="battle-history">rozes sent out sin city (<strong>Skuntank</strong>)!<br></div><div class="spacer battle-history"><br></div><h2 class="battle-history">Turn 1</h2><div class="spacer battle-history"><br></div><div class="battle-history">rozes withdrew sin city!<br></div><div class="battle-history">rozes sent out blood diamond (<strong>Xatu</strong>)!<br></div><div class="spacer battle-history"><br></div><div class="battle-history">Gurdurr used <strong>Knock Off</strong>!<br></div><div class="battle-history"><small>It's super effective!</small><br></div><div class="battle-history"><small>(The opposing blood diamond lost <abbr title="−220/334">65.9%</abbr> of its health!)</small><br></div><div class="battle-history"><small>Gurdurr was hurt by the Rocky Helmet!</small><br></div><div class="battle-history"><small>Gurdurr knocked off the opposing blood diamond's Rocky Helmet!</small><br></div><div class="spacer battle-history"><br></div><h2 class="battle-history">Turn 2</h2><div class="chat chatmessage-tony"><strong style="color:hsl(312,63%,41.3846416864007%)"><small>+</small><span class="username" data-name="Tony">Tony</span>:</strong> <em>rozes n_n</em></div><div class="spacer battle-history"><br></div><div class="battle-history">Gurdurr, come back!<br></div><div class="battle-history">Go! <strong>Skuntank</strong>!<br></div><div class="spacer battle-history"><br></div><div class="battle-history">The opposing blood diamond used <strong>Psychic</strong>!<br></div><div class="battle-history"><small>It doesn't affect Skuntank...</small><br></div><div class="spacer battle-history"><br></div><h2 class="battle-history">Turn 3</h2><div class="spacer battle-history"><br></div><div class="battle-history">rozes withdrew blood diamond!<br></div><div class="battle-history">rozes sent out sin city (<strong>Skuntank</strong>)!<br></div><div class="spacer battle-history"><br></div><div class="battle-history">Skuntank used <strong>Dark Pulse</strong>!<br></div><div class="battle-history"><small>It's not very effective...</small><br></div><div class="battle-history"><small>(The opposing sin city lost <abbr title="−68/347">19.6%</abbr> of its health!)</small><br></div><div class="spacer battle-history"><br></div><h2 class="battle-history">Turn 4</h2><div class="spacer battle-history"><br></div><div class="battle-history">rozes withdrew sin city!<br></div><div class="battle-history">rozes sent out for the thrill (<strong>Clefairy</strong>)!<br></div><div class="spacer battle-history"><br></div><div class="battle-history">Skuntank used <strong>Fire Blast</strong>!<br></div><div class="battle-history"><small>(The opposing for the thrill lost <abbr title="−62/344">18.0%</abbr> of its health!)</small><br></div><div class="spacer battle-history"><br></div><h2 class="battle-history">Turn 5</h2><div class="chat chatmessage-hairytoenail"><strong style="color:hsl(350,72%,44%)"><small>+</small><span class="username" data-name="hairy toenail">hairy toenail</span>:</strong> <em>Lower Tier Premiere League?</em></div><div class="chat chatmessage-tony"><strong style="color:hsl(312,63%,41.3846416864007%)"><small>+</small><span class="username" data-name="Tony">Tony</span>:</strong> <em>ya</em></div><div class="spacer battle-history"><br></div><div class="battle-history">Skuntank, come back!<br></div><div class="battle-history">Go! <strong>Lanturn</strong>!<br></div><div class="spacer battle-history"><br></div><div class="battle-history">The opposing for the thrill used <strong>Thunder Wave</strong>!<br></div><div class="battle-history"><small>[Lanturn's Volt Absorb]</small><br><small>It doesn't affect Lanturn...</small><br></div><div class="spacer battle-history"><br></div><h2 class="battle-history">Turn 6</h2><div class="spacer battle-history"><br></div><div class="battle-history">Lanturn used <strong>Volt Switch</strong>!<br></div><div class="battle-history"><small>(The opposing for the thrill lost <abbr title="−57/344">16.6%</abbr> of its health!)</small><br></div><div class="spacer battle-history"><br></div><div class="battle-history">Lanturn went back to Jarii!<br></div><div class="battle-history">Go! <strong>Mesprit</strong>!<br></div><div class="spacer battle-history"><br></div><div class="battle-history">The opposing for the thrill used <strong>Soft-Boiled</strong>!<br></div><div class="battle-history"><small>The opposing for the thrill restored its HP.</small><br></div><div class="spacer battle-history"><br></div><h2 class="battle-history">Turn 7</h2><div class="chat chatmessage-choolioiglesias"><strong style="color:hsl(180,50%,47.56809424%)"><small>+</small><span class="username" data-name="choolio iglesias">choolio iglesias</span>:</strong> <em>tony ur team didnt make it to finals right</em></div><div class="spacer battle-history"><br></div><div class="battle-history">rozes withdrew for the thrill!<br></div><div class="battle-history">rozes sent out blood diamond (<strong>Xatu</strong>)!<br></div><div class="spacer battle-history"><br></div><div class="battle-history">Mesprit used <strong>Stealth Rock</strong>!<br></div><div class="spacer battle-history"><br></div><div class="battle-history"><small>[The opposing blood diamond's Magic Bounce]</small><br>The opposing blood diamond bounced the Stealth Rock back!<br></div><div class="battle-history"><small>Pointed stones float in the air around your team!</small><br></div><div class="spacer battle-history"><br></div><h2 class="battle-history">Turn 8</h2><div class="chat chatmessage-hairytoenail"><strong style="color:hsl(350,72%,44%)"><small>+</small><span class="username" data-name="hairy toenail">hairy toenail</span>:</strong> <em>whats the game count oo</em></div><div class="chat chatmessage-choolioiglesias"><strong style="color:hsl(180,50%,47.56809424%)"><small>+</small><span class="username" data-name="choolio iglesias">choolio iglesias</span>:</strong> <em>6-6</em></div><div class="spacer battle-history"><br></div><div class="battle-history">The opposing blood diamond used <strong>Roost</strong>!<br></div><div class="battle-history"><small>The opposing blood diamond restored its HP.</small><br></div><div class="spacer battle-history"><br></div><div class="battle-history">Mesprit used <strong>U-turn</strong>!<br></div><div class="battle-history"><small>It's super effective!</small><br></div><div class="battle-history"><small>(The opposing blood diamond lost <abbr title="−102/334">30.5%</abbr> of its health!)</small><br></div><div class="chat chatmessage-tony"><strong style="color:hsl(312,63%,41.3846416864007%)"><small>+</small><span class="username" data-name="Tony">Tony</span>:</strong> <em>we lost in semis :(</em></div><div class="chat chatmessage-choolioiglesias"><strong style="color:hsl(180,50%,47.56809424%)"><small>+</small><span class="username" data-name="choolio iglesias">choolio iglesias</span>:</strong> <em>cant u c it</em></div><div class="spacer battle-history"><br></div><div class="battle-history">Mesprit went back to Jarii!<br></div><div class="battle-history">Go! <strong>Skuntank</strong>!<br></div><div class="battle-history"><small>Pointed stones dug into Skuntank!</small><br></div><div class="spacer battle-history"><br></div><h2 class="battle-history">Turn 9</h2><div class="chat chatmessage-choolioiglesias"><strong style="color:hsl(180,50%,47.56809424%)"><small>+</small><span class="username" data-name="choolio iglesias">choolio iglesias</span>:</strong> <em>dang it</em></div><div class="spacer battle-history"><br></div><div class="battle-history">rozes withdrew blood diamond!<br></div><div class="battle-history">rozes sent out for the thrill (<strong>Clefairy</strong>)!<br></div><div class="spacer battle-history"><br></div><div class="battle-history">Skuntank used <strong>Defog</strong>!<br></div><div class="battle-history"><small>The opposing for the thrill's evasiveness fell!</small><br></div><div class="battle-history"><small>The pointed stones disappeared from around your team!</small><br></div><div class="spacer battle-history"><br></div><h2 class="battle-history">Turn 10</h2><div class="chat chatmessage-tony"><strong style="color:hsl(312,63%,41.3846416864007%)"><small>+</small><span class="username" data-name="Tony">Tony</span>:</strong> <em>3-1 iirc?</em></div><div class="chat chatmessage-hairytoenail"><strong style="color:hsl(350,72%,44%)"><small>+</small><span class="username" data-name="hairy toenail">hairy toenail</span>:</strong> <em>steelix up?</em></div><div class="chat chatmessage-tony"><strong style="color:hsl(312,63%,41.3846416864007%)"><small>+</small><span class="username" data-name="Tony">Tony</span>:</strong> <em>down</em></div><div class="chat chatmessage-hairytoenail"><strong style="color:hsl(350,72%,44%)"><small>+</small><span class="username" data-name="hairy toenail">hairy toenail</span>:</strong> <em>o</em></div><div class="spacer battle-history"><br></div><div class="battle-history">Skuntank, come back!<br></div><div class="battle-history">Go! <strong>Mesprit</strong>!<br></div><div class="spacer battle-history"><br></div><div class="battle-history">The opposing for the thrill used <strong>Stealth Rock</strong>!<br></div><div class="battle-history"><small>Pointed stones float in the air around your team!</small><br></div><div class="spacer battle-history"><br></div><h2 class="battle-history">Turn 11</h2><div class="chat chatmessage-manipulative"><strong style="color:hsl(245,69%,64.06639321633334%)"><small>+</small><span class="username" data-name="Manipulative">Manipulative</span>:</strong> <em>3-0 rn</em></div><div class="spacer battle-history"><br></div><div class="battle-history">rozes withdrew for the thrill!<br></div><div class="battle-history">rozes sent out blood diamond (<strong>Xatu</strong>)!<br></div><div class="spacer battle-history"><br></div><div class="battle-history">Mesprit used <strong>Stealth Rock</strong>!<br></div><div class="spacer battle-history"><br></div><div class="battle-history"><small>[The opposing blood diamond's Magic Bounce]</small><br>The opposing blood diamond bounced the Stealth Rock back!<br></div><div class="battle-history"><small>But it failed!</small><br></div><div class="spacer battle-history"><br></div><h2 class="battle-history">Turn 12</h2><div class="spacer battle-history"><br></div><div class="battle-history">The opposing blood diamond used <strong>Roost</strong>!<br></div><div class="battle-history"><small>The opposing blood diamond restored its HP.</small><br></div><div class="spacer battle-history"><br></div><div class="battle-history">Mesprit used <strong>U-turn</strong>!<br></div><div class="battle-history"><small>It's super effective!</small><br></div><div class="battle-history"><small>A critical hit!</small><br></div><div class="battle-history"><small>(The opposing blood diamond lost <abbr title="−166/334">49.7%</abbr> of its health!)</small><br></div><div class="spacer battle-history"><br></div><div class="battle-history">Mesprit went back to Jarii!<br></div><div class="battle-history">Go! <strong>Tauros</strong>!<br></div><div class="battle-history"><small>Pointed stones dug into Tauros!</small><br></div><div class="spacer battle-history"><br></div><h2 class="battle-history">Turn 13</h2><div class="spacer battle-history"><br></div><div class="battle-history">Tauros used <strong>Iron Tail</strong>!<br></div><div class="battle-history"><small>(The opposing blood diamond lost <abbr title="−165/334">49.4%</abbr> of its health!)</small><br></div><div class="spacer battle-history"><br></div><div class="battle-history">The opposing blood diamond used <strong>Psychic</strong>!<br></div><div class="battle-history"><small>(Tauros lost <abbr title="−151/291">51.9%</abbr> of its health!)</small><br></div><div class="spacer battle-history"><br></div><h2 class="battle-history">Turn 14</h2><div class="spacer battle-history"><br></div><div class="battle-history">Tauros used <strong>Rock Climb</strong>!<br></div><div class="battle-history"><small>(The opposing blood diamond lost <abbr title="−3/334">0.9%</abbr> of its health!)</small><br></div><div class="spacer battle-history"><br></div><div class="battle-history">The opposing blood diamond fainted!<br></div><div class="spacer battle-history"><br></div><div class="battle-history">rozes sent out higher (<strong>Floatzel</strong>)!<br></div><div class="spacer battle-history"><br></div><h2 class="battle-history">Turn 15</h2><div class="chat chatmessage-kratosmana"><strong style="color:hsl(131,53%,31.90031435230017%)"><small>%</small><span class="username" data-name="kratosmana♪">kratosmana♪</span>:</strong> <em>go abr</em></div><div class="spacer battle-history"><br></div><div class="battle-history">Tauros, come back!<br></div><div class="battle-history">Go! <strong>Lanturn</strong>!<br></div><div class="battle-history"><small>Pointed stones dug into Lanturn!</small><br></div><div class="spacer battle-history"><br></div><div class="battle-history">The opposing higher used <strong>Focus Blast</strong>!<br></div><div class="battle-history"><small>(Lanturn lost <abbr title="−177/391">45.3%</abbr> of its health!)</small><br></div><div class="battle-history"><small>The opposing higher lost some of its HP!</small><br></div><div class="spacer battle-history"><br></div><h2 class="battle-history">Turn 16</h2><div class="spacer battle-history"><br></div><div class="battle-history">rozes withdrew higher!<br></div><div class="battle-history">rozes sent out for the thrill (<strong>Clefairy</strong>)!<br></div><div class="spacer battle-history"><br></div><div class="battle-history">Lanturn used <strong>Volt Switch</strong>!<br></div><div class="battle-history"><small>(The opposing for the thrill lost <abbr title="−57/344">16.6%</abbr> of its health!)</small><br></div><div class="chat chatmessage-sacri"><strong style="color:hsl(344,60%,48.0115088290176%)"><small>+</small><span class="username" data-name="Sacri'">Sacri'</span>:</strong> <em>go feens team oo</em></div><div class="chat chatmessage-hairytoenail"><strong style="color:hsl(350,72%,44%)"><small>+</small><span class="username" data-name="hairy toenail">hairy toenail</span>:</strong> <em>BITCH</em></div><div class="chat chatmessage-hairytoenail"><strong style="color:hsl(350,72%,44%)"><small>+</small><span class="username" data-name="hairy toenail">hairy toenail</span>:</strong> <em>imma voltswitch</em></div><div class="spacer battle-history"><br></div><div class="battle-history">Lanturn went back to Jarii!<br></div><div class="battle-history">Go! <strong>Gurdurr</strong>!<br></div><div class="battle-history"><small>Pointed stones dug into Gurdurr!</small><br></div><div class="spacer battle-history"><br></div><h2 class="battle-history">Turn 17</h2><div class="spacer battle-history"><br></div><div class="battle-history">Gurdurr used <strong>Knock Off</strong>!<br></div><div class="battle-history"><small>It's not very effective...</small><br></div><div class="battle-history"><small>(The opposing for the thrill lost <abbr title="−57/344">16.6%</abbr> of its health!)</small><br></div><div class="battle-history"><small>Gurdurr knocked off the opposing for the thrill's Eviolite!</small><br></div><div class="spacer battle-history"><br></div><div class="battle-history">The opposing for the thrill used <strong>Moonblast</strong>!<br></div><div class="battle-history"><small>It's super effective!</small><br></div><div class="battle-history"><small>A critical hit!</small><br></div><div class="battle-history"><small>(Gurdurr lost <abbr title="−278/374">74.3%</abbr> of its health!)</small><br></div><div class="spacer battle-history"><br></div><h2 class="battle-history">Turn 18</h2><div class="spacer battle-history"><br></div><div class="battle-history">Gurdurr used <strong>Bulk Up</strong>!<br></div><div class="battle-history"><small>Gurdurr's Attack rose!</small><br></div><div class="battle-history"><small>Gurdurr's Defense rose!</small><br></div><div class="spacer battle-history"><br></div><div class="battle-history">The opposing for the thrill used <strong>Soft-Boiled</strong>!<br></div><div class="battle-history"><small>The opposing for the thrill restored its HP.</small><br></div><div class="spacer battle-history"><br></div><h2 class="battle-history">Turn 19</h2><div class="spacer battle-history"><br></div><div class="battle-history">Gurdurr used <strong>Drain Punch</strong>!<br></div><div class="battle-history"><small>It's not very effective...</small><br></div><div class="battle-history"><small>(The opposing for the thrill lost <abbr title="−168/344">48.8%</abbr> of its health!)</small><br></div><div class="battle-history"><small>The opposing for the thrill had its energy drained!</small><br></div><div class="spacer battle-history"><br></div><div class="battle-history">The opposing for the thrill used <strong>Moonblast</strong>!<br></div><div class="battle-history"><small>It's super effective!</small><br></div><div class="battle-history"><small>(Gurdurr lost <abbr title="−95/374">25.4%</abbr> of its health!)</small><br></div><div class="spacer battle-history"><br></div><div class="battle-history">Gurdurr fainted!<br></div><div class="spacer battle-history"><br></div><div class="battle-history">Go! <strong>Tauros</strong>!<br></div><div class="battle-history"><small>Pointed stones dug into Tauros!</small><br></div><div class="spacer battle-history"><br></div><h2 class="battle-history">Turn 20</h2><div class="spacer battle-history"><br></div><div class="battle-history">Tauros used <strong>Iron Tail</strong>!<br></div><div class="battle-history"><small>It's super effective!</small><br></div><div class="battle-history"><small>(The opposing for the thrill lost <abbr title="−176/344">51.2%</abbr> of its health!)</small><br></div><div class="spacer battle-history"><br></div><div class="battle-history">The opposing for the thrill fainted!<br></div><div class="spacer battle-history"><br></div><div class="battle-history">rozes sent out higher (<strong>Floatzel</strong>)!<br></div><div class="spacer battle-history"><br></div><h2 class="battle-history">Turn 21</h2><div class="spacer battle-history"><br></div><div class="battle-history">Tauros, come back!<br></div><div class="battle-history">Go! <strong>Mesprit</strong>!<br></div><div class="battle-history"><small>Pointed stones dug into Mesprit!</small><br></div><div class="spacer battle-history"><br></div><div class="battle-history">The opposing higher used <strong>Ice Beam</strong>!<br></div><div class="battle-history"><small>(Mesprit lost <abbr title="−105/364">28.8%</abbr> of its health!)</small><br></div><div class="battle-history"><small>The opposing higher lost some of its HP!</small><br></div><div class="spacer battle-history"><br></div><h2 class="battle-history">Turn 22</h2><div class="spacer battle-history"><br></div><div class="battle-history">The opposing higher used <strong>Hydro Pump</strong>!<br></div><div class="battle-history"><small>(Mesprit lost <abbr title="−191/364">52.5%</abbr> of its health!)</small><br></div><div class="battle-history"><small>The opposing higher lost some of its HP!</small><br></div><div class="spacer battle-history"><br></div><div class="battle-history">Mesprit used <strong>Thunder Wave</strong>!<br></div><div class="battle-history"><small>The opposing higher is paralyzed! It may be unable to move!</small><br></div><div class="spacer battle-history"><br></div><h2 class="battle-history">Turn 23</h2><div class="spacer battle-history"><br></div><div class="battle-history">Mesprit used <strong>Stealth Rock</strong>!<br></div><div class="battle-history"><small>Pointed stones float in the air around the opposing team!</small><br></div><div class="spacer battle-history"><br></div><div class="battle-history">The opposing higher used <strong>Ice Beam</strong>!<br></div><div class="battle-history"><small>(Mesprit lost <abbr title="−23/364">6.3%</abbr> of its health!)</small><br></div><div class="battle-history"><small>The opposing higher lost some of its HP!</small><br></div><div class="spacer battle-history"><br></div><div class="battle-history">Mesprit fainted!<br></div><div class="spacer battle-history"><br></div><div class="battle-history">Go! <strong>Skuntank</strong>!<br></div><div class="battle-history"><small>Pointed stones dug into Skuntank!</small><br></div><div class="spacer battle-history"><br></div><h2 class="battle-history">Turn 24</h2><div class="spacer battle-history"><br></div><div class="battle-history">Skuntank used <strong>Dark Pulse</strong>!<br></div><div class="battle-history"><small>(The opposing higher lost <abbr title="−174/311">55.9%</abbr> of its health!)</small><br></div><div class="spacer battle-history"><br></div><div class="battle-history">The opposing higher used <strong>Hydro Pump</strong>!<br></div><div class="battle-history"><small>(Skuntank lost <abbr title="−261/347">75.2%</abbr> of its health!)</small><br></div><div class="battle-history"><small>The opposing higher lost some of its HP!</small><br></div><div class="spacer battle-history"><br></div><div class="battle-history">Skuntank fainted!<br></div><div class="battle-history">The opposing higher fainted!<br></div><div class="chat chatmessage-pearl"><strong style="color:hsl(137,70%,38.48887992080507%)"><small>%</small><span class="username" data-name="Pearl">Pearl</span>:</strong> <em>who hits</em></div><div class="spacer battle-history"><br></div><div class="battle-history">Go! <strong>Charizard</strong>!<br></div><div class="spacer battle-history"><br></div><div class="battle-history">rozes sent out ride or die (<strong>Samurott</strong>)!<br></div><div class="battle-history"><small>Pointed stones dug into Charizard!</small><br></div><div class="battle-history"><small>Pointed stones dug into the opposing ride or die!</small><br></div><div class="spacer battle-history"><br></div><h2 class="battle-history">Turn 25</h2><div class="chat chatmessage-pearl"><strong style="color:hsl(137,70%,38.48887992080507%)"><small>%</small><span class="username" data-name="Pearl">Pearl</span>:</strong> <em>80% accuracy + para + flinch chance</em></div><div class="chat chatmessage-manipulative"><strong style="color:hsl(245,69%,64.06639321633334%)"><small>+</small><span class="username" data-name="Manipulative">Manipulative</span>:</strong> <em>ikr</em></div><div class="spacer battle-history"><br></div><div class="battle-history">The opposing ride or die used <strong>Aqua Jet</strong>!<br></div><div class="battle-history"><small>It's super effective!</small><br></div><div class="battle-history"><small>(Charizard lost <abbr title="−149/297">50.2%</abbr> of its health!)</small><br></div><div class="battle-history"><small>The opposing ride or die lost some of its HP!</small><br></div><div class="spacer battle-history"><br></div><div class="battle-history">Charizard fainted!<br></div><div class="spacer battle-history"><br></div><div class="battle-history">Go! <strong>Lanturn</strong>!<br></div><div class="battle-history"><small>Pointed stones dug into Lanturn!</small><br></div><div class="spacer battle-history"><br></div><h2 class="battle-history">Turn 26</h2><div class="spacer battle-history"><br></div><div class="battle-history">rozes withdrew ride or die!<br></div><div class="battle-history">rozes sent out catch me (<strong>Rhydon</strong>)!<br></div><div class="battle-history"><small>Pointed stones dug into the opposing catch me!</small><br></div><div class="spacer battle-history"><br></div><div class="battle-history">Lanturn used <strong>Thunderbolt</strong>!<br></div><div class="battle-history"><small>It doesn't affect the opposing catch me...</small><br></div><div class="spacer battle-history"><br></div><h2 class="battle-history">Turn 27</h2><div class="spacer battle-history"><br></div><div class="battle-history">Lanturn, come back!<br></div><div class="battle-history">Go! <strong>Tauros</strong>!<br></div><div class="battle-history"><small>Pointed stones dug into Tauros!</small><br></div><div class="spacer battle-history"><br></div><div class="battle-history">The opposing catch me used <strong>Earthquake</strong>!<br></div><div class="battle-history"><small>(Tauros lost <abbr title="−32/291">11.0%</abbr> of its health!)</small><br></div><div class="spacer battle-history"><br></div><div class="battle-history">Tauros fainted!<br></div><div class="spacer battle-history"><br></div><div class="battle-history">Go! <strong>Lanturn</strong>!<br></div><div class="battle-history"><small>Pointed stones dug into Lanturn!</small><br></div><div class="spacer battle-history"><br></div><h2 class="battle-history">Turn 28</h2><div class="chat chatmessage-jarii"><strong style="color:hsl(310,42%,50.9489615405014%)"><small>★</small><span class="username" data-name="Jarii">Jarii</span>:</strong> <em>gg</em></div><div class="chat chatmessage-rozes"><strong style="color:hsl(85,76%,36.46546250624253%)"><small>★</small><span class="username" data-name="rozes">rozes</span>:</strong> <em>gg</em></div><div class="spacer battle-history"><br></div><div class="battle-history">Lanturn used <strong>Ice Beam</strong>!<br></div><div class="battle-history"><small>It's super effective!</small><br></div><div class="battle-history"><small>(The opposing catch me lost <abbr title="−202/351">57.5%</abbr> of its health!)</small><br></div><div class="spacer battle-history"><br></div><div class="battle-history">The opposing catch me used <strong>Earthquake</strong>!<br></div><div class="battle-history"><small>It's super effective!</small><br></div><div class="battle-history"><small>(Lanturn lost <abbr title="−70/391">17.9%</abbr> of its health!)</small><br></div><div class="spacer battle-history"><br></div><div class="battle-history">Lanturn fainted!<br></div><div class="spacer battle-history"><br></div><div class="battle-history"><strong>rozes</strong> won the battle!<br></div></div><div class="inner-preempt"></div></div></div>
</div>
<script>
let daily = Math.floor(Date.now()/1000/60/60/24);document.write('<script src="https://play.pokemonshowdown.com/js/replay-embed.js?version'+daily+'"></'+'script>');
</script>
