<!DOCTYPE html>
<meta charset="utf-8" />
<!-- version 1 -->
<title>NU replay: Lynks~ vs. Aegi tout court</title>
<style>
html,body {font-family:Verdana, sans-serif;font-size:10pt;margin:0;padding:0;}body{padding:12px 0;} .battle-log {font-family:Verdana, sans-serif;font-size:10pt;} .battle-log-inline {border:1px solid #AAAAAA;background:#EEF2F5;color:black;max-width:640px;margin:0 auto 80px;padding-bottom:5px;} .battle-log .inner {padding:4px 8px 0px 8px;} .battle-log .inner-preempt {padding:0 8px 4px 8px;} .battle-log .inner-after {margin-top:0.5em;} .battle-log h2 {margin:0.5em -8px;padding:4px 8px;border:1px solid #AAAAAA;background:#E0E7EA;border-left:0;border-right:0;font-family:Verdana, sans-serif;font-size:13pt;} .battle-log .chat {vertical-align:middle;padding:3px 0 3px 0;font-size:8pt;} .battle-log .chat strong {color:#40576A;} .battle-log .chat em {padding:1px 4px 1px 3px;color:#000000;font-style:normal;} .chat.mine {background:rgba(0,0,0,0.05);margin-left:-8px;margin-right:-8px;padding-left:8px;padding-right:8px;} .spoiler {color:#BBBBBB;background:#BBBBBB;padding:0px 3px;} .spoiler:hover, .spoiler:active, .spoiler-shown {color:#000000;background:#E2E2E2;padding:0px 3px;} .spoiler a {color:#BBBBBB;} .spoiler:hover a, .spoiler:active a, .spoiler-shown a {color:#2288CC;} .chat code, .chat .spoiler:hover code, .chat .spoiler:active code, .chat .spoiler-shown code {border:1px solid #C0C0C0;background:#EEEEEE;color:black;padding:0 2px;} .chat .spoiler code {border:1px solid #CCCCCC;background:#CCCCCC;color:#CCCCCC;} .battle-log .rated {padding:3px 4px;} .battle-log .rated strong {color:white;background:#89A;padding:1px 4px;border-radius:4px;} .spacer {margin-top:0.5em;} .message-announce {background:#6688AA;color:white;padding:1px 4px 2px;} .message-announce a, .broadcast-green a, .broadcast-blue a, .broadcast-red a {color:#DDEEFF;} .broadcast-green {background-color:#559955;color:white;padding:2px 4px;} .broadcast-blue {background-color:#6688AA;color:white;padding:2px 4px;} .infobox {border:1px solid #6688AA;padding:2px 4px;} .infobox-limited {max-height:200px;overflow:auto;overflow-x:hidden;} .broadcast-red {background-color:#AA5544;color:white;padding:2px 4px;} .message-learn-canlearn {font-weight:bold;color:#228822;text-decoration:underline;} .message-learn-cannotlearn {font-weight:bold;color:#CC2222;text-decoration:underline;} .message-effect-weak {font-weight:bold;color:#CC2222;} .message-effect-resist {font-weight:bold;color:#6688AA;} .message-effect-immune {font-weight:bold;color:#666666;} .message-learn-list {margin-top:0;margin-bottom:0;} .message-throttle-notice, .message-error {color:#992222;} .message-overflow, .chat small.message-overflow {font-size:0pt;} .message-overflow::before {font-size:9pt;content:'...';} .subtle {color:#3A4A66;}
</style>
<div class="wrapper replay-wrapper" style="max-width:1180px;margin:0 auto">
<input type="hidden" name="replayid" value="pokestrat-nu-5628" />
<div class="battle"></div><div class="battle-log"></div><div class="replay-controls"></div><div class="replay-controls-2"></div>
<h1 style="font-weight:normal;text-align:center"><strong>NU</strong><br /><a href="http://pokemonshowdown.com/users/lynks" class="subtle" target="_blank">Lynks~</a> vs. <a href="http://pokemonshowdown.com/users/aegitoutcourt" class="subtle" target="_blank">Aegi tout court</a></h1>
<script type="text/plain" class="battle-log-data">|j|Lynks~
|j|Aegi tout court
|player|p1|Lynks~|144
|player|p2|Aegi tout court|2
|gametype|singles
|gen|6
|tier|NU
|seed|45243,3706,36057,33266
|rule|Baton Pass Speed Clause: Limit one Baton Passer, can't pass Speed
|rule|Sleep Clause Mod: Limit one foe put to sleep
|rule|Species Clause: Limit one of each Pokémon
|rule|OHKO Clause: OHKO moves are banned
|rule|Moody Clause: Moody is banned
|rule|Evasion Moves Clause: Evasion moves are banned
|rule|Endless Battle Clause: Forcing endless battles is banned
|rule|HP Percentage Mod: HP is shown in percentages
|clearpoke
|poke|p1|Magmortar, M|item
|poke|p1|Lanturn, M|item
|poke|p1|Vileplume, F|item
|poke|p1|Skuntank, F|item
|poke|p1|Ferroseed, F|item
|poke|p1|Malamar, M|item
|poke|p2|Piloswine, F|item
|poke|p2|Dodrio, F|item
|poke|p2|Illumise, F|item
|poke|p2|Skuntank, M|item
|poke|p2|Mesprit|item
|poke|p2|Klinklang|item
|rule|Swagger Clause: Swagger is banned
|rule|Baton Pass Clause: Limit one Baton Passer, can't pass Spe and other stats simultaneously
|teampreview
|c|★Lynks~|hf
|c|★Aegi tout court|onon pas twa
|j|Yuro-LiTriiX
|c|★Aegi tout court|gl hf
|c|★Aegi tout court|j'taime pas
|c|★Lynks~|tkt
|j|Why-G
|c|★Lynks~|xD
|j|Laevin
|c|★Lynks~|taime pas mon talent**
|c|★Aegi tout court|à chaque fois tu me 6-0 sans me laisser la moindre chance
|c|★Lynks~|:p
|c|★Lynks~|mais non voyons
|choice|team 5, team 2, team 3, team 4, team 1, team 6|team 4, team 2, team 3, team 1, team 5, team 6
|
|start
|switch|p1a: Ferroseed|Ferroseed, F|291\/291
|switch|p2a: Skuntank|Skuntank, M|347\/347
|turn|1
|c|★Aegi tout court|ah
|j|elmostar2
|choice|switch 2|move fireblast
|
|switch|p1a: Lanturn|Lanturn, M|401\/401
|move|p2a: Skuntank|Fire Blast|p1a: Lanturn
|-resisted|p1a: Lanturn
|-damage|p1a: Lanturn|360\/401
|
|-heal|p1a: Lanturn|385\/401|[from] item: Leftovers
|turn|2
|choice|move scald|move hiddenpower
|
|move|p2a: Skuntank|Hidden Power|p1a: Lanturn
|-supereffective|p1a: Lanturn
|-damage|p1a: Lanturn|277\/401
|move|p1a: Lanturn|Scald|p2a: Skuntank
|-damage|p2a: Skuntank|232\/347
|-status|p2a: Skuntank|brn
|
|-heal|p1a: Lanturn|302\/401|[from] item: Leftovers
|-damage|p2a: Skuntank|189\/347 brn|[from] brn
|turn|3
|c|★Aegi tout court|déçu
|c|★Lynks~|lum berry
|c|★Lynks~|:c
|c|★Aegi tout court|expert belt
|j|Mega-Amphi
|choice|move scald|switch 5
|
|switch|p2a: Mesprit|Mesprit|301\/301
|move|p1a: Lanturn|Scald|p2a: Mesprit
|-damage|p2a: Mesprit|232\/301
|
|-heal|p1a: Lanturn|327\/401|[from] item: Leftovers
|turn|4
|choice|switch 4|move uturn
|
|switch|p1a: Skuntank|Skuntank, F|347\/347
|move|p2a: Mesprit|U-turn|p1a: Skuntank
|-damage|p1a: Skuntank|273\/347
|choice||switch 2
|
|switch|p2a: Dodrio|Dodrio, F|261\/261
|
|turn|5
|choice|switch 2|move bravebird
|
|switch|p1a: Ferroseed|Ferroseed, F|291\/291
|move|p2a: Dodrio|Brave Bird|p1a: Ferroseed
|-damage|p1a: Ferroseed|134\/291
|-damage|p2a: Dodrio|229\/261|[from] ability: Iron Barbs|[of] p1a: Ferroseed
|-damage|p2a: Dodrio|177\/261|[from] recoil|[of] p1a: Ferroseed
|
|turn|6
|c|★Lynks~|woooh
|c|★Lynks~|ça fait mal
|j|PtitDejFrit
|c|★Aegi tout court|trop de puissance
|choice|switch 4|move bravebird
|
|switch|p1a: Lanturn|Lanturn, M|327\/401
|move|p2a: Dodrio|Brave Bird|p1a: Lanturn
|-resisted|p1a: Lanturn
|-damage|p1a: Lanturn|159\/401
|-damage|p2a: Dodrio|122\/261|[from] recoil|[of] p1a: Lanturn
|
|-heal|p1a: Lanturn|184\/401|[from] item: Leftovers
|turn|7
|c|★Lynks~|omg
|c| Mega-Amphi|Lynks VS Aegi... une belle affiche en demie-finale !
|c|★Aegi tout court|Heu non
|c|★Aegi tout court|Il est beaucoup trop fort pour moi Lynks
|choice|move scald|switch 5
|
|switch|p2a: Skuntank|Skuntank, M|189\/347 brn
|move|p1a: Lanturn|Scald|p2a: Skuntank
|-damage|p2a: Skuntank|80\/347 brn
|
|-heal|p1a: Lanturn|209\/401|[from] item: Leftovers
|-damage|p2a: Skuntank|37\/347 brn|[from] brn
|turn|8
|c|★Lynks~|Stop avec ça Aegi
|c| Mega-Amphi|je l'ai déjà battu
|c|★Lynks~|Tu t'améliores beaucoup en plus
|c|★Lynks~|même Bouki le dit
|l|Laevin
|c|★Lynks~|Mega-Amphi si tu parles tu LC y,avais pas grand mérite
|c|★Lynks~|mdr
|c| Mega-Amphi|oui
|c| Mega-Amphi|HAAAAAAXXXXXXXXXX
|choice|switch 3|move darkpulse
|
|switch|p1a: Vileplume|Vileplume, F|354\/354
|move|p2a: Skuntank|Dark Pulse|p1a: Vileplume
|-damage|p1a: Vileplume|239\/354
|
|-heal|p1a: Vileplume|261\/354|[from] item: Black Sludge
|-damage|p2a: Skuntank|0 fnt|[from] brn
|faint|p2a: Skuntank
|c|★Aegi tout court|En NU c'est vrai
|choice||switch 2
|
|switch|p2a: Mesprit|Mesprit|232\/301
|turn|9
|choice|switch 2|move icebeam
|
|switch|p1a: Skuntank|Skuntank, F|273\/347
|move|p2a: Mesprit|Ice Beam|p1a: Skuntank
|-damage|p1a: Skuntank|137\/347
|
|turn|10
|choice|move suckerpunch|switch 3
|
|switch|p2a: Illumise|Illumise, F|271\/271
|move|p1a: Skuntank|Sucker Punch|p2a: Illumise|[still]
|-fail|p1a: Skuntank
|
|turn|11
|c|★Aegi tout court|allez je crois en toi
|choice|move taunt|move bugbuzz
|
|move|p2a: Illumise|Bug Buzz|p1a: Skuntank
|-damage|p1a: Skuntank|0 fnt
|faint|p1a: Skuntank
|
|c|★Aegi tout court|!
|c|★Lynks~|ce trc
|c|★Lynks~|jpp
|c|★Lynks~|truc*
|choice|switch 5|
|
|switch|p1a: Magmortar|Magmortar, M|307\/307
|turn|12
|c|★Aegi tout court|les gens ne se méfient jamais
|choice|move fireblast|move bugbuzz
|
|move|p2a: Illumise|Bug Buzz|p1a: Magmortar
|-resisted|p1a: Magmortar
|-damage|p1a: Magmortar|193\/307
|move|p1a: Magmortar|Fire Blast|p2a: Illumise|[miss]
|-miss|p1a: Magmortar|p2a: Illumise
|
|turn|13
|c|★Aegi tout court|oups
|c|★Aegi tout court|:c
|c|★Aegi tout court|rip AV
|c| elmostar2|il est specs aegi?
|c|★Aegi tout court|Oui
|c|★Lynks~|pk je prend 37%
|c| elmostar2|original
|c|★Lynks~|sur AV
|c|★Lynks~|et pk je miss encore :c
|choice|move fireblast|move bugbuzz
|
|move|p2a: Illumise|Bug Buzz|p1a: Magmortar
|-resisted|p1a: Magmortar
|-damage|p1a: Magmortar|73\/307
|move|p1a: Magmortar|Fire Blast|p2a: Illumise
|-supereffective|p2a: Illumise
|-damage|p2a: Illumise|0 fnt
|faint|p2a: Illumise
|
|c| elmostar2|ca surprend l'adversaire
|c|★Lynks~|creve
|c|★Lynks~|Oui c'est un bon lure je trouve
|choice||switch 3
|
|switch|p2a: Mesprit|Mesprit|232\/301
|turn|14
|choice|move fireblast|move uturn
|
|move|p2a: Mesprit|U-turn|p1a: Magmortar
|-resisted|p1a: Magmortar
|-damage|p1a: Magmortar|35\/307
|c|★Lynks~|^^^^
|c|★Aegi tout court|faible
|choice||switch 4
|
|switch|p2a: Piloswine|Piloswine, F|396\/396
|move|p1a: Magmortar|Fire Blast|p2a: Piloswine
|-supereffective|p2a: Piloswine
|-damage|p2a: Piloswine|178\/396
|
|turn|15
|c|★Aegi tout court|:c
|c|★Lynks~|jappel pas ça
|c|★Lynks~|une fire resist
|c|★Lynks~|!
|choice|move hiddenpower|move earthquake
|
|move|p1a: Magmortar|Hidden Power|p2a: Piloswine
|-supereffective|p2a: Piloswine
|-damage|p2a: Piloswine|34\/396
|move|p2a: Piloswine|Earthquake|p1a: Magmortar
|-supereffective|p1a: Magmortar
|-damage|p1a: Magmortar|0 fnt
|faint|p1a: Magmortar
|
|c|★Aegi tout court|non en effet
|c|★Lynks~|rofl
|c|★Lynks~|rip pas vouloir miss
|c|★Lynks~|D:
|j|S poire d'alola
|c|★Aegi tout court|x)
|c| Mega-Amphi|joli coup !
|choice|switch 2|
|
|switch|p1a: Vileplume|Vileplume, F|261\/354
|turn|16
|c| S poire d'alola|Bc. Aegi
|choice|move sleeppowder|move iciclecrash
|
|move|p2a: Piloswine|Icicle Crash|p1a: Vileplume
|-supereffective|p1a: Vileplume
|-damage|p1a: Vileplume|33\/354
|move|p1a: Vileplume|Sleep Powder|p2a: Piloswine
|-status|p2a: Piloswine|slp
|
|-heal|p1a: Vileplume|55\/354|[from] item: Black Sludge
|turn|17
|choice|move moonlight|move iceshard
|
|cant|p2a: Piloswine|slp
|move|p1a: Vileplume|Moonlight|p1a: Vileplume
|-heal|p1a: Vileplume|232\/354
|
|-heal|p1a: Vileplume|254\/354|[from] item: Black Sludge
|turn|18
|choice|move gigadrain|move iciclecrash
|
|cant|p2a: Piloswine|slp
|move|p1a: Vileplume|Giga Drain|p2a: Piloswine
|-supereffective|p2a: Piloswine
|-damage|p2a: Piloswine|0 fnt
|-heal|p1a: Vileplume|271\/354|[from] drain|[of] p2a: Piloswine
|faint|p2a: Piloswine
|
|-heal|p1a: Vileplume|293\/354|[from] item: Black Sludge
|choice||switch 5
|
|switch|p2a: Dodrio|Dodrio, F|122\/261
|turn|19
|l|S poire d'alola
|c|★Lynks~|re
|c|★Lynks~|sorry
|c|★Lynks~|xD
|c|★Aegi tout court|tkt
|choice|switch 3|move bravebird
|
|switch|p1a: Lanturn|Lanturn, M|209\/401
|move|p2a: Dodrio|Brave Bird|p1a: Lanturn
|-resisted|p1a: Lanturn
|-crit|p1a: Lanturn
|-damage|p1a: Lanturn|0 fnt
|-damage|p2a: Dodrio|53\/261|[from] recoil|[of] p1a: Lanturn
|faint|p1a: Lanturn
|
|c|★Aegi tout court|rooofl
|c|★Lynks~|bon
|c|★Lynks~|rip
|c|★Lynks~|10% de recoil
|c|★Lynks~|:c
|choice|switch 4|
|
|switch|p1a: Ferroseed|Ferroseed, F|134\/291
|turn|20
|c|★Aegi tout court|j'ai pas envie de win pour la première fois contre toi
|c|★Aegi tout court|sur haxx
|c|★Lynks~|XD
|c|★Aegi tout court|et puis
|c|★Aegi tout court|j'ai pas win encorze
|choice|move thunderwave|move bravebird
|
|move|p2a: Dodrio|Brave Bird|p1a: Ferroseed
|-damage|p1a: Ferroseed|0 fnt
|-damage|p2a: Dodrio|21\/261|[from] ability: Iron Barbs|[of] p1a: Ferroseed
|-damage|p2a: Dodrio|0 fnt|[from] recoil|[of] p1a: Ferroseed
|faint|p1a: Ferroseed
|faint|p2a: Dodrio
|
|c|★Lynks~|bwala
|choice|switch 6|switch 4
|
|switch|p2a: Mesprit|Mesprit|232\/301
|switch|p1a: Malamar|Malamar, M|376\/376
|turn|21
|choice|switch 3|move uturn
|
|switch|p1a: Vileplume|Vileplume, F|293\/354
|move|p2a: Mesprit|U-turn|p1a: Vileplume
|-crit|p1a: Vileplume
|-damage|p1a: Vileplume|225\/354
|-status|p2a: Mesprit|slp|[from] ability: Effect Spore|[of] p1a: Vileplume
|choice||switch 6
|
|switch|p2a: Klinklang|Klinklang|281\/281
|
|-heal|p1a: Vileplume|247\/354|[from] item: Black Sludge
|turn|22
|c|★Lynks~|e
|c|★Aegi tout court|rip
|c|★Lynks~|je perds
|c|★Lynks~|sur effect spore
|choice|switch 3|move substitute
|
|switch|p1a: Malamar|Malamar, M|376\/376
|move|p2a: Klinklang|Substitute|p2a: Klinklang
|-start|p2a: Klinklang|Substitute
|-damage|p2a: Klinklang|211\/281
|
|-heal|p2a: Klinklang|228\/281|[from] item: Leftovers
|turn|23
|c|★Aegi tout court|tu win
|c|★Lynks~|non je perds
|c|★Lynks~|tu te places
|c|★Lynks~|parceque jai pas pu
|c|★Aegi tout court|et tu te places aussi
|choice|move superpower|move shiftgear
|
|move|p2a: Klinklang|Shift Gear|p2a: Klinklang
|-boost|p2a: Klinklang|spe|2
|-boost|p2a: Klinklang|atk|1
|move|p1a: Malamar|Superpower|p2a: Klinklang
|-supereffective|p2a: Klinklang
|-end|p2a: Klinklang|Substitute
|-boost|p1a: Malamar|atk|1
|-boost|p1a: Malamar|def|1
|
|-heal|p2a: Klinklang|245\/281|[from] item: Leftovers
|turn|24
|c|★Lynks~|t'endormir avec vileplume
|choice|move superpower|move geargrind
|
|move|p2a: Klinklang|Gear Grind|p1a: Malamar
|-damage|p1a: Malamar|277\/376
|-damage|p1a: Malamar|190\/376
|-hitcount|p1a: Malamar|2
|move|p1a: Malamar|Superpower|p2a: Klinklang
|-supereffective|p2a: Klinklang
|-crit|p2a: Klinklang
|-damage|p2a: Klinklang|0 fnt
|-boost|p1a: Malamar|atk|1
|-boost|p1a: Malamar|def|1
|faint|p2a: Klinklang
|
|-heal|p1a: Malamar|213\/376|[from] item: Leftovers
|choice||switch 6
|
|switch|p2a: Mesprit|Mesprit|232\/301 slp
|turn|25
|c|★Lynks~|ah
|c|★Aegi tout court|tu vois?
|c|★Lynks~|je pensais il prenait +
|c|★Aegi tout court|The opposing Malamar's Defense rose!
|choice|move knockoff|move uturn
|
|cant|p2a: Mesprit|slp
|move|p1a: Malamar|Knock Off|p2a: Mesprit
|-supereffective|p2a: Mesprit
|-damage|p2a: Mesprit|0 fnt
|-enditem|p2a: Mesprit|Choice Scarf|[from] move: Knock Off|[of] p1a: Malamar
|faint|p2a: Mesprit
|
|win|Lynks~
|player|p1
|player|p2
|c|★Aegi tout court|gg!
|c|★Lynks~|gg :\/
|l|Aegi tout court
|l|elmostar2
|l|Lynks~
|l|Why-G
|l|PtitDejFrit
|l|Yuro-LiTriiX</script>
</div>
<div class="battle-log battle-log-inline"><div class="inner"><div class="battle-options"></div><div class="inner"><div class="chat"><small>Lynks~ joined.</small></div><div class="chat"><small>Aegi tout court joined.</small></div><div class=""><small>Format:</small> <br><strong>NU</strong></div><div class=""><small><em>Baton Pass Speed Clause:</em> Limit one Baton Passer, can't pass Speed</small></div><div class=""><small><em>Sleep Clause Mod:</em> Limit one foe put to sleep</small></div><div class=""><small><em>Species Clause:</em> Limit one of each Pokémon</small></div><div class=""><small><em>OHKO Clause:</em> OHKO moves are banned</small></div><div class=""><small><em>Moody Clause:</em> Moody is banned</small></div><div class=""><small><em>Evasion Moves Clause:</em> Evasion moves are banned</small></div><div class=""><small><em>Endless Battle Clause:</em> Forcing endless battles is banned</small></div><div class=""><small><em>HP Percentage Mod:</em> HP is shown in percentages</small></div><div class=""><small><em>Swagger Clause:</em> Swagger is banned</small></div><div class=""><small><em>Baton Pass Clause:</em> Limit one Baton Passer, can't pass Spe and other stats simultaneously</small></div><div class="chat battle-history"><strong>Lynks~'s team:</strong> <em style="color:#445566;display:block;">Magmortar / Lanturn / Vileplume / Skuntank / Ferroseed / Malamar</em></div><div class="chat battle-history"><strong>Aegi tout court's team:</strong> <em style="color:#445566;display:block;">Piloswine / Dodrio / Illumise / Skuntank / Mesprit / Klinklang</em></div><div class="chat chatmessage-lynks"><strong style="color:hsl(298,42%,49%)"><small>★</small><span class="username" data-name="Lynks~">Lynks~</span>:</strong> <em>hf</em></div><div class="chat chatmessage-aegitoutcourt"><strong style="color:hsl(288,74%,49.305921373326555%)"><small>★</small><span class="username" data-name="Aegi tout court">Aegi tout court</span>:</strong> <em>onon pas twa</em></div><div class="chat"><small>Yuro-LiTriiX joined.</small></div><div class="chat chatmessage-aegitoutcourt"><strong style="color:hsl(288,74%,49.305921373326555%)"><small>★</small><span class="username" data-name="Aegi tout court">Aegi tout court</span>:</strong> <em>gl hf</em></div><div class="chat chatmessage-aegitoutcourt"><strong style="color:hsl(288,74%,49.305921373326555%)"><small>★</small><span class="username" data-name="Aegi tout court">Aegi tout court</span>:</strong> <em>j'taime pas</em></div><div class="chat chatmessage-lynks"><strong style="color:hsl(298,42%,49%)"><small>★</small><span class="username" data-name="Lynks~">Lynks~</span>:</strong> <em>tkt</em></div><div class="chat"><small>Why-G joined.</small></div><div class="chat chatmessage-lynks"><strong style="color:hsl(298,42%,49%)"><small>★</small><span class="username" data-name="Lynks~">Lynks~</span>:</strong> <em>xD</em></div><div class="chat"><small>Laevin joined.</small></div><div class="chat chatmessage-lynks"><strong style="color:hsl(298,42%,49%)"><small>★</small><span class="username" data-name="Lynks~">Lynks~</span>:</strong> <em>taime pas mon talent**</em></div><div class="chat chatmessage-aegitoutcourt"><strong style="color:hsl(288,74%,49.305921373326555%)"><small>★</small><span class="username" data-name="Aegi tout court">Aegi tout court</span>:</strong> <em>à chaque fois tu me 6-0 sans me laisser la moindre chance</em></div><div class="chat chatmessage-lynks"><strong style="color:hsl(298,42%,49%)"><small>★</small><span class="username" data-name="Lynks~">Lynks~</span>:</strong> <em>:p</em></div><div class="chat chatmessage-lynks"><strong style="color:hsl(298,42%,49%)"><small>★</small><span class="username" data-name="Lynks~">Lynks~</span>:</strong> <em>mais non voyons</em></div><div class="spacer battle-history"><br></div><div class="battle-history">Battle started between Lynks~ and Aegi tout court!<br></div><div class="spacer battle-history"><br></div><div class="battle-history">Go! <strong>Ferroseed</strong>!<br></div><div class="spacer battle-history"><br></div><div class="battle-history">Aegi tout court sent out <strong>Skuntank</strong>!<br></div><div class="spacer battle-history"><br></div><h2 class="battle-history">Turn 1</h2><div class="chat chatmessage-aegitoutcourt"><strong style="color:hsl(288,74%,49.305921373326555%)"><small>★</small><span class="username" data-name="Aegi tout court">Aegi tout court</span>:</strong> <em>ah</em></div><div class="chat"><small>elmostar2 joined.</small></div><div class="spacer battle-history"><br></div><div class="battle-history">Ferroseed, come back!<br></div><div class="battle-history">Go! <strong>Lanturn</strong>!<br></div><div class="spacer battle-history"><br></div><div class="battle-history">The opposing Skuntank used <strong>Fire Blast</strong>!<br></div><div class="battle-history"><small>It's not very effective...</small><br></div><div class="battle-history"><small>(Lanturn lost <abbr title="−41/401">10.2%</abbr> of its health!)</small><br></div><div class="spacer battle-history"><br></div><div class="battle-history"><small>Lanturn restored a little HP using its Leftovers!</small><br></div><div class="spacer battle-history"><br></div><h2 class="battle-history">Turn 2</h2><div class="spacer battle-history"><br></div><div class="battle-history">The opposing Skuntank used <strong>Hidden Power</strong>!<br></div><div class="battle-history"><small>It's super effective!</small><br></div><div class="battle-history"><small>(Lanturn lost <abbr title="−108/401">26.9%</abbr> of its health!)</small><br></div><div class="spacer battle-history"><br></div><div class="battle-history">Lanturn used <strong>Scald</strong>!<br></div><div class="battle-history"><small>(The opposing Skuntank lost <abbr title="−115/347">33.1%</abbr> of its health!)</small><br></div><div class="battle-history"><small>The opposing Skuntank was burned!</small><br></div><div class="spacer battle-history"><br></div><div class="battle-history"><small>Lanturn restored a little HP using its Leftovers!</small><br></div><div class="battle-history"><small>The opposing Skuntank was hurt by its burn!</small><br></div><div class="spacer battle-history"><br></div><h2 class="battle-history">Turn 3</h2><div class="chat chatmessage-aegitoutcourt"><strong style="color:hsl(288,74%,49.305921373326555%)"><small>★</small><span class="username" data-name="Aegi tout court">Aegi tout court</span>:</strong> <em>déçu</em></div><div class="chat chatmessage-lynks"><strong style="color:hsl(298,42%,49%)"><small>★</small><span class="username" data-name="Lynks~">Lynks~</span>:</strong> <em>lum berry</em></div><div class="chat chatmessage-lynks"><strong style="color:hsl(298,42%,49%)"><small>★</small><span class="username" data-name="Lynks~">Lynks~</span>:</strong> <em>:c</em></div><div class="chat chatmessage-aegitoutcourt"><strong style="color:hsl(288,74%,49.305921373326555%)"><small>★</small><span class="username" data-name="Aegi tout court">Aegi tout court</span>:</strong> <em>expert belt</em></div><div class="chat"><small>Mega-Amphi joined.</small></div><div class="spacer battle-history"><br></div><div class="battle-history">Aegi tout court withdrew Skuntank!<br></div><div class="battle-history">Aegi tout court sent out <strong>Mesprit</strong>!<br></div><div class="spacer battle-history"><br></div><div class="battle-history">Lanturn used <strong>Scald</strong>!<br></div><div class="battle-history"><small>(The opposing Mesprit lost <abbr title="−69/301">22.9%</abbr> of its health!)</small><br></div><div class="spacer battle-history"><br></div><div class="battle-history"><small>Lanturn restored a little HP using its Leftovers!</small><br></div><div class="spacer battle-history"><br></div><h2 class="battle-history">Turn 4</h2><div class="spacer battle-history"><br></div><div class="battle-history">Lanturn, come back!<br></div><div class="battle-history">Go! <strong>Skuntank</strong>!<br></div><div class="spacer battle-history"><br></div><div class="battle-history">The opposing Mesprit used <strong>U-turn</strong>!<br></div><div class="battle-history"><small>(Skuntank lost <abbr title="−74/347">21.3%</abbr> of its health!)</small><br></div><div class="spacer battle-history"><br></div><div class="battle-history">The opposing Mesprit went back to Aegi tout court!<br></div><div class="battle-history">Aegi tout court sent out <strong>Dodrio</strong>!<br></div><div class="spacer battle-history"><br></div><h2 class="battle-history">Turn 5</h2><div class="spacer battle-history"><br></div><div class="battle-history">Skuntank, come back!<br></div><div class="battle-history">Go! <strong>Ferroseed</strong>!<br></div><div class="spacer battle-history"><br></div><div class="battle-history">The opposing Dodrio used <strong>Brave Bird</strong>!<br></div><div class="battle-history"><small>(Ferroseed lost <abbr title="−157/291">54.0%</abbr> of its health!)</small><br></div><div class="battle-history"><small>[Ferroseed's Iron Barbs]</small><br><small>The opposing Dodrio was hurt!</small><br></div><div class="battle-history"><small>The opposing Dodrio is damaged by the recoil!</small><br></div><div class="spacer battle-history"><br></div><h2 class="battle-history">Turn 6</h2><div class="chat chatmessage-lynks"><strong style="color:hsl(298,42%,49%)"><small>★</small><span class="username" data-name="Lynks~">Lynks~</span>:</strong> <em>woooh</em></div><div class="chat chatmessage-lynks"><strong style="color:hsl(298,42%,49%)"><small>★</small><span class="username" data-name="Lynks~">Lynks~</span>:</strong> <em>ça fait mal</em></div><div class="chat"><small>PtitDejFrit joined.</small></div><div class="chat chatmessage-aegitoutcourt"><strong style="color:hsl(288,74%,49.305921373326555%)"><small>★</small><span class="username" data-name="Aegi tout court">Aegi tout court</span>:</strong> <em>trop de puissance</em></div><div class="spacer battle-history"><br></div><div class="battle-history">Ferroseed, come back!<br></div><div class="battle-history">Go! <strong>Lanturn</strong>!<br></div><div class="spacer battle-history"><br></div><div class="battle-history">The opposing Dodrio used <strong>Brave Bird</strong>!<br></div><div class="battle-history"><small>It's not very effective...</small><br></div><div class="battle-history"><small>(Lanturn lost <abbr title="−168/401">41.9%</abbr> of its health!)</small><br></div><div class="battle-history"><small>The opposing Dodrio is damaged by the recoil!</small><br></div><div class="spacer battle-history"><br></div><div class="battle-history"><small>Lanturn restored a little HP using its Leftovers!</small><br></div><div class="spacer battle-history"><br></div><h2 class="battle-history">Turn 7</h2><div class="chat chatmessage-lynks"><strong style="color:hsl(298,42%,49%)"><small>★</small><span class="username" data-name="Lynks~">Lynks~</span>:</strong> <em>omg</em></div><div class="chat chatmessage-megaamphi"><strong style="color:hsl(233,75%,62.33452545163854%)"><small> </small><span class="username" data-name="Mega-Amphi">Mega-Amphi</span>:</strong> <em>Lynks VS Aegi... une belle affiche en demie-finale !</em></div><div class="chat chatmessage-aegitoutcourt"><strong style="color:hsl(288,74%,49.305921373326555%)"><small>★</small><span class="username" data-name="Aegi tout court">Aegi tout court</span>:</strong> <em>Heu non</em></div><div class="chat chatmessage-aegitoutcourt"><strong style="color:hsl(288,74%,49.305921373326555%)"><small>★</small><span class="username" data-name="Aegi tout court">Aegi tout court</span>:</strong> <em>Il est beaucoup trop fort pour moi Lynks</em></div><div class="spacer battle-history"><br></div><div class="battle-history">Aegi tout court withdrew Dodrio!<br></div><div class="battle-history">Aegi tout court sent out <strong>Skuntank</strong>!<br></div><div class="spacer battle-history"><br></div><div class="battle-history">Lanturn used <strong>Scald</strong>!<br></div><div class="battle-history"><small>(The opposing Skuntank lost <abbr title="−109/347">31.4%</abbr> of its health!)</small><br></div><div class="spacer battle-history"><br></div><div class="battle-history"><small>Lanturn restored a little HP using its Leftovers!</small><br></div><div class="battle-history"><small>The opposing Skuntank was hurt by its burn!</small><br></div><div class="spacer battle-history"><br></div><h2 class="battle-history">Turn 8</h2><div class="chat chatmessage-lynks"><strong style="color:hsl(298,42%,49%)"><small>★</small><span class="username" data-name="Lynks~">Lynks~</span>:</strong> <em>Stop avec ça Aegi</em></div><div class="chat chatmessage-megaamphi"><strong style="color:hsl(233,75%,62.33452545163854%)"><small> </small><span class="username" data-name="Mega-Amphi">Mega-Amphi</span>:</strong> <em>je l'ai déjà battu</em></div><div class="chat chatmessage-lynks"><strong style="color:hsl(298,42%,49%)"><small>★</small><span class="username" data-name="Lynks~">Lynks~</span>:</strong> <em>Tu t'améliores beaucoup en plus</em></div><div class="chat chatmessage-lynks"><strong style="color:hsl(298,42%,49%)"><small>★</small><span class="username" data-name="Lynks~">Lynks~</span>:</strong> <em>même Bouki le dit</em></div><div class="chat"><small>Laevin left.</small></div><div class="chat chatmessage-lynks"><strong style="color:hsl(298,42%,49%)"><small>★</small><span class="username" data-name="Lynks~">Lynks~</span>:</strong> <em>Mega-Amphi si tu parles tu LC y,avais pas grand mérite</em></div><div class="chat chatmessage-lynks"><strong style="color:hsl(298,42%,49%)"><small>★</small><span class="username" data-name="Lynks~">Lynks~</span>:</strong> <em>mdr</em></div><div class="chat chatmessage-megaamphi"><strong style="color:hsl(233,75%,62.33452545163854%)"><small> </small><span class="username" data-name="Mega-Amphi">Mega-Amphi</span>:</strong> <em>oui</em></div><div class="chat chatmessage-megaamphi"><strong style="color:hsl(233,75%,62.33452545163854%)"><small> </small><span class="username" data-name="Mega-Amphi">Mega-Amphi</span>:</strong> <em>HAAAAAAXXXXXXXXXX</em></div><div class="spacer battle-history"><br></div><div class="battle-history">Lanturn, come back!<br></div><div class="battle-history">Go! <strong>Vileplume</strong>!<br></div><div class="spacer battle-history"><br></div><div class="battle-history">The opposing Skuntank used <strong>Dark Pulse</strong>!<br></div><div class="battle-history"><small>(Vileplume lost <abbr title="−115/354">32.5%</abbr> of its health!)</small><br></div><div class="spacer battle-history"><br></div><div class="battle-history"><small>Vileplume restored a little HP using its Black Sludge!</small><br></div><div class="battle-history"><small>The opposing Skuntank was hurt by its burn!</small><br></div><div class="spacer battle-history"><br></div><div class="battle-history">The opposing Skuntank fainted!<br></div><div class="chat chatmessage-aegitoutcourt"><strong style="color:hsl(288,74%,49.305921373326555%)"><small>★</small><span class="username" data-name="Aegi tout court">Aegi tout court</span>:</strong> <em>En NU c'est vrai</em></div><div class="spacer battle-history"><br></div><div class="battle-history">Aegi tout court sent out <strong>Mesprit</strong>!<br></div><div class="spacer battle-history"><br></div><h2 class="battle-history">Turn 9</h2><div class="spacer battle-history"><br></div><div class="battle-history">Vileplume, come back!<br></div><div class="battle-history">Go! <strong>Skuntank</strong>!<br></div><div class="spacer battle-history"><br></div><div class="battle-history">The opposing Mesprit used <strong>Ice Beam</strong>!<br></div><div class="battle-history"><small>(Skuntank lost <abbr title="−136/347">39.2%</abbr> of its health!)</small><br></div><div class="spacer battle-history"><br></div><h2 class="battle-history">Turn 10</h2><div class="spacer battle-history"><br></div><div class="battle-history">Aegi tout court withdrew Mesprit!<br></div><div class="battle-history">Aegi tout court sent out <strong>Illumise</strong>!<br></div><div class="spacer battle-history"><br></div><div class="battle-history">Skuntank used <strong>Sucker Punch</strong>!<br></div><div class="battle-history"><small>But it failed!</small><br></div><div class="spacer battle-history"><br></div><h2 class="battle-history">Turn 11</h2><div class="chat chatmessage-aegitoutcourt"><strong style="color:hsl(288,74%,49.305921373326555%)"><small>★</small><span class="username" data-name="Aegi tout court">Aegi tout court</span>:</strong> <em>allez je crois en toi</em></div><div class="spacer battle-history"><br></div><div class="battle-history">The opposing Illumise used <strong>Bug Buzz</strong>!<br></div><div class="battle-history"><small>(Skuntank lost <abbr title="−137/347">39.5%</abbr> of its health!)</small><br></div><div class="spacer battle-history"><br></div><div class="battle-history">Skuntank fainted!<br></div><div class="chat chatmessage-aegitoutcourt"><strong style="color:hsl(288,74%,49.305921373326555%)"><small>★</small><span class="username" data-name="Aegi tout court">Aegi tout court</span>:</strong> <em>!</em></div><div class="chat chatmessage-lynks"><strong style="color:hsl(298,42%,49%)"><small>★</small><span class="username" data-name="Lynks~">Lynks~</span>:</strong> <em>ce trc</em></div><div class="chat chatmessage-lynks"><strong style="color:hsl(298,42%,49%)"><small>★</small><span class="username" data-name="Lynks~">Lynks~</span>:</strong> <em>jpp</em></div><div class="chat chatmessage-lynks"><strong style="color:hsl(298,42%,49%)"><small>★</small><span class="username" data-name="Lynks~">Lynks~</span>:</strong> <em>truc*</em></div><div class="spacer battle-history"><br></div><div class="battle-history">Go! <strong>Magmortar</strong>!<br></div><div class="spacer battle-history"><br></div><h2 class="battle-history">Turn 12</h2><div class="chat chatmessage-aegitoutcourt"><strong style="color:hsl(288,74%,49.305921373326555%)"><small>★</small><span class="username" data-name="Aegi tout court">Aegi tout court</span>:</strong> <em>les gens ne se méfient jamais</em></div><div class="spacer battle-history"><br></div><div class="battle-history">The opposing Illumise used <strong>Bug Buzz</strong>!<br></div><div class="battle-history"><small>It's not very effective...</small><br></div><div class="battle-history"><small>(Magmortar lost <abbr title="−114/307">37.1%</abbr> of its health!)</small><br></div><div class="spacer battle-history"><br></div><div class="battle-history">Magmortar used <strong>Fire Blast</strong>!<br></div><div class="battle-history"><small>The opposing Illumise avoided the attack!</small><br></div><div class="spacer battle-history"><br></div><h2 class="battle-history">Turn 13</h2><div class="chat chatmessage-aegitoutcourt"><strong style="color:hsl(288,74%,49.305921373326555%)"><small>★</small><span class="username" data-name="Aegi tout court">Aegi tout court</span>:</strong> <em>oups</em></div><div class="chat chatmessage-aegitoutcourt"><strong style="color:hsl(288,74%,49.305921373326555%)"><small>★</small><span class="username" data-name="Aegi tout court">Aegi tout court</span>:</strong> <em>:c</em></div><div class="chat chatmessage-aegitoutcourt"><strong style="color:hsl(288,74%,49.305921373326555%)"><small>★</small><span class="username" data-name="Aegi tout court">Aegi tout court</span>:</strong> <em>rip AV</em></div><div class="chat chatmessage-elmostar2"><strong style="color:hsl(0,46%,51.5240160513612%)"><small> </small><span class="username" data-name="elmostar2">elmostar2</span>:</strong> <em>il est specs aegi?</em></div><div class="chat chatmessage-aegitoutcourt"><strong style="color:hsl(288,74%,49.305921373326555%)"><small>★</small><span class="username" data-name="Aegi tout court">Aegi tout court</span>:</strong> <em>Oui</em></div><div class="chat chatmessage-lynks"><strong style="color:hsl(298,42%,49%)"><small>★</small><span class="username" data-name="Lynks~">Lynks~</span>:</strong> <em>pk je prend 37%</em></div><div class="chat chatmessage-elmostar2"><strong style="color:hsl(0,46%,51.5240160513612%)"><small> </small><span class="username" data-name="elmostar2">elmostar2</span>:</strong> <em>original</em></div><div class="chat chatmessage-lynks"><strong style="color:hsl(298,42%,49%)"><small>★</small><span class="username" data-name="Lynks~">Lynks~</span>:</strong> <em>sur AV</em></div><div class="chat chatmessage-lynks"><strong style="color:hsl(298,42%,49%)"><small>★</small><span class="username" data-name="Lynks~">Lynks~</span>:</strong> <em>et pk je miss encore :c</em></div><div class="spacer battle-history"><br></div><div class="battle-history">The opposing Illumise used <strong>Bug Buzz</strong>!<br></div><div class="battle-history"><small>It's not very effective...</small><br></div><div class="battle-history"><small>(Magmortar lost <abbr title="−120/307">39.1%</abbr> of its health!)</small><br></div><div class="spacer battle-history"><br></div><div class="battle-history">Magmortar used <strong>Fire Blast</strong>!<br></div><div class="battle-history"><small>It's super effective!</small><br></div><div class="battle-history"><small>(The opposing Illumise lost <abbr title="−271/271">100%</abbr> of its health!)</small><br></div><div class="spacer battle-history"><br></div><div class="battle-history">The opposing Illumise fainted!<br></div><div class="chat chatmessage-elmostar2"><strong style="color:hsl(0,46%,51.5240160513612%)"><small> </small><span class="username" data-name="elmostar2">elmostar2</span>:</strong> <em>ca surprend l'adversaire</em></div><div class="chat chatmessage-lynks"><strong style="color:hsl(298,42%,49%)"><small>★</small><span class="username" data-name="Lynks~">Lynks~</span>:</strong> <em>creve</em></div><div class="chat chatmessage-lynks"><strong style="color:hsl(298,42%,49%)"><small>★</small><span class="username" data-name="Lynks~">Lynks~</span>:</strong> <em>Oui c'est un bon lure je trouve</em></div><div class="spacer battle-history"><br></div><div class="battle-history">Aegi tout court sent out <strong>Mesprit</strong>!<br></div><div class="spacer battle-history"><br></div><h2 class="battle-history">Turn 14</h2><div class="spacer battle-history"><br></div><div class="battle-history">The opposing Mesprit used <strong>U-turn</strong>!<br></div><div class="battle-history"><small>It's not very effective...</small><br></div><div class="battle-history"><small>(Magmortar lost <abbr title="−38/307">12.4%</abbr> of its health!)</small><br></div><div class="chat chatmessage-lynks"><strong style="color:hsl(298,42%,49%)"><small>★</small><span class="username" data-name="Lynks~">Lynks~</span>:</strong> <em>^^^^</em></div><div class="chat chatmessage-aegitoutcourt"><strong style="color:hsl(288,74%,49.305921373326555%)"><small>★</small><span class="username" data-name="Aegi tout court">Aegi tout court</span>:</strong> <em>faible</em></div><div class="spacer battle-history"><br></div><div class="battle-history">The opposing Mesprit went back to Aegi tout court!<br></div><div class="battle-history">Aegi tout court sent out <strong>Piloswine</strong>!<br></div><div class="spacer battle-history"><br></div><div class="battle-history">Magmortar used <strong>Fire Blast</strong>!<br></div><div class="battle-history"><small>It's super effective!</small><br></div><div class="battle-history"><small>(The opposing Piloswine lost <abbr title="−218/396">55.1%</abbr> of its health!)</small><br></div><div class="spacer battle-history"><br></div><h2 class="battle-history">Turn 15</h2><div class="chat chatmessage-aegitoutcourt"><strong style="color:hsl(288,74%,49.305921373326555%)"><small>★</small><span class="username" data-name="Aegi tout court">Aegi tout court</span>:</strong> <em>:c</em></div><div class="chat chatmessage-lynks"><strong style="color:hsl(298,42%,49%)"><small>★</small><span class="username" data-name="Lynks~">Lynks~</span>:</strong> <em>jappel pas ça</em></div><div class="chat chatmessage-lynks"><strong style="color:hsl(298,42%,49%)"><small>★</small><span class="username" data-name="Lynks~">Lynks~</span>:</strong> <em>une fire resist</em></div><div class="chat chatmessage-lynks"><strong style="color:hsl(298,42%,49%)"><small>★</small><span class="username" data-name="Lynks~">Lynks~</span>:</strong> <em>!</em></div><div class="spacer battle-history"><br></div><div class="battle-history">Magmortar used <strong>Hidden Power</strong>!<br></div><div class="battle-history"><small>It's super effective!</small><br></div><div class="battle-history"><small>(The opposing Piloswine lost <abbr title="−144/396">36.4%</abbr> of its health!)</small><br></div><div class="spacer battle-history"><br></div><div class="battle-history">The opposing Piloswine used <strong>Earthquake</strong>!<br></div><div class="battle-history"><small>It's super effective!</small><br></div><div class="battle-history"><small>(Magmortar lost <abbr title="−35/307">11.4%</abbr> of its health!)</small><br></div><div class="spacer battle-history"><br></div><div class="battle-history">Magmortar fainted!<br></div><div class="chat chatmessage-aegitoutcourt"><strong style="color:hsl(288,74%,49.305921373326555%)"><small>★</small><span class="username" data-name="Aegi tout court">Aegi tout court</span>:</strong> <em>non en effet</em></div><div class="chat chatmessage-lynks"><strong style="color:hsl(298,42%,49%)"><small>★</small><span class="username" data-name="Lynks~">Lynks~</span>:</strong> <em>rofl</em></div><div class="chat chatmessage-lynks"><strong style="color:hsl(298,42%,49%)"><small>★</small><span class="username" data-name="Lynks~">Lynks~</span>:</strong> <em>rip pas vouloir miss</em></div><div class="chat chatmessage-lynks"><strong style="color:hsl(298,42%,49%)"><small>★</small><span class="username" data-name="Lynks~">Lynks~</span>:</strong> <em>D:</em></div><div class="chat"><small>S poire d'alola joined.</small></div><div class="chat chatmessage-aegitoutcourt"><strong style="color:hsl(288,74%,49.305921373326555%)"><small>★</small><span class="username" data-name="Aegi tout court">Aegi tout court</span>:</strong> <em>x)</em></div><div class="chat chatmessage-megaamphi"><strong style="color:hsl(233,75%,62.33452545163854%)"><small> </small><span class="username" data-name="Mega-Amphi">Mega-Amphi</span>:</strong> <em>joli coup !</em></div><div class="spacer battle-history"><br></div><div class="battle-history">Go! <strong>Vileplume</strong>!<br></div><div class="spacer battle-history"><br></div><h2 class="battle-history">Turn 16</h2><div class="chat chatmessage-spoiredalola"><strong style="color:hsl(234,72%,60.712798359876814%)"><small> </small><span class="username" data-name="S poire d'alola">S poire d'alola</span>:</strong> <em>Bc. Aegi</em></div><div class="spacer battle-history"><br></div><div class="battle-history">The opposing Piloswine used <strong>Icicle Crash</strong>!<br></div><div class="battle-history"><small>It's super effective!</small><br></div><div class="battle-history"><small>(Vileplume lost <abbr title="−228/354">64.4%</abbr> of its health!)</small><br></div><div class="spacer battle-history"><br></div><div class="battle-history">Vileplume used <strong>Sleep Powder</strong>!<br></div><div class="battle-history"><small>The opposing Piloswine fell asleep!</small><br></div><div class="spacer battle-history"><br></div><div class="battle-history"><small>Vileplume restored a little HP using its Black Sludge!</small><br></div><div class="spacer battle-history"><br></div><h2 class="battle-history">Turn 17</h2><div class="spacer battle-history"><br></div><div class="battle-history">The opposing Piloswine is fast asleep.<br></div><div class="spacer battle-history"><br></div><div class="battle-history">Vileplume used <strong>Moonlight</strong>!<br></div><div class="battle-history"><small>Vileplume restored its HP.</small><br></div><div class="spacer battle-history"><br></div><div class="battle-history"><small>Vileplume restored a little HP using its Black Sludge!</small><br></div><div class="spacer battle-history"><br></div><h2 class="battle-history">Turn 18</h2><div class="spacer battle-history"><br></div><div class="battle-history">The opposing Piloswine is fast asleep.<br></div><div class="spacer battle-history"><br></div><div class="battle-history">Vileplume used <strong>Giga Drain</strong>!<br></div><div class="battle-history"><small>It's super effective!</small><br></div><div class="battle-history"><small>(The opposing Piloswine lost <abbr title="−34/396">8.6%</abbr> of its health!)</small><br></div><div class="battle-history"><small>The opposing Piloswine had its energy drained!</small><br></div><div class="spacer battle-history"><br></div><div class="battle-history">The opposing Piloswine fainted!<br></div><div class="spacer battle-history"><br></div><div class="battle-history"><small>Vileplume restored a little HP using its Black Sludge!</small><br></div><div class="spacer battle-history"><br></div><div class="battle-history">Aegi tout court sent out <strong>Dodrio</strong>!<br></div><div class="spacer battle-history"><br></div><h2 class="battle-history">Turn 19</h2><div class="chat"><small>S poire d'alola left.</small></div><div class="chat chatmessage-lynks"><strong style="color:hsl(298,42%,49%)"><small>★</small><span class="username" data-name="Lynks~">Lynks~</span>:</strong> <em>re</em></div><div class="chat chatmessage-lynks"><strong style="color:hsl(298,42%,49%)"><small>★</small><span class="username" data-name="Lynks~">Lynks~</span>:</strong> <em>sorry</em></div><div class="chat chatmessage-lynks"><strong style="color:hsl(298,42%,49%)"><small>★</small><span class="username" data-name="Lynks~">Lynks~</span>:</strong> <em>xD</em></div><div class="chat chatmessage-aegitoutcourt"><strong style="color:hsl(288,74%,49.305921373326555%)"><small>★</small><span class="username" data-name="Aegi tout court">Aegi tout court</span>:</strong> <em>tkt</em></div><div class="spacer battle-history"><br></div><div class="battle-history">Vileplume, come back!<br></div><div class="battle-history">Go! <strong>Lanturn</strong>!<br></div><div class="spacer battle-history"><br></div><div class="battle-history">The opposing Dodrio used <strong>Brave Bird</strong>!<br></div><div class="battle-history"><small>It's not very effective...</small><br></div><div class="battle-history"><small>A critical hit!</small><br></div><div class="battle-history"><small>(Lanturn lost <abbr title="−209/401">52.1%</abbr> of its health!)</small><br></div><div class="battle-history"><small>The opposing Dodrio is damaged by the recoil!</small><br></div><div class="spacer battle-history"><br></div><div class="battle-history">Lanturn fainted!<br></div><div class="chat chatmessage-aegitoutcourt"><strong style="color:hsl(288,74%,49.305921373326555%)"><small>★</small><span class="username" data-name="Aegi tout court">Aegi tout court</span>:</strong> <em>rooofl</em></div><div class="chat chatmessage-lynks"><strong style="color:hsl(298,42%,49%)"><small>★</small><span class="username" data-name="Lynks~">Lynks~</span>:</strong> <em>bon</em></div><div class="chat chatmessage-lynks"><strong style="color:hsl(298,42%,49%)"><small>★</small><span class="username" data-name="Lynks~">Lynks~</span>:</strong> <em>rip</em></div><div class="chat chatmessage-lynks"><strong style="color:hsl(298,42%,49%)"><small>★</small><span class="username" data-name="Lynks~">Lynks~</span>:</strong> <em>10% de recoil</em></div><div class="chat chatmessage-lynks"><strong style="color:hsl(298,42%,49%)"><small>★</small><span class="username" data-name="Lynks~">Lynks~</span>:</strong> <em>:c</em></div><div class="spacer battle-history"><br></div><div class="battle-history">Go! <strong>Ferroseed</strong>!<br></div><div class="spacer battle-history"><br></div><h2 class="battle-history">Turn 20</h2><div class="chat chatmessage-aegitoutcourt"><strong style="color:hsl(288,74%,49.305921373326555%)"><small>★</small><span class="username" data-name="Aegi tout court">Aegi tout court</span>:</strong> <em>j'ai pas envie de win pour la première fois contre toi</em></div><div class="chat chatmessage-aegitoutcourt"><strong style="color:hsl(288,74%,49.305921373326555%)"><small>★</small><span class="username" data-name="Aegi tout court">Aegi tout court</span>:</strong> <em>sur haxx</em></div><div class="chat chatmessage-lynks"><strong style="color:hsl(298,42%,49%)"><small>★</small><span class="username" data-name="Lynks~">Lynks~</span>:</strong> <em>XD</em></div><div class="chat chatmessage-aegitoutcourt"><strong style="color:hsl(288,74%,49.305921373326555%)"><small>★</small><span class="username" data-name="Aegi tout court">Aegi tout court</span>:</strong> <em>et puis</em></div><div class="chat chatmessage-aegitoutcourt"><strong style="color:hsl(288,74%,49.305921373326555%)"><small>★</small><span class="username" data-name="Aegi tout court">Aegi tout court</span>:</strong> <em>j'ai pas win encorze</em></div><div class="spacer battle-history"><br></div><div class="battle-history">The opposing Dodrio used <strong>Brave Bird</strong>!<br></div><div class="battle-history"><small>(Ferroseed lost <abbr title="−134/291">46.0%</abbr> of its health!)</small><br></div><div class="battle-history"><small>[Ferroseed's Iron Barbs]</small><br><small>The opposing Dodrio was hurt!</small><br></div><div class="battle-history"><small>The opposing Dodrio is damaged by the recoil!</small><br></div><div class="spacer battle-history"><br></div><div class="battle-history">Ferroseed fainted!<br></div><div class="battle-history">The opposing Dodrio fainted!<br></div><div class="chat chatmessage-lynks"><strong style="color:hsl(298,42%,49%)"><small>★</small><span class="username" data-name="Lynks~">Lynks~</span>:</strong> <em>bwala</em></div><div class="spacer battle-history"><br></div><div class="battle-history">Aegi tout court sent out <strong>Mesprit</strong>!<br></div><div class="spacer battle-history"><br></div><div class="battle-history">Go! <strong>Malamar</strong>!<br></div><div class="spacer battle-history"><br></div><h2 class="battle-history">Turn 21</h2><div class="spacer battle-history"><br></div><div class="battle-history">Malamar, come back!<br></div><div class="battle-history">Go! <strong>Vileplume</strong>!<br></div><div class="spacer battle-history"><br></div><div class="battle-history">The opposing Mesprit used <strong>U-turn</strong>!<br></div><div class="battle-history"><small>A critical hit!</small><br></div><div class="battle-history"><small>(Vileplume lost <abbr title="−68/354">19.2%</abbr> of its health!)</small><br></div><div class="battle-history"><small>[Vileplume's Effect Spore]</small><br><small>The opposing Mesprit fell asleep!</small><br></div><div class="spacer battle-history"><br></div><div class="battle-history">The opposing Mesprit went back to Aegi tout court!<br></div><div class="battle-history">Aegi tout court sent out <strong>Klinklang</strong>!<br></div><div class="spacer battle-history"><br></div><div class="battle-history"><small>Vileplume restored a little HP using its Black Sludge!</small><br></div><div class="spacer battle-history"><br></div><h2 class="battle-history">Turn 22</h2><div class="chat chatmessage-lynks"><strong style="color:hsl(298,42%,49%)"><small>★</small><span class="username" data-name="Lynks~">Lynks~</span>:</strong> <em>e</em></div><div class="chat chatmessage-aegitoutcourt"><strong style="color:hsl(288,74%,49.305921373326555%)"><small>★</small><span class="username" data-name="Aegi tout court">Aegi tout court</span>:</strong> <em>rip</em></div><div class="chat chatmessage-lynks"><strong style="color:hsl(298,42%,49%)"><small>★</small><span class="username" data-name="Lynks~">Lynks~</span>:</strong> <em>je perds</em></div><div class="chat chatmessage-lynks"><strong style="color:hsl(298,42%,49%)"><small>★</small><span class="username" data-name="Lynks~">Lynks~</span>:</strong> <em>sur effect spore</em></div><div class="spacer battle-history"><br></div><div class="battle-history">Vileplume, come back!<br></div><div class="battle-history">Go! <strong>Malamar</strong>!<br></div><div class="spacer battle-history"><br></div><div class="battle-history">The opposing Klinklang used <strong>Substitute</strong>!<br></div><div class="battle-history"><small>The opposing Klinklang put in a substitute!</small><br></div><div class="battle-history"><small>(The opposing Klinklang lost <abbr title="−70/281">24.9%</abbr> of its health!)</small><br></div><div class="spacer battle-history"><br></div><div class="battle-history"><small>The opposing Klinklang restored a little HP using its Leftovers!</small><br></div><div class="spacer battle-history"><br></div><h2 class="battle-history">Turn 23</h2><div class="chat chatmessage-aegitoutcourt"><strong style="color:hsl(288,74%,49.305921373326555%)"><small>★</small><span class="username" data-name="Aegi tout court">Aegi tout court</span>:</strong> <em>tu win</em></div><div class="chat chatmessage-lynks"><strong style="color:hsl(298,42%,49%)"><small>★</small><span class="username" data-name="Lynks~">Lynks~</span>:</strong> <em>non je perds</em></div><div class="chat chatmessage-lynks"><strong style="color:hsl(298,42%,49%)"><small>★</small><span class="username" data-name="Lynks~">Lynks~</span>:</strong> <em>tu te places</em></div><div class="chat chatmessage-lynks"><strong style="color:hsl(298,42%,49%)"><small>★</small><span class="username" data-name="Lynks~">Lynks~</span>:</strong> <em>parceque jai pas pu</em></div><div class="chat chatmessage-aegitoutcourt"><strong style="color:hsl(288,74%,49.305921373326555%)"><small>★</small><span class="username" data-name="Aegi tout court">Aegi tout court</span>:</strong> <em>et tu te places aussi</em></div><div class="spacer battle-history"><br></div><div class="battle-history">The opposing Klinklang used <strong>Shift Gear</strong>!<br></div><div class="battle-history"><small>The opposing Klinklang's Speed rose sharply!</small><br></div><div class="battle-history"><small>The opposing Klinklang's Attack rose!</small><br></div><div class="spacer battle-history"><br></div><div class="battle-history">Malamar used <strong>Superpower</strong>!<br></div><div class="battle-history"><small>It's super effective!</small><br></div><div class="battle-history"><small>The opposing Klinklang's substitute faded!</small><br></div><div class="battle-history"><small>Malamar's Attack rose!</small><br></div><div class="battle-history"><small>Malamar's Defense rose!</small><br></div><div class="spacer battle-history"><br></div><div class="battle-history"><small>The opposing Klinklang restored a little HP using its Leftovers!</small><br></div><div class="spacer battle-history"><br></div><h2 class="battle-history">Turn 24</h2><div class="chat chatmessage-lynks"><strong style="color:hsl(298,42%,49%)"><small>★</small><span class="username" data-name="Lynks~">Lynks~</span>:</strong> <em>t'endormir avec vileplume</em></div><div class="spacer battle-history"><br></div><div class="battle-history">The opposing Klinklang used <strong>Gear Grind</strong>!<br></div><div class="battle-history"><small>(Malamar lost <abbr title="−99/376">26.3%</abbr> of its health!)</small><br></div><div class="battle-history"><small>(Malamar lost <abbr title="−87/376">23.1%</abbr> of its health!)</small><br></div><div class="battle-history"><small>Hit 2 times!</small><br></div><div class="spacer battle-history"><br></div><div class="battle-history">Malamar used <strong>Superpower</strong>!<br></div><div class="battle-history"><small>It's super effective!</small><br></div><div class="battle-history"><small>A critical hit!</small><br></div><div class="battle-history"><small>(The opposing Klinklang lost <abbr title="−245/281">87.2%</abbr> of its health!)</small><br></div><div class="battle-history"><small>Malamar's Attack rose!</small><br></div><div class="battle-history"><small>Malamar's Defense rose!</small><br></div><div class="spacer battle-history"><br></div><div class="battle-history">The opposing Klinklang fainted!<br></div><div class="spacer battle-history"><br></div><div class="battle-history"><small>Malamar restored a little HP using its Leftovers!</small><br></div><div class="spacer battle-history"><br></div><div class="battle-history">Aegi tout court sent out <strong>Mesprit</strong>!<br></div><div class="spacer battle-history"><br></div><h2 class="battle-history">Turn 25</h2><div class="chat chatmessage-lynks"><strong style="color:hsl(298,42%,49%)"><small>★</small><span class="username" data-name="Lynks~">Lynks~</span>:</strong> <em>ah</em></div><div class="chat chatmessage-aegitoutcourt"><strong style="color:hsl(288,74%,49.305921373326555%)"><small>★</small><span class="username" data-name="Aegi tout court">Aegi tout court</span>:</strong> <em>tu vois?</em></div><div class="chat chatmessage-lynks"><strong style="color:hsl(298,42%,49%)"><small>★</small><span class="username" data-name="Lynks~">Lynks~</span>:</strong> <em>je pensais il prenait +</em></div><div class="chat chatmessage-aegitoutcourt"><strong style="color:hsl(288,74%,49.305921373326555%)"><small>★</small><span class="username" data-name="Aegi tout court">Aegi tout court</span>:</strong> <em>The opposing Malamar's Defense rose!</em></div><div class="spacer battle-history"><br></div><div class="battle-history">The opposing Mesprit is fast asleep.<br></div><div class="spacer battle-history"><br></div><div class="battle-history">Malamar used <strong>Knock Off</strong>!<br></div><div class="battle-history"><small>It's super effective!</small><br></div><div class="battle-history"><small>(The opposing Mesprit lost <abbr title="−232/301">77.1%</abbr> of its health!)</small><br></div><div class="battle-history"><small>Malamar knocked off the opposing Mesprit's Choice Scarf!</small><br></div><div class="spacer battle-history"><br></div><div class="battle-history">The opposing Mesprit fainted!<br></div><div class="spacer battle-history"><br></div><div class="battle-history"><strong>Lynks~</strong> won the battle!<br></div><div class="chat chatmessage-aegitoutcourt"><strong style="color:hsl(288,74%,49.305921373326555%)"><small>★</small><span class="username" data-name="Aegi tout court">Aegi tout court</span>:</strong> <em>gg!</em></div><div class="chat chatmessage-lynks"><strong style="color:hsl(298,42%,49%)"><small>★</small><span class="username" data-name="Lynks~">Lynks~</span>:</strong> <em>gg :/</em></div><div class="chat"><small>Aegi tout court left.</small></div><div class="chat"><small>elmostar2 left.</small></div><div class="chat"><small>Lynks~ left.</small></div><div class="chat"><small>Why-G left.</small></div><div class="chat"><small>PtitDejFrit left.</small></div><div class="chat"><small>Yuro-LiTriiX left.</small></div></div><div class="inner-preempt"></div></div></div>
</div>
<script>
let daily = Math.floor(Date.now()/1000/60/60/24);document.write('<script src="https://play.pokemonshowdown.com/js/replay-embed.js?version'+daily+'"></'+'script>');
</script>
