<!DOCTYPE html>
<meta charset="utf-8" />
<!-- version 1 -->
<title>NU replay: Sbarksdale342 vs. gaby_le_duc</title>
<style>
html,body {font-family:Verdana, sans-serif;font-size:10pt;margin:0;padding:0;}body{padding:12px 0;} .battle-log {font-family:Verdana, sans-serif;font-size:10pt;} .battle-log-inline {border:1px solid #AAAAAA;background:#EEF2F5;color:black;max-width:640px;margin:0 auto 80px;padding-bottom:5px;} .battle-log .inner {padding:4px 8px 0px 8px;} .battle-log .inner-preempt {padding:0 8px 4px 8px;} .battle-log .inner-after {margin-top:0.5em;} .battle-log h2 {margin:0.5em -8px;padding:4px 8px;border:1px solid #AAAAAA;background:#E0E7EA;border-left:0;border-right:0;font-family:Verdana, sans-serif;font-size:13pt;} .battle-log .chat {vertical-align:middle;padding:3px 0 3px 0;font-size:8pt;} .battle-log .chat strong {color:#40576A;} .battle-log .chat em {padding:1px 4px 1px 3px;color:#000000;font-style:normal;} .chat.mine {background:rgba(0,0,0,0.05);margin-left:-8px;margin-right:-8px;padding-left:8px;padding-right:8px;} .spoiler {color:#BBBBBB;background:#BBBBBB;padding:0px 3px;} .spoiler:hover, .spoiler:active, .spoiler-shown {color:#000000;background:#E2E2E2;padding:0px 3px;} .spoiler a {color:#BBBBBB;} .spoiler:hover a, .spoiler:active a, .spoiler-shown a {color:#2288CC;} .chat code, .chat .spoiler:hover code, .chat .spoiler:active code, .chat .spoiler-shown code {border:1px solid #C0C0C0;background:#EEEEEE;color:black;padding:0 2px;} .chat .spoiler code {border:1px solid #CCCCCC;background:#CCCCCC;color:#CCCCCC;} .battle-log .rated {padding:3px 4px;} .battle-log .rated strong {color:white;background:#89A;padding:1px 4px;border-radius:4px;} .spacer {margin-top:0.5em;} .message-announce {background:#6688AA;color:white;padding:1px 4px 2px;} .message-announce a, .broadcast-green a, .broadcast-blue a, .broadcast-red a {color:#DDEEFF;} .broadcast-green {background-color:#559955;color:white;padding:2px 4px;} .broadcast-blue {background-color:#6688AA;color:white;padding:2px 4px;} .infobox {border:1px solid #6688AA;padding:2px 4px;} .infobox-limited {max-height:200px;overflow:auto;overflow-x:hidden;} .broadcast-red {background-color:#AA5544;color:white;padding:2px 4px;} .message-learn-canlearn {font-weight:bold;color:#228822;text-decoration:underline;} .message-learn-cannotlearn {font-weight:bold;color:#CC2222;text-decoration:underline;} .message-effect-weak {font-weight:bold;color:#CC2222;} .message-effect-resist {font-weight:bold;color:#6688AA;} .message-effect-immune {font-weight:bold;color:#666666;} .message-learn-list {margin-top:0;margin-bottom:0;} .message-throttle-notice, .message-error {color:#992222;} .message-overflow, .chat small.message-overflow {font-size:0pt;} .message-overflow::before {font-size:9pt;content:'...';} .subtle {color:#3A4A66;}
</style>
<div class="wrapper replay-wrapper" style="max-width:1180px;margin:0 auto">
<input type="hidden" name="replayid" value="nu-517212137" />
<div class="battle"></div><div class="battle-log"></div><div class="replay-controls"></div><div class="replay-controls-2"></div>
<h1 style="font-weight:normal;text-align:center"><strong>NU</strong><br /><a href="http://pokemonshowdown.com/users/sbarksdale342" class="subtle" target="_blank">Sbarksdale342</a> vs. <a href="http://pokemonshowdown.com/users/gabyleduc" class="subtle" target="_blank">gaby_le_duc</a></h1>
<script type="text/plain" class="battle-log-data">|j|Sbarksdale342
|j|gaby_le_duc
|player|p1|Sbarksdale342|169
|player|p2|gaby_le_duc|101
|gametype|singles
|gen|6
|tier|NU
|rated
|seed|28373,36186,20146,55637
|rule|Sleep Clause Mod: Limit one foe put to sleep
|rule|Species Clause: Limit one of each Pokémon
|rule|OHKO Clause: OHKO moves are banned
|rule|Moody Clause: Moody is banned
|rule|Evasion Moves Clause: Evasion moves are banned
|rule|Endless Battle Clause: Forcing endless battles is banned
|rule|HP Percentage Mod: HP is shown in percentages
|clearpoke
|poke|p1|Primeape, F|item
|poke|p1|Pinsir, F|item
|poke|p1|Rhydon, F|item
|poke|p1|Lilligant, F|item
|poke|p1|Kabutops, F|item
|poke|p1|Magmortar, M|item
|poke|p2|Gastrodon-East, F, shiny|item
|poke|p2|Hariyama, F|item
|poke|p2|Magmortar, M, shiny|item
|poke|p2|Luxray, F, shiny|item
|poke|p2|Mawile, F, shiny|item
|poke|p2|Shiftry, M, shiny|item
|rule|Swagger Clause: Swagger is banned
|rule|Baton Pass Clause: Limit one Baton Passer, can't pass Spe and other stats simultaneously
|teampreview
|choice|team 2, team 1, team 3, team 4, team 5, team 6|team 5, team 2, team 3, team 4, team 1, team 6
|
|start
|switch|p1a: Pinsir|Pinsir, F|271\/271
|switch|p2a: Mawile|Mawile, F, shiny|303\/303
|turn|1
|choice|move swordsdance|move stealthrock
|
|move|p1a: Pinsir|Swords Dance|p1a: Pinsir
|-boost|p1a: Pinsir|atk|2
|move|p2a: Mawile|Stealth Rock|p1a: Pinsir
|-sidestart|p1: Sbarksdale342|move: Stealth Rock
|
|upkeep
|turn|2
|choice|move swordsdance|move swordsdance
|
|move|p1a: Pinsir|Swords Dance|p1a: Pinsir
|-boost|p1a: Pinsir|atk|2
|move|p2a: Mawile|Swords Dance|p2a: Mawile
|-boost|p2a: Mawile|atk|2
|
|upkeep
|turn|3
|choice|move earthquake|move playrough
|
|move|p1a: Pinsir|Earthquake|p2a: Mawile
|-supereffective|p2a: Mawile
|-damage|p2a: Mawile|0 fnt
|-damage|p1a: Pinsir|244\/271|[from] item: Life Orb
|faint|p2a: Mawile
|-ability|p1a: Pinsir|Moxie|boost
|-boost|p1a: Pinsir|atk|1
|
|upkeep
|choice||switch 3
|
|switch|p2a: Magmortar|Magmortar, M, shiny|354\/354
|turn|4
|choice|move earthquake|move flamethrower
|
|move|p1a: Pinsir|Earthquake|p2a: Magmortar
|-supereffective|p2a: Magmortar
|-damage|p2a: Magmortar|0 fnt
|-damage|p1a: Pinsir|217\/271|[from] item: Life Orb
|faint|p2a: Magmortar
|-ability|p1a: Pinsir|Moxie|boost
|-boost|p1a: Pinsir|atk|1
|
|upkeep
|choice||switch 2
|
|switch|p2a: Hariyama|Hariyama, F|492\/492
|turn|5
|choice|move xscissor|move closecombat
|
|move|p1a: Pinsir|X-Scissor|p2a: Hariyama
|-resisted|p2a: Hariyama
|-damage|p2a: Hariyama|0 fnt
|-damage|p1a: Pinsir|190\/271|[from] item: Life Orb
|faint|p2a: Hariyama
|
|upkeep
|choice||switch 6
|
|switch|p2a: Shiftry|Shiftry, M, shiny|383\/383
|turn|6
|-message|gaby_le_duc forfeited.
|
|win|Sbarksdale342
|player|p1
|player|p2
|l|gaby_le_duc
|c|★Sbarksdale342|gg</script>
</div>
<div class="battle-log battle-log-inline"><div class="inner"><div class="battle-options"></div><div class="inner"><div class="chat"><small>Sbarksdale342 joined.</small></div><div class="chat"><small>gaby_le_duc joined.</small></div><div class=""><small>Format:</small> <br><strong>NU</strong></div><div class="rated"><strong>Rated battle</strong></div><div class=""><small><em>Sleep Clause Mod:</em> Limit one foe put to sleep</small></div><div class=""><small><em>Species Clause:</em> Limit one of each Pokémon</small></div><div class=""><small><em>OHKO Clause:</em> OHKO moves are banned</small></div><div class=""><small><em>Moody Clause:</em> Moody is banned</small></div><div class=""><small><em>Evasion Moves Clause:</em> Evasion moves are banned</small></div><div class=""><small><em>Endless Battle Clause:</em> Forcing endless battles is banned</small></div><div class=""><small><em>HP Percentage Mod:</em> HP is shown in percentages</small></div><div class=""><small><em>Swagger Clause:</em> Swagger is banned</small></div><div class=""><small><em>Baton Pass Clause:</em> Limit one Baton Passer, can't pass Spe and other stats simultaneously</small></div><div class="chat battle-history"><strong>Sbarksdale342's team:</strong> <em style="color:#445566;display:block;">Primeape / Pinsir / Rhydon / Lilligant / Kabutops / Magmortar</em></div><div class="chat battle-history"><strong>gaby_le_duc's team:</strong> <em style="color:#445566;display:block;">Gastrodon-East / Hariyama / Magmortar / Luxray / Mawile / Shiftry</em></div><div class="spacer battle-history"><br></div><div class="battle-history">Battle started between Sbarksdale342 and gaby_le_duc!<br></div><div class="spacer battle-history"><br></div><div class="battle-history">Go! <strong>Pinsir</strong>!<br></div><div class="spacer battle-history"><br></div><div class="battle-history">gaby_le_duc sent out <strong>Mawile</strong>!<br></div><div class="spacer battle-history"><br></div><h2 class="battle-history">Turn 1</h2><div class="spacer battle-history"><br></div><div class="battle-history">Pinsir used <strong>Swords Dance</strong>!<br></div><div class="battle-history"><small>Pinsir's Attack rose sharply!</small><br></div><div class="spacer battle-history"><br></div><div class="battle-history">The opposing Mawile used <strong>Stealth Rock</strong>!<br></div><div class="battle-history"><small>Pointed stones float in the air around your team!</small><br></div><div class="spacer battle-history"><br></div><h2 class="battle-history">Turn 2</h2><div class="spacer battle-history"><br></div><div class="battle-history">Pinsir used <strong>Swords Dance</strong>!<br></div><div class="battle-history"><small>Pinsir's Attack rose sharply!</small><br></div><div class="spacer battle-history"><br></div><div class="battle-history">The opposing Mawile used <strong>Swords Dance</strong>!<br></div><div class="battle-history"><small>The opposing Mawile's Attack rose sharply!</small><br></div><div class="spacer battle-history"><br></div><h2 class="battle-history">Turn 3</h2><div class="spacer battle-history"><br></div><div class="battle-history">Pinsir used <strong>Earthquake</strong>!<br></div><div class="battle-history"><small>It's super effective!</small><br></div><div class="battle-history"><small>(The opposing Mawile lost <abbr title="−303/303">100%</abbr> of its health!)</small><br></div><div class="battle-history"><small>Pinsir lost some of its HP!</small><br></div><div class="spacer battle-history"><br></div><div class="battle-history">The opposing Mawile fainted!<br></div><div class="battle-history"><small>[Pinsir's Moxie]</small><br></div><div class="battle-history"><small>Pinsir's Attack rose!</small><br></div><div class="spacer battle-history"><br></div><div class="battle-history">gaby_le_duc sent out <strong>Magmortar</strong>!<br></div><div class="spacer battle-history"><br></div><h2 class="battle-history">Turn 4</h2><div class="spacer battle-history"><br></div><div class="battle-history">Pinsir used <strong>Earthquake</strong>!<br></div><div class="battle-history"><small>It's super effective!</small><br></div><div class="battle-history"><small>(The opposing Magmortar lost <abbr title="−354/354">100%</abbr> of its health!)</small><br></div><div class="battle-history"><small>Pinsir lost some of its HP!</small><br></div><div class="spacer battle-history"><br></div><div class="battle-history">The opposing Magmortar fainted!<br></div><div class="battle-history"><small>[Pinsir's Moxie]</small><br></div><div class="battle-history"><small>Pinsir's Attack rose!</small><br></div><div class="spacer battle-history"><br></div><div class="battle-history">gaby_le_duc sent out <strong>Hariyama</strong>!<br></div><div class="spacer battle-history"><br></div><h2 class="battle-history">Turn 5</h2><div class="spacer battle-history"><br></div><div class="battle-history">Pinsir used <strong>X-Scissor</strong>!<br></div><div class="battle-history"><small>It's not very effective...</small><br></div><div class="battle-history"><small>(The opposing Hariyama lost <abbr title="−492/492">100%</abbr> of its health!)</small><br></div><div class="battle-history"><small>Pinsir lost some of its HP!</small><br></div><div class="spacer battle-history"><br></div><div class="battle-history">The opposing Hariyama fainted!<br></div><div class="spacer battle-history"><br></div><div class="battle-history">gaby_le_duc sent out <strong>Shiftry</strong>!<br></div><div class="spacer battle-history"><br></div><h2 class="battle-history">Turn 6</h2><div class="spacer battle-history"><br></div><div class="battle-history"><small>gaby_le_duc forfeited.</small><br></div><div class="spacer battle-history"><br></div><div class="battle-history"><strong>Sbarksdale342</strong> won the battle!<br></div><div class="chat"><small>gaby_le_duc left.</small></div><div class="chat chatmessage-sbarksdale342"><strong style="color:hsl(120,69%,39.15786298604352%)"><small>★</small><span class="username" data-name="Sbarksdale342">Sbarksdale342</span>:</strong> <em>gg</em></div></div><div class="inner-preempt"></div></div></div>
</div>
<script>
let daily = Math.floor(Date.now()/1000/60/60/24);document.write('<script src="https://play.pokemonshowdown.com/js/replay-embed.js?version'+daily+'"></'+'script>');
</script>
