<!DOCTYPE html>
<meta charset="utf-8" />
<!-- version 1 -->
<title>NU replay: R∅derick vs. thomb2</title>
<style>
html,body {font-family:Verdana, sans-serif;font-size:10pt;margin:0;padding:0;}body{padding:12px 0;} .battle-log {font-family:Verdana, sans-serif;font-size:10pt;} .battle-log-inline {border:1px solid #AAAAAA;background:#EEF2F5;color:black;max-width:640px;margin:0 auto 80px;padding-bottom:5px;} .battle-log .inner {padding:4px 8px 0px 8px;} .battle-log .inner-preempt {padding:0 8px 4px 8px;} .battle-log .inner-after {margin-top:0.5em;} .battle-log h2 {margin:0.5em -8px;padding:4px 8px;border:1px solid #AAAAAA;background:#E0E7EA;border-left:0;border-right:0;font-family:Verdana, sans-serif;font-size:13pt;} .battle-log .chat {vertical-align:middle;padding:3px 0 3px 0;font-size:8pt;} .battle-log .chat strong {color:#40576A;} .battle-log .chat em {padding:1px 4px 1px 3px;color:#000000;font-style:normal;} .chat.mine {background:rgba(0,0,0,0.05);margin-left:-8px;margin-right:-8px;padding-left:8px;padding-right:8px;} .spoiler {color:#BBBBBB;background:#BBBBBB;padding:0px 3px;} .spoiler:hover, .spoiler:active, .spoiler-shown {color:#000000;background:#E2E2E2;padding:0px 3px;} .spoiler a {color:#BBBBBB;} .spoiler:hover a, .spoiler:active a, .spoiler-shown a {color:#2288CC;} .chat code, .chat .spoiler:hover code, .chat .spoiler:active code, .chat .spoiler-shown code {border:1px solid #C0C0C0;background:#EEEEEE;color:black;padding:0 2px;} .chat .spoiler code {border:1px solid #CCCCCC;background:#CCCCCC;color:#CCCCCC;} .battle-log .rated {padding:3px 4px;} .battle-log .rated strong {color:white;background:#89A;padding:1px 4px;border-radius:4px;} .spacer {margin-top:0.5em;} .message-announce {background:#6688AA;color:white;padding:1px 4px 2px;} .message-announce a, .broadcast-green a, .broadcast-blue a, .broadcast-red a {color:#DDEEFF;} .broadcast-green {background-color:#559955;color:white;padding:2px 4px;} .broadcast-blue {background-color:#6688AA;color:white;padding:2px 4px;} .infobox {border:1px solid #6688AA;padding:2px 4px;} .infobox-limited {max-height:200px;overflow:auto;overflow-x:hidden;} .broadcast-red {background-color:#AA5544;color:white;padding:2px 4px;} .message-learn-canlearn {font-weight:bold;color:#228822;text-decoration:underline;} .message-learn-cannotlearn {font-weight:bold;color:#CC2222;text-decoration:underline;} .message-effect-weak {font-weight:bold;color:#CC2222;} .message-effect-resist {font-weight:bold;color:#6688AA;} .message-effect-immune {font-weight:bold;color:#666666;} .message-learn-list {margin-top:0;margin-bottom:0;} .message-throttle-notice, .message-error {color:#992222;} .message-overflow, .chat small.message-overflow {font-size:0pt;} .message-overflow::before {font-size:9pt;content:'...';} .subtle {color:#3A4A66;}
</style>
<div class="wrapper replay-wrapper" style="max-width:1180px;margin:0 auto">
<input type="hidden" name="replayid" value="nu-516460425" />
<div class="battle"></div><div class="battle-log"></div><div class="replay-controls"></div><div class="replay-controls-2"></div>
<h1 style="font-weight:normal;text-align:center"><strong>NU</strong><br /><a href="http://pokemonshowdown.com/users/rderick" class="subtle" target="_blank">R∅derick</a> vs. <a href="http://pokemonshowdown.com/users/thomb2" class="subtle" target="_blank">thomb2</a></h1>
<script type="text/plain" class="battle-log-data">|j|R∅derick
|j|thomb2
|player|p1|R∅derick|25
|player|p2|thomb2|1
|gametype|singles
|gen|6
|tier|NU
|rated
|seed|9069,27691,59419,49343
|rule|Sleep Clause Mod: Limit one foe put to sleep
|rule|Species Clause: Limit one of each Pokémon
|rule|OHKO Clause: OHKO moves are banned
|rule|Moody Clause: Moody is banned
|rule|Evasion Moves Clause: Evasion moves are banned
|rule|Endless Battle Clause: Forcing endless battles is banned
|rule|HP Percentage Mod: HP is shown in percentages
|clearpoke
|poke|p1|Mismagius, F|item
|poke|p1|Vileplume, M|item
|poke|p1|Magmortar, M|item
|poke|p1|Lapras, F|item
|poke|p1|Audino, F|item
|poke|p1|Xatu, M, shiny|item
|poke|p2|Hariyama, M|item
|poke|p2|Malamar, M|item
|poke|p2|Xatu, F|item
|poke|p2|Kabutops, M|item
|poke|p2|Sandslash, F, shiny|item
|poke|p2|Garbodor, M|item
|rule|Swagger Clause: Swagger is banned
|rule|Baton Pass Clause: Limit one Baton Passer, can't pass Spe and other stats simultaneously
|teampreview
|choice|team 6, team 2, team 3, team 4, team 5, team 1|team 5, team 2, team 3, team 4, team 1, team 6
|
|start
|switch|p1a: H∅rick|Xatu, M, shiny|334\/334
|switch|p2a: Sandslash|Sandslash, F, shiny|354\/354
|turn|1
|choice|move confuseray|move stoneedge
|
|move|p1a: H∅rick|Confuse Ray|p2a: Sandslash
|-start|p2a: Sandslash|confusion
|-activate|p2a: Sandslash|confusion
|move|p2a: Sandslash|Stone Edge|p1a: H∅rick
|-supereffective|p1a: H∅rick
|-crit|p1a: H∅rick
|-damage|p1a: H∅rick|84\/334
|
|upkeep
|turn|2
|choice|move roost|move stoneedge
|
|move|p1a: H∅rick|Roost|p1a: H∅rick
|-heal|p1a: H∅rick|251\/334
|-activate|p2a: Sandslash|confusion
|-damage|p2a: Sandslash|330\/354|[from] confusion
|
|-heal|p2a: Sandslash|352\/354|[from] item: Leftovers
|upkeep
|turn|3
|choice|move psychic|move stoneedge
|
|move|p1a: H∅rick|Psychic|p2a: Sandslash
|-damage|p2a: Sandslash|192\/354
|-activate|p2a: Sandslash|confusion
|move|p2a: Sandslash|Stone Edge|p1a: H∅rick|[miss]
|-miss|p2a: Sandslash|p1a: H∅rick
|
|-heal|p2a: Sandslash|214\/354|[from] item: Leftovers
|upkeep
|turn|4
|choice|move psychic|switch 2
|
|switch|p2a: Malamar|Malamar, M|314\/314
|move|p1a: H∅rick|Psychic|p2a: Malamar
|-immune|p2a: Malamar|[msg]
|
|upkeep
|turn|5
|choice|move thunderwave|move knockoff
|
|move|p1a: H∅rick|Thunder Wave|p2a: Malamar
|-status|p2a: Malamar|par
|move|p2a: Malamar|Knock Off|p1a: H∅rick
|-supereffective|p1a: H∅rick
|-damage|p1a: H∅rick|0 fnt
|-damage|p2a: Malamar|262\/314 par|[from] item: Rocky Helmet|[of] p1a: H∅rick
|-enditem|p1a: H∅rick|Rocky Helmet|[from] move: Knock Off|[of] p2a: Malamar
|faint|p1a: H∅rick
|
|-heal|p2a: Malamar|281\/314 par|[from] item: Leftovers
|upkeep
|choice|switch 5|
|
|switch|p1a: Audino|Audino, F|410\/410
|turn|6
|choice|move calmmind mega|move superpower
|
|detailschange|p1a: Audino|Audino-Mega, F
|-mega|p1a: Audino|Audino|Audinite
|move|p1a: Audino|Calm Mind|p1a: Audino
|-boost|p1a: Audino|spa|1
|-boost|p1a: Audino|spd|1
|move|p2a: Malamar|Superpower|p1a: Audino
|-damage|p1a: Audino|327\/410
|-boost|p2a: Malamar|atk|1
|-boost|p2a: Malamar|def|1
|
|-heal|p2a: Malamar|300\/314 par|[from] item: Leftovers
|upkeep
|turn|7
|choice|move dazzlinggleam|move superpower
|
|move|p1a: Audino|Dazzling Gleam|p2a: Malamar
|-supereffective|p2a: Malamar
|-damage|p2a: Malamar|4\/314 par
|move|p2a: Malamar|Superpower|p1a: Audino
|-damage|p1a: Audino|214\/410
|-boost|p2a: Malamar|atk|1
|-boost|p2a: Malamar|def|1
|
|-heal|p2a: Malamar|23\/314 par|[from] item: Leftovers
|upkeep
|turn|8
|choice|move dazzlinggleam|move superpower
|
|move|p1a: Audino|Dazzling Gleam|p2a: Malamar
|-supereffective|p2a: Malamar
|-damage|p2a: Malamar|0 fnt
|faint|p2a: Malamar
|
|upkeep
|choice||switch 6
|
|switch|p2a: Garbodor|Garbodor, M|364\/364
|turn|9
|choice|move wish|move gunkshot
|
|move|p2a: Garbodor|Gunk Shot|p1a: Audino
|-supereffective|p1a: Audino
|-damage|p1a: Audino|34\/410
|move|p1a: Audino|Wish|p1a: Audino
|
|upkeep
|turn|10
|choice|switch 2|move gunkshot
|
|switch|p1a: Vileplume|Vileplume, M|354\/354
|move|p2a: Garbodor|Gunk Shot|p1a: Vileplume
|-damage|p1a: Vileplume|252\/354
|
|-heal|p1a: Vileplume|354\/354|[from] move: Wish|[wisher] Audino
|upkeep
|turn|11
|choice|move sleeppowder|switch 3
|
|switch|p2a: Xatu|Xatu, F|288\/288
|move|p1a: Vileplume|Sleep Powder|p2a: Xatu
|move|p2a: Xatu|Sleep Powder|p1a: Vileplume|[from]Magic Bounce
|-immune|p1a: Vileplume|[msg]
|
|upkeep
|turn|12
|choice|switch 4|move psychic
|
|switch|p1a: Lapras|Lapras, F|431\/431
|move|p2a: Xatu|Psychic|p1a: Lapras
|-damage|p1a: Lapras|284\/431
|
|-heal|p1a: Lapras|310\/431|[from] item: Leftovers
|upkeep
|turn|13
|choice|move icebeam|switch 5
|
|switch|p2a: Hariyama|Hariyama, M|492\/492
|move|p1a: Lapras|Ice Beam|p2a: Hariyama
|-damage|p2a: Hariyama|281\/492
|
|-heal|p1a: Lapras|336\/431|[from] item: Leftovers
|upkeep
|turn|14
|choice|move hydropump|move fakeout
|
|move|p2a: Hariyama|Fake Out|p1a: Lapras
|-damage|p1a: Lapras|257\/431
|-damage|p2a: Hariyama|232\/492|[from] item: Life Orb
|cant|p1a: Lapras|flinch
|
|-heal|p1a: Lapras|283\/431|[from] item: Leftovers
|upkeep
|turn|15
|choice|move hydropump|move closecombat
|
|move|p1a: Lapras|Hydro Pump|p2a: Hariyama
|-damage|p2a: Hariyama|0 fnt
|faint|p2a: Hariyama
|
|-heal|p1a: Lapras|309\/431|[from] item: Leftovers
|upkeep
|choice||switch 3
|
|switch|p2a: Garbodor|Garbodor, M|364\/364
|turn|16
|choice|move icebeam|move toxic
|
|move|p1a: Lapras|Ice Beam|p2a: Garbodor
|-damage|p2a: Garbodor|261\/364
|move|p2a: Garbodor|Toxic|p1a: Lapras
|-status|p1a: Lapras|tox
|
|-heal|p1a: Lapras|335\/431 tox|[from] item: Leftovers
|-heal|p2a: Garbodor|283\/364|[from] item: Leftovers
|-damage|p1a: Lapras|309\/431 tox|[from] psn
|upkeep
|turn|17
|choice|move icebeam|move gunkshot
|
|move|p1a: Lapras|Ice Beam|p2a: Garbodor
|-damage|p2a: Garbodor|175\/364
|move|p2a: Garbodor|Gunk Shot|p1a: Lapras
|-damage|p1a: Lapras|138\/431 tox
|
|-heal|p1a: Lapras|164\/431 tox|[from] item: Leftovers
|-heal|p2a: Garbodor|197\/364|[from] item: Leftovers
|-damage|p1a: Lapras|112\/431 tox|[from] psn
|upkeep
|turn|18
|choice|move rest|move protect
|
|move|p2a: Garbodor|Protect|p2a: Garbodor
|-singleturn|p2a: Garbodor|Protect
|move|p1a: Lapras|Rest|p1a: Lapras
|-status|p1a: Lapras|slp
|-heal|p1a: Lapras|431\/431 slp|[silent]
|-status|p1a: Lapras|slp|[from] move: Rest
|
|-heal|p2a: Garbodor|219\/364|[from] item: Leftovers
|upkeep
|turn|19
|choice|move sleeptalk|move painsplit
|
|cant|p1a: Lapras|slp
|move|p1a: Lapras|Sleep Talk|p1a: Lapras
|move|p1a: Lapras|Hydro Pump|p2a: Garbodor|[from]Sleep Talk
|-damage|p2a: Garbodor|96\/364
|move|p2a: Garbodor|Pain Split|p1a: Lapras
|-sethp|p1a: Lapras|263\/431 slp|p2a: Garbodor|263\/364|[from] move: Pain Split
|
|-heal|p1a: Lapras|289\/431 slp|[from] item: Leftovers
|-heal|p2a: Garbodor|285\/364|[from] item: Leftovers
|upkeep
|turn|20
|choice|move sleeptalk|move gunkshot
|
|cant|p1a: Lapras|slp
|move|p1a: Lapras|Sleep Talk|p1a: Lapras
|move|p1a: Lapras|Hydro Pump|p2a: Garbodor|[from]Sleep Talk
|-damage|p2a: Garbodor|147\/364
|move|p2a: Garbodor|Gunk Shot|p1a: Lapras
|-damage|p1a: Lapras|130\/431 slp
|
|-heal|p1a: Lapras|156\/431 slp|[from] item: Leftovers
|-heal|p2a: Garbodor|169\/364|[from] item: Leftovers
|upkeep
|turn|21
|choice|move rest|move gunkshot
|
|-curestatus|p1a: Lapras|slp|[msg]
|move|p1a: Lapras|Rest|p1a: Lapras
|-status|p1a: Lapras|slp
|-heal|p1a: Lapras|431\/431 slp|[silent]
|-status|p1a: Lapras|slp|[from] move: Rest
|move|p2a: Garbodor|Gunk Shot|p1a: Lapras
|-damage|p1a: Lapras|260\/431 slp
|
|-heal|p1a: Lapras|286\/431 slp|[from] item: Leftovers
|-heal|p2a: Garbodor|191\/364|[from] item: Leftovers
|upkeep
|turn|22
|choice|move sleeptalk|move gunkshot
|
|cant|p1a: Lapras|slp
|move|p1a: Lapras|Sleep Talk|p1a: Lapras
|move|p1a: Lapras|Ice Beam|p2a: Garbodor|[from]Sleep Talk
|-damage|p2a: Garbodor|91\/364
|move|p2a: Garbodor|Gunk Shot|p1a: Lapras|[miss]
|-miss|p2a: Garbodor|p1a: Lapras
|
|-heal|p1a: Lapras|312\/431 slp|[from] item: Leftovers
|-heal|p2a: Garbodor|113\/364|[from] item: Leftovers
|upkeep
|turn|23
|choice|move sleeptalk|move painsplit
|
|cant|p1a: Lapras|slp
|move|p1a: Lapras|Sleep Talk|p1a: Lapras
|move|p1a: Lapras|Rest|p1a: Lapras|[from]Sleep Talk
|-fail|p1a: Lapras
|move|p2a: Garbodor|Pain Split|p1a: Lapras
|-sethp|p1a: Lapras|212\/431 slp|p2a: Garbodor|212\/364|[from] move: Pain Split
|
|-heal|p1a: Lapras|238\/431 slp|[from] item: Leftovers
|-heal|p2a: Garbodor|234\/364|[from] item: Leftovers
|upkeep
|turn|24
|choice|move icebeam|move gunkshot
|
|-curestatus|p1a: Lapras|slp|[msg]
|move|p1a: Lapras|Ice Beam|p2a: Garbodor
|-damage|p2a: Garbodor|126\/364
|move|p2a: Garbodor|Gunk Shot|p1a: Lapras
|-damage|p1a: Lapras|84\/431
|
|-heal|p1a: Lapras|110\/431|[from] item: Leftovers
|-heal|p2a: Garbodor|148\/364|[from] item: Leftovers
|upkeep
|turn|25
|choice|move rest|move painsplit
|
|move|p1a: Lapras|Rest|p1a: Lapras
|-status|p1a: Lapras|slp
|-heal|p1a: Lapras|431\/431 slp|[silent]
|-status|p1a: Lapras|slp|[from] move: Rest
|move|p2a: Garbodor|Pain Split|p1a: Lapras
|-sethp|p1a: Lapras|289\/431 slp|p2a: Garbodor|289\/364|[from] move: Pain Split
|
|-heal|p1a: Lapras|315\/431 slp|[from] item: Leftovers
|-heal|p2a: Garbodor|311\/364|[from] item: Leftovers
|upkeep
|turn|26
|choice|move sleeptalk|move protect
|
|move|p2a: Garbodor|Protect|p2a: Garbodor
|-singleturn|p2a: Garbodor|Protect
|cant|p1a: Lapras|slp
|move|p1a: Lapras|Sleep Talk|p1a: Lapras
|move|p1a: Lapras|Rest|p1a: Lapras|[from]Sleep Talk
|-fail|p1a: Lapras
|
|-heal|p1a: Lapras|341\/431 slp|[from] item: Leftovers
|-heal|p2a: Garbodor|333\/364|[from] item: Leftovers
|upkeep
|turn|27
|choice|move sleeptalk|move gunkshot
|
|cant|p1a: Lapras|slp
|move|p1a: Lapras|Sleep Talk|p1a: Lapras
|move|p1a: Lapras|Rest|p1a: Lapras|[from]Sleep Talk
|-fail|p1a: Lapras
|move|p2a: Garbodor|Gunk Shot|p1a: Lapras
|-crit|p1a: Lapras
|-damage|p1a: Lapras|98\/431 slp
|
|-heal|p1a: Lapras|124\/431 slp|[from] item: Leftovers
|-heal|p2a: Garbodor|355\/364|[from] item: Leftovers
|upkeep
|turn|28
|choice|move rest|move toxic
|
|-curestatus|p1a: Lapras|slp|[msg]
|move|p1a: Lapras|Rest|p1a: Lapras
|-status|p1a: Lapras|slp
|-heal|p1a: Lapras|431\/431 slp|[silent]
|-status|p1a: Lapras|slp|[from] move: Rest
|move|p2a: Garbodor|Toxic|p1a: Lapras
|-fail|p1a: Lapras
|
|-heal|p2a: Garbodor|364\/364|[from] item: Leftovers
|upkeep
|turn|29
|choice|switch 3|move protect
|
|switch|p1a: Magmortar|Magmortar, M|307\/307
|move|p2a: Garbodor|Protect|p2a: Garbodor
|-fail|p2a: Garbodor
|
|upkeep
|turn|30
|choice|move earthquake|switch 2
|
|switch|p2a: Sandslash|Sandslash, F, shiny|214\/354
|move|p1a: Magmortar|Earthquake|p2a: Sandslash
|-damage|p2a: Sandslash|168\/354
|
|-heal|p2a: Sandslash|190\/354|[from] item: Leftovers
|upkeep
|turn|31
|choice|switch 6|move stealthrock
|
|switch|p1a: Mismagius|Mismagius, F|324\/324
|move|p2a: Sandslash|Stealth Rock|p1a: Mismagius
|-sidestart|p1: R∅derick|move: Stealth Rock
|
|-heal|p2a: Sandslash|212\/354|[from] item: Leftovers
|upkeep
|turn|32
|choice|move willowisp|move stoneedge
|
|move|p1a: Mismagius|Will-O-Wisp|p2a: Sandslash
|-status|p2a: Sandslash|brn
|move|p2a: Sandslash|Stone Edge|p1a: Mismagius|[miss]
|-miss|p2a: Sandslash|p1a: Mismagius
|
|-heal|p2a: Sandslash|234\/354 brn|[from] item: Leftovers
|-damage|p2a: Sandslash|190\/354 brn|[from] brn
|upkeep
|turn|33
|choice|move hex|move stoneedge
|
|move|p1a: Mismagius|Hex|p2a: Sandslash
|-damage|p2a: Sandslash|0 fnt
|faint|p2a: Sandslash
|
|upkeep
|choice||switch 2
|
|switch|p2a: Garbodor|Garbodor, M|364\/364
|turn|34
|choice|move hex|move toxic
|
|move|p1a: Mismagius|Hex|p2a: Garbodor
|-damage|p2a: Garbodor|297\/364
|move|p2a: Garbodor|Toxic|p1a: Mismagius
|-status|p1a: Mismagius|tox
|
|-heal|p2a: Garbodor|319\/364|[from] item: Leftovers
|-damage|p1a: Mismagius|304\/324 tox|[from] psn
|upkeep
|turn|35
|choice|move willowisp|move protect
|
|move|p2a: Garbodor|Protect|p2a: Garbodor
|-singleturn|p2a: Garbodor|Protect
|move|p1a: Mismagius|Will-O-Wisp|p2a: Garbodor
|-activate|p2a: Garbodor|move: Protect
|
|-heal|p2a: Garbodor|341\/364|[from] item: Leftovers
|-damage|p1a: Mismagius|264\/324 tox|[from] psn
|upkeep
|turn|36
|choice|move willowisp|switch 5
|
|switch|p2a: Xatu|Xatu, F|288\/288
|move|p1a: Mismagius|Will-O-Wisp|p2a: Xatu
|move|p2a: Xatu|Will-O-Wisp|p1a: Mismagius|[from]Magic Bounce
|-fail|p1a: Mismagius
|
|-damage|p1a: Mismagius|204\/324 tox|[from] psn
|upkeep
|turn|37
|choice|move destinybond|switch 5
|
|switch|p2a: Garbodor|Garbodor, M|341\/364
|move|p1a: Mismagius|Destiny Bond|p1a: Mismagius
|-singlemove|p1a: Mismagius|Destiny Bond
|
|-heal|p2a: Garbodor|363\/364|[from] item: Leftovers
|-damage|p1a: Mismagius|124\/324 tox|[from] psn
|upkeep
|turn|38
|choice|switch 6|move protect
|
|switch|p1a: Magmortar|Magmortar, M|307\/307
|-damage|p1a: Magmortar|231\/307|[from] Stealth Rock
|move|p2a: Garbodor|Protect|p2a: Garbodor
|-fail|p2a: Garbodor
|
|-heal|p2a: Garbodor|364\/364|[from] item: Leftovers
|upkeep
|turn|39
|choice|move fireblast|move toxic
|
|move|p1a: Magmortar|Fire Blast|p2a: Garbodor|[miss]
|-miss|p1a: Magmortar|p2a: Garbodor
|move|p2a: Garbodor|Toxic|p1a: Magmortar
|-status|p1a: Magmortar|tox
|
|-damage|p1a: Magmortar|212\/307 tox|[from] psn
|upkeep
|turn|40
|choice|move fireblast|move protect
|
|move|p2a: Garbodor|Protect|p2a: Garbodor
|-singleturn|p2a: Garbodor|Protect
|move|p1a: Magmortar|Fire Blast|p2a: Garbodor
|-activate|p2a: Garbodor|move: Protect
|
|-damage|p1a: Magmortar|174\/307 tox|[from] psn
|upkeep
|turn|41
|choice|move fireblast|switch 4
|
|switch|p2a: Kabutops|Kabutops, M|261\/261
|move|p1a: Magmortar|Fire Blast|p2a: Kabutops
|-resisted|p2a: Kabutops
|-crit|p2a: Kabutops
|-damage|p2a: Kabutops|161\/261
|
|-damage|p1a: Magmortar|117\/307 tox|[from] psn
|upkeep
|turn|42
|choice|move earthquake|move aquajet
|
|move|p2a: Kabutops|Aqua Jet|p1a: Magmortar
|-supereffective|p1a: Magmortar
|-damage|p1a: Magmortar|0 fnt
|faint|p1a: Magmortar
|
|upkeep
|choice|switch 4|
|
|switch|p1a: Vileplume|Vileplume, M|354\/354
|-damage|p1a: Vileplume|310\/354|[from] Stealth Rock
|turn|43
|choice|move sleeppowder|switch 5
|
|switch|p2a: Xatu|Xatu, F|288\/288
|move|p1a: Vileplume|Sleep Powder|p2a: Xatu
|move|p2a: Xatu|Sleep Powder|p1a: Vileplume|[from]Magic Bounce
|-immune|p1a: Vileplume|[msg]
|
|-heal|p1a: Vileplume|332\/354|[from] item: Black Sludge
|upkeep
|turn|44
|choice|switch 3|move psychic
|
|switch|p1a: Lapras|Lapras, F|431\/431 slp
|-damage|p1a: Lapras|324\/431 slp|[from] Stealth Rock
|move|p2a: Xatu|Psychic|p1a: Lapras
|-damage|p1a: Lapras|197\/431 slp
|
|-heal|p1a: Lapras|223\/431 slp|[from] item: Leftovers
|upkeep
|turn|45
|choice|move sleeptalk|move psychic
|
|move|p2a: Xatu|Psychic|p1a: Lapras
|-damage|p1a: Lapras|99\/431 slp
|cant|p1a: Lapras|slp
|move|p1a: Lapras|Sleep Talk|p1a: Lapras
|move|p1a: Lapras|Ice Beam|p2a: Xatu|[from]Sleep Talk
|-supereffective|p2a: Xatu
|-damage|p2a: Xatu|0 fnt
|faint|p2a: Xatu
|
|-heal|p1a: Lapras|125\/431 slp|[from] item: Leftovers
|upkeep
|choice||switch 5
|
|switch|p2a: Kabutops|Kabutops, M|161\/261
|turn|46
|choice|move sleeptalk|move knockoff
|
|move|p2a: Kabutops|Knock Off|p1a: Lapras
|-damage|p1a: Lapras|0 fnt
|-enditem|p1a: Lapras|Leftovers|[from] move: Knock Off|[of] p2a: Kabutops
|faint|p1a: Lapras
|
|upkeep
|choice|switch 3|
|
|switch|p1a: Vileplume|Vileplume, M|332\/354
|-damage|p1a: Vileplume|288\/354|[from] Stealth Rock
|turn|47
|choice|move sleeppowder|move knockoff
|
|move|p2a: Kabutops|Knock Off|p1a: Vileplume
|-damage|p1a: Vileplume|153\/354
|-enditem|p1a: Vileplume|Black Sludge|[from] move: Knock Off|[of] p2a: Kabutops
|move|p1a: Vileplume|Sleep Powder|p2a: Kabutops
|-status|p2a: Kabutops|slp
|
|upkeep
|turn|48
|choice|move moonlight|move knockoff
|
|cant|p2a: Kabutops|slp
|move|p1a: Vileplume|Moonlight|p1a: Vileplume
|-heal|p1a: Vileplume|330\/354
|
|upkeep
|turn|49
|choice|move gigadrain|switch 4
|
|switch|p2a: Garbodor|Garbodor, M|364\/364
|move|p1a: Vileplume|Giga Drain|p2a: Garbodor
|-resisted|p2a: Garbodor
|-damage|p2a: Garbodor|327\/364
|-heal|p1a: Vileplume|349\/354|[from] drain|[of] p2a: Garbodor
|
|-heal|p2a: Garbodor|349\/364|[from] item: Leftovers
|upkeep
|turn|50
|choice|move gigadrain|move painsplit
|
|move|p2a: Garbodor|Pain Split|p1a: Vileplume
|-sethp|p1a: Vileplume|349\/354|p2a: Garbodor|349\/364|[from] move: Pain Split
|move|p1a: Vileplume|Giga Drain|p2a: Garbodor
|-resisted|p2a: Garbodor
|-damage|p2a: Garbodor|311\/364
|-heal|p1a: Vileplume|354\/354|[from] drain|[of] p2a: Garbodor
|
|-heal|p2a: Garbodor|333\/364|[from] item: Leftovers
|upkeep
|turn|51
|choice|move sludgebomb|move protect
|
|move|p2a: Garbodor|Protect|p2a: Garbodor
|-singleturn|p2a: Garbodor|Protect
|move|p1a: Vileplume|Sludge Bomb|p2a: Garbodor
|-activate|p2a: Garbodor|move: Protect
|
|-heal|p2a: Garbodor|355\/364|[from] item: Leftovers
|upkeep
|turn|52
|choice|move sludgebomb|move toxic
|
|move|p2a: Garbodor|Toxic|p1a: Vileplume
|-immune|p1a: Vileplume|[msg]
|move|p1a: Vileplume|Sludge Bomb|p2a: Garbodor
|-resisted|p2a: Garbodor
|-damage|p2a: Garbodor|306\/364
|
|-heal|p2a: Garbodor|328\/364|[from] item: Leftovers
|upkeep
|turn|53
|choice|move sludgebomb|move painsplit
|
|move|p2a: Garbodor|Pain Split|p1a: Vileplume
|-sethp|p1a: Vileplume|341\/354|p2a: Garbodor|341\/364|[from] move: Pain Split
|move|p1a: Vileplume|Sludge Bomb|p2a: Garbodor
|-resisted|p2a: Garbodor
|-damage|p2a: Garbodor|296\/364
|
|-heal|p2a: Garbodor|318\/364|[from] item: Leftovers
|upkeep
|turn|54
|choice|move sludgebomb|move toxic
|
|move|p2a: Garbodor|Toxic|p1a: Vileplume
|-immune|p1a: Vileplume|[msg]
|move|p1a: Vileplume|Sludge Bomb|p2a: Garbodor
|-resisted|p2a: Garbodor
|-damage|p2a: Garbodor|268\/364
|
|-heal|p2a: Garbodor|290\/364|[from] item: Leftovers
|upkeep
|turn|55
|choice|move sludgebomb|move toxic
|
|move|p2a: Garbodor|Toxic|p1a: Vileplume
|-immune|p1a: Vileplume|[msg]
|move|p1a: Vileplume|Sludge Bomb|p2a: Garbodor
|-resisted|p2a: Garbodor
|-damage|p2a: Garbodor|242\/364
|
|-heal|p2a: Garbodor|264\/364|[from] item: Leftovers
|upkeep
|turn|56
|choice|move sludgebomb|move painsplit
|
|move|p2a: Garbodor|Pain Split|p1a: Vileplume
|-sethp|p1a: Vileplume|302\/354|p2a: Garbodor|302\/364|[from] move: Pain Split
|move|p1a: Vileplume|Sludge Bomb|p2a: Garbodor
|-resisted|p2a: Garbodor
|-damage|p2a: Garbodor|256\/364
|
|-heal|p2a: Garbodor|278\/364|[from] item: Leftovers
|upkeep
|turn|57
|choice|move sludgebomb|move protect
|
|move|p2a: Garbodor|Protect|p2a: Garbodor
|-singleturn|p2a: Garbodor|Protect
|move|p1a: Vileplume|Sludge Bomb|p2a: Garbodor
|-activate|p2a: Garbodor|move: Protect
|
|-heal|p2a: Garbodor|300\/364|[from] item: Leftovers
|upkeep
|turn|58
|choice|move sludgebomb|move toxic
|
|move|p2a: Garbodor|Toxic|p1a: Vileplume
|-immune|p1a: Vileplume|[msg]
|move|p1a: Vileplume|Sludge Bomb|p2a: Garbodor
|-resisted|p2a: Garbodor
|-damage|p2a: Garbodor|256\/364
|
|-heal|p2a: Garbodor|278\/364|[from] item: Leftovers
|upkeep
|turn|59
|choice|move sludgebomb|move protect
|
|move|p2a: Garbodor|Protect|p2a: Garbodor
|-singleturn|p2a: Garbodor|Protect
|move|p1a: Vileplume|Sludge Bomb|p2a: Garbodor
|-activate|p2a: Garbodor|move: Protect
|
|-heal|p2a: Garbodor|300\/364|[from] item: Leftovers
|upkeep
|turn|60
|choice|move sludgebomb|move toxic
|
|move|p2a: Garbodor|Toxic|p1a: Vileplume
|-immune|p1a: Vileplume|[msg]
|move|p1a: Vileplume|Sludge Bomb|p2a: Garbodor
|-resisted|p2a: Garbodor
|-damage|p2a: Garbodor|258\/364
|
|-heal|p2a: Garbodor|280\/364|[from] item: Leftovers
|upkeep
|turn|61
|choice|move sludgebomb|move toxic
|
|move|p2a: Garbodor|Toxic|p1a: Vileplume
|-immune|p1a: Vileplume|[msg]
|move|p1a: Vileplume|Sludge Bomb|p2a: Garbodor
|-resisted|p2a: Garbodor
|-damage|p2a: Garbodor|232\/364
|
|-heal|p2a: Garbodor|254\/364|[from] item: Leftovers
|upkeep
|turn|62
|choice|switch 6|move toxic
|
|switch|p1a: Mismagius|Mismagius, F|124\/324 tox
|-damage|p1a: Mismagius|84\/324 tox|[from] Stealth Rock
|move|p2a: Garbodor|Toxic|p1a: Mismagius
|-fail|p1a: Mismagius|tox
|
|-heal|p2a: Garbodor|276\/364|[from] item: Leftovers
|-damage|p1a: Mismagius|64\/324 tox|[from] psn
|upkeep
|turn|63
|choice|move willowisp|move protect
|
|move|p2a: Garbodor|Protect|p2a: Garbodor
|-singleturn|p2a: Garbodor|Protect
|move|p1a: Mismagius|Will-O-Wisp|p2a: Garbodor
|-activate|p2a: Garbodor|move: Protect
|
|-heal|p2a: Garbodor|298\/364|[from] item: Leftovers
|-damage|p1a: Mismagius|24\/324 tox|[from] psn
|upkeep
|turn|64
|choice|move willowisp|switch 4
|
|switch|p2a: Kabutops|Kabutops, M|161\/261 slp
|move|p1a: Mismagius|Will-O-Wisp|p2a: Kabutops|[miss]
|-miss|p1a: Mismagius|p2a: Kabutops
|
|-damage|p1a: Mismagius|0 fnt|[from] psn
|upkeep
|faint|p1a: Mismagius
|choice|switch 6|
|
|switch|p1a: Vileplume|Vileplume, M|302\/354
|-damage|p1a: Vileplume|258\/354|[from] Stealth Rock
|turn|65
|choice|move gigadrain|switch 4
|
|switch|p2a: Garbodor|Garbodor, M|298\/364
|move|p1a: Vileplume|Giga Drain|p2a: Garbodor
|-resisted|p2a: Garbodor
|-damage|p2a: Garbodor|258\/364
|-heal|p1a: Vileplume|278\/354|[from] drain|[of] p2a: Garbodor
|
|-heal|p2a: Garbodor|280\/364|[from] item: Leftovers
|upkeep
|turn|66
|choice|move sludgebomb|move toxic
|
|move|p2a: Garbodor|Toxic|p1a: Vileplume
|-immune|p1a: Vileplume|[msg]
|move|p1a: Vileplume|Sludge Bomb|p2a: Garbodor
|-resisted|p2a: Garbodor
|-damage|p2a: Garbodor|235\/364
|
|-heal|p2a: Garbodor|257\/364|[from] item: Leftovers
|upkeep
|turn|67
|choice|move sludgebomb|move toxic
|
|move|p2a: Garbodor|Toxic|p1a: Vileplume
|-immune|p1a: Vileplume|[msg]
|move|p1a: Vileplume|Sludge Bomb|p2a: Garbodor
|-resisted|p2a: Garbodor
|-damage|p2a: Garbodor|212\/364
|
|-heal|p2a: Garbodor|234\/364|[from] item: Leftovers
|upkeep
|turn|68
|choice|move sludgebomb|move painsplit
|
|move|p2a: Garbodor|Pain Split|p1a: Vileplume
|-sethp|p1a: Vileplume|256\/354|p2a: Garbodor|256\/364|[from] move: Pain Split
|move|p1a: Vileplume|Sludge Bomb|p2a: Garbodor
|-resisted|p2a: Garbodor
|-damage|p2a: Garbodor|206\/364
|
|-heal|p2a: Garbodor|228\/364|[from] item: Leftovers
|upkeep
|turn|69
|choice|move sleeppowder|move protect
|
|move|p2a: Garbodor|Protect|p2a: Garbodor
|-singleturn|p2a: Garbodor|Protect
|move|p1a: Vileplume|Sleep Powder|p2a: Garbodor
|-activate|p2a: Garbodor|move: Protect
|
|-heal|p2a: Garbodor|250\/364|[from] item: Leftovers
|upkeep
|turn|70
|choice|move sleeppowder|move toxic
|
|move|p2a: Garbodor|Toxic|p1a: Vileplume
|-immune|p1a: Vileplume|[msg]
|move|p1a: Vileplume|Sleep Powder|p2a: Garbodor
|-message|Sleep Clause Mod activated.
|
|-heal|p2a: Garbodor|272\/364|[from] item: Leftovers
|upkeep
|turn|71
|choice|move sleeppowder|move toxic
|
|move|p2a: Garbodor|Toxic|p1a: Vileplume
|-immune|p1a: Vileplume|[msg]
|move|p1a: Vileplume|Sleep Powder|p2a: Garbodor|[miss]
|-miss|p1a: Vileplume|p2a: Garbodor
|
|-heal|p2a: Garbodor|294\/364|[from] item: Leftovers
|upkeep
|turn|72
|choice|move gigadrain|move toxic
|
|move|p2a: Garbodor|Toxic|p1a: Vileplume
|-immune|p1a: Vileplume|[msg]
|move|p1a: Vileplume|Giga Drain|p2a: Garbodor
|-resisted|p2a: Garbodor
|-damage|p2a: Garbodor|255\/364
|-heal|p1a: Vileplume|276\/354|[from] drain|[of] p2a: Garbodor
|
|-heal|p2a: Garbodor|277\/364|[from] item: Leftovers
|upkeep
|turn|73
|choice|move gigadrain|move protect
|
|move|p2a: Garbodor|Protect|p2a: Garbodor
|-singleturn|p2a: Garbodor|Protect
|move|p1a: Vileplume|Giga Drain|p2a: Garbodor
|-activate|p2a: Garbodor|move: Protect
|
|-heal|p2a: Garbodor|299\/364|[from] item: Leftovers
|upkeep
|turn|74
|choice|move sleeppowder|move painsplit
|
|move|p2a: Garbodor|Pain Split|p1a: Vileplume
|-sethp|p1a: Vileplume|287\/354|p2a: Garbodor|287\/364|[from] move: Pain Split
|move|p1a: Vileplume|Sleep Powder|p2a: Garbodor|[miss]
|-miss|p1a: Vileplume|p2a: Garbodor
|
|-heal|p2a: Garbodor|309\/364|[from] item: Leftovers
|upkeep
|turn|75
|choice|move sleeppowder|move painsplit
|
|move|p2a: Garbodor|Pain Split|p1a: Vileplume
|-sethp|p1a: Vileplume|298\/354|p2a: Garbodor|298\/364|[from] move: Pain Split
|move|p1a: Vileplume|Sleep Powder|p2a: Garbodor|[miss]
|-miss|p1a: Vileplume|p2a: Garbodor
|
|-heal|p2a: Garbodor|320\/364|[from] item: Leftovers
|upkeep
|turn|76
|choice|move gigadrain|move painsplit
|
|move|p2a: Garbodor|Pain Split|p1a: Vileplume
|-sethp|p1a: Vileplume|309\/354|p2a: Garbodor|309\/364|[from] move: Pain Split
|move|p1a: Vileplume|Giga Drain|p2a: Garbodor
|-resisted|p2a: Garbodor
|-crit|p2a: Garbodor
|-damage|p2a: Garbodor|252\/364
|-heal|p1a: Vileplume|338\/354|[from] drain|[of] p2a: Garbodor
|
|-heal|p2a: Garbodor|274\/364|[from] item: Leftovers
|upkeep
|turn|77
|choice|move gigadrain|move painsplit
|
|move|p2a: Garbodor|Pain Split|p1a: Vileplume
|-sethp|p1a: Vileplume|306\/354|p2a: Garbodor|306\/364|[from] move: Pain Split
|move|p1a: Vileplume|Giga Drain|p2a: Garbodor
|-resisted|p2a: Garbodor
|-damage|p2a: Garbodor|268\/364
|-heal|p1a: Vileplume|325\/354|[from] drain|[of] p2a: Garbodor
|
|-heal|p2a: Garbodor|290\/364|[from] item: Leftovers
|upkeep
|turn|78
|choice|move gigadrain|move painsplit
|
|move|p2a: Garbodor|Pain Split|p1a: Vileplume
|-sethp|p1a: Vileplume|307\/354|p2a: Garbodor|307\/364|[from] move: Pain Split
|move|p1a: Vileplume|Giga Drain|p2a: Garbodor
|-resisted|p2a: Garbodor
|-damage|p2a: Garbodor|267\/364
|-heal|p1a: Vileplume|327\/354|[from] drain|[of] p2a: Garbodor
|
|-heal|p2a: Garbodor|289\/364|[from] item: Leftovers
|upkeep
|turn|79
|choice|move sleeppowder|move painsplit
|
|move|p2a: Garbodor|Pain Split|p1a: Vileplume
|-sethp|p1a: Vileplume|308\/354|p2a: Garbodor|308\/364|[from] move: Pain Split
|move|p1a: Vileplume|Sleep Powder|p2a: Garbodor|[miss]
|-miss|p1a: Vileplume|p2a: Garbodor
|
|-heal|p2a: Garbodor|330\/364|[from] item: Leftovers
|upkeep
|turn|80
|choice|move sleeppowder|move protect
|
|move|p2a: Garbodor|Protect|p2a: Garbodor
|-singleturn|p2a: Garbodor|Protect
|move|p1a: Vileplume|Sleep Powder|p2a: Garbodor
|-activate|p2a: Garbodor|move: Protect
|
|-heal|p2a: Garbodor|352\/364|[from] item: Leftovers
|upkeep
|turn|81
|choice|move moonlight|move protect
|
|move|p2a: Garbodor|Protect|p2a: Garbodor
|-fail|p2a: Garbodor
|move|p1a: Vileplume|Moonlight|p1a: Vileplume
|-heal|p1a: Vileplume|354\/354
|
|-heal|p2a: Garbodor|364\/364|[from] item: Leftovers
|upkeep
|turn|82
|choice|move sleeppowder|move protect
|
|move|p2a: Garbodor|Protect|p2a: Garbodor
|-singleturn|p2a: Garbodor|Protect
|move|p1a: Vileplume|Sleep Powder|p2a: Garbodor
|-activate|p2a: Garbodor|move: Protect
|
|upkeep
|turn|83
|choice|move sleeppowder|move protect
|
|move|p2a: Garbodor|Protect|p2a: Garbodor
|-singleturn|p2a: Garbodor|Protect
|move|p1a: Vileplume|Sleep Powder|p2a: Garbodor
|-activate|p2a: Garbodor|move: Protect
|
|upkeep
|turn|84
|choice|move sleeppowder|move painsplit
|
|move|p2a: Garbodor|Pain Split|p1a: Vileplume
|-sethp|p1a: Vileplume|354\/354|p2a: Garbodor|359\/364|[from] move: Pain Split
|move|p1a: Vileplume|Sleep Powder|p2a: Garbodor
|-message|Sleep Clause Mod activated.
|
|-heal|p2a: Garbodor|364\/364|[from] item: Leftovers
|upkeep
|turn|85
|choice|move sleeppowder|move painsplit
|
|move|p2a: Garbodor|Pain Split|p1a: Vileplume
|-sethp|p1a: Vileplume|354\/354|p2a: Garbodor|359\/364|[from] move: Pain Split
|move|p1a: Vileplume|Sleep Powder|p2a: Garbodor
|-message|Sleep Clause Mod activated.
|
|-heal|p2a: Garbodor|364\/364|[from] item: Leftovers
|upkeep
|turn|86
|choice|move sleeppowder|move painsplit
|
|move|p2a: Garbodor|Pain Split|p1a: Vileplume
|-sethp|p1a: Vileplume|354\/354|p2a: Garbodor|359\/364|[from] move: Pain Split
|move|p1a: Vileplume|Sleep Powder|p2a: Garbodor|[miss]
|-miss|p1a: Vileplume|p2a: Garbodor
|
|-heal|p2a: Garbodor|364\/364|[from] item: Leftovers
|upkeep
|turn|87
|choice|move sleeppowder|move painsplit
|
|move|p2a: Garbodor|Pain Split|p1a: Vileplume
|-sethp|p1a: Vileplume|354\/354|p2a: Garbodor|359\/364|[from] move: Pain Split
|move|p1a: Vileplume|Sleep Powder|p2a: Garbodor
|-message|Sleep Clause Mod activated.
|
|-heal|p2a: Garbodor|364\/364|[from] item: Leftovers
|upkeep
|turn|88
|choice|move sleeppowder|move painsplit
|
|move|p2a: Garbodor|Pain Split|p1a: Vileplume
|-sethp|p1a: Vileplume|354\/354|p2a: Garbodor|359\/364|[from] move: Pain Split
|move|p1a: Vileplume|Sleep Powder|p2a: Garbodor
|-message|Sleep Clause Mod activated.
|
|-heal|p2a: Garbodor|364\/364|[from] item: Leftovers
|upkeep
|turn|89
|choice|move sleeppowder|switch 4
|
|switch|p2a: Kabutops|Kabutops, M|161\/261 slp
|move|p1a: Vileplume|Sleep Powder|p2a: Kabutops
|-fail|p2a: Kabutops|slp
|
|upkeep
|turn|90
|choice|move gigadrain|switch 4
|
|switch|p2a: Garbodor|Garbodor, M|364\/364
|move|p1a: Vileplume|Giga Drain|p2a: Garbodor
|-resisted|p2a: Garbodor
|-damage|p2a: Garbodor|324\/364
|
|-heal|p2a: Garbodor|346\/364|[from] item: Leftovers
|upkeep
|turn|91
|choice|move gigadrain|move painsplit
|
|move|p2a: Garbodor|Pain Split|p1a: Vileplume
|-sethp|p1a: Vileplume|350\/354|p2a: Garbodor|350\/364|[from] move: Pain Split
|move|p1a: Vileplume|Giga Drain|p2a: Garbodor
|-resisted|p2a: Garbodor
|-damage|p2a: Garbodor|311\/364
|-heal|p1a: Vileplume|354\/354|[from] drain|[of] p2a: Garbodor
|
|-heal|p2a: Garbodor|333\/364|[from] item: Leftovers
|upkeep
|turn|92
|choice|move gigadrain|move painsplit
|
|move|p2a: Garbodor|Pain Split|p1a: Vileplume
|-sethp|p1a: Vileplume|343\/354|p2a: Garbodor|343\/364|[from] move: Pain Split
|move|p1a: Vileplume|Giga Drain|p2a: Garbodor
|-resisted|p2a: Garbodor
|-damage|p2a: Garbodor|307\/364
|-heal|p1a: Vileplume|354\/354|[from] drain|[of] p2a: Garbodor
|
|-heal|p2a: Garbodor|329\/364|[from] item: Leftovers
|upkeep
|turn|93
|choice|move sleeppowder|move painsplit
|
|move|p2a: Garbodor|Pain Split|p1a: Vileplume
|-sethp|p1a: Vileplume|341\/354|p2a: Garbodor|341\/364|[from] move: Pain Split
|move|p1a: Vileplume|Sleep Powder|p2a: Garbodor
|-message|Sleep Clause Mod activated.
|
|-heal|p2a: Garbodor|363\/364|[from] item: Leftovers
|upkeep
|turn|94
|choice|move sleeppowder|move painsplit
|
|move|p2a: Garbodor|Pain Split|p1a: Vileplume
|-sethp|p1a: Vileplume|352\/354|p2a: Garbodor|352\/364|[from] move: Pain Split
|move|p1a: Vileplume|Sleep Powder|p2a: Garbodor|[miss]
|-miss|p1a: Vileplume|p2a: Garbodor
|
|-heal|p2a: Garbodor|364\/364|[from] item: Leftovers
|upkeep
|turn|95
|choice|move gigadrain|move painsplit
|
|move|p2a: Garbodor|Pain Split|p1a: Vileplume
|-sethp|p1a: Vileplume|354\/354|p2a: Garbodor|358\/364|[from] move: Pain Split
|move|p1a: Vileplume|Giga Drain|p2a: Garbodor
|-resisted|p2a: Garbodor
|-damage|p2a: Garbodor|319\/364
|
|-heal|p2a: Garbodor|341\/364|[from] item: Leftovers
|upkeep
|turn|96
|choice|move sleeppowder|move painsplit
|
|move|p2a: Garbodor|Pain Split|p1a: Vileplume
|-sethp|p1a: Vileplume|347\/354|p2a: Garbodor|347\/364|[from] move: Pain Split
|move|p1a: Vileplume|Sleep Powder|p2a: Garbodor
|-message|Sleep Clause Mod activated.
|
|-heal|p2a: Garbodor|364\/364|[from] item: Leftovers
|upkeep
|turn|97
|choice|move sleeppowder|switch 4
|
|switch|p2a: Kabutops|Kabutops, M|161\/261 slp
|move|p1a: Vileplume|Sleep Powder|p2a: Kabutops
|-fail|p2a: Kabutops|slp
|
|upkeep
|turn|98
|choice|move moonlight|switch 4
|
|switch|p2a: Garbodor|Garbodor, M|364\/364
|move|p1a: Vileplume|Moonlight|p1a: Vileplume
|-heal|p1a: Vileplume|354\/354
|
|upkeep
|turn|99
|choice|move moonlight|move painsplit
|
|move|p2a: Garbodor|Pain Split|p1a: Vileplume
|-sethp|p1a: Vileplume|354\/354|p2a: Garbodor|359\/364|[from] move: Pain Split
|move|p1a: Vileplume|Moonlight|p1a: Vileplume
|
|-heal|p2a: Garbodor|364\/364|[from] item: Leftovers
|upkeep
|turn|100
|choice|move gigadrain|switch 4
|
|switch|p2a: Kabutops|Kabutops, M|161\/261 slp
|move|p1a: Vileplume|Giga Drain|p2a: Kabutops
|-supereffective|p2a: Kabutops
|-damage|p2a: Kabutops|0 fnt
|faint|p2a: Kabutops
|
|upkeep
|c|★thomb2|noooooooooooooooooooooooooooooooooooooooooooooooooooooooo
|c|★thomb2|gg
|c|★R∅derick|yeeeeeeeeeesssssss
|c|★R∅derick|HAHAHAHA
|c|★R∅derick|PREDICT XDDDDD
|c|★thomb2|it was the worst game i have ever played
|-message|thomb2 forfeited.
|
|win|R∅derick
|player|p1
|player|p2
|l|thomb2</script>
</div>
<div class="battle-log battle-log-inline"><div class="inner"><div class="battle-options"></div><div class="inner"><div class="chat"><small>R∅derick joined.</small></div><div class="chat"><small>thomb2 joined.</small></div><div class=""><small>Format:</small> <br><strong>NU</strong></div><div class="rated"><strong>Rated battle</strong></div><div class=""><small><em>Sleep Clause Mod:</em> Limit one foe put to sleep</small></div><div class=""><small><em>Species Clause:</em> Limit one of each Pokémon</small></div><div class=""><small><em>OHKO Clause:</em> OHKO moves are banned</small></div><div class=""><small><em>Moody Clause:</em> Moody is banned</small></div><div class=""><small><em>Evasion Moves Clause:</em> Evasion moves are banned</small></div><div class=""><small><em>Endless Battle Clause:</em> Forcing endless battles is banned</small></div><div class=""><small><em>HP Percentage Mod:</em> HP is shown in percentages</small></div><div class=""><small><em>Swagger Clause:</em> Swagger is banned</small></div><div class=""><small><em>Baton Pass Clause:</em> Limit one Baton Passer, can't pass Spe and other stats simultaneously</small></div><div class="chat battle-history"><strong>R∅derick's team:</strong> <em style="color:#445566;display:block;">Mismagius / Vileplume / Magmortar / Lapras / Audino / Xatu</em></div><div class="chat battle-history"><strong>thomb2's team:</strong> <em style="color:#445566;display:block;">Hariyama / Malamar / Xatu / Kabutops / Sandslash / Garbodor</em></div><div class="spacer battle-history"><br></div><div class="battle-history">Battle started between R∅derick and thomb2!<br></div><div class="spacer battle-history"><br></div><div class="battle-history">Go! H∅rick (<strong>Xatu</strong>)!<br></div><div class="spacer battle-history"><br></div><div class="battle-history">thomb2 sent out <strong>Sandslash</strong>!<br></div><div class="spacer battle-history"><br></div><h2 class="battle-history">Turn 1</h2><div class="spacer battle-history"><br></div><div class="battle-history">H∅rick used <strong>Confuse Ray</strong>!<br></div><div class="battle-history"><small>The opposing Sandslash became confused!</small><br></div><div class="spacer battle-history"><br></div><div class="battle-history"><small>The opposing Sandslash is confused!</small><br></div><div class="battle-history">The opposing Sandslash used <strong>Stone Edge</strong>!<br></div><div class="battle-history"><small>It's super effective!</small><br></div><div class="battle-history"><small>A critical hit!</small><br></div><div class="battle-history"><small>(H∅rick lost <abbr title="−250/334">74.9%</abbr> of its health!)</small><br></div><div class="spacer battle-history"><br></div><h2 class="battle-history">Turn 2</h2><div class="spacer battle-history"><br></div><div class="battle-history">H∅rick used <strong>Roost</strong>!<br></div><div class="battle-history"><small>H∅rick restored its HP.</small><br></div><div class="spacer battle-history"><br></div><div class="battle-history"><small>The opposing Sandslash is confused!</small><br></div><div class="battle-history">It hurt itself in its confusion!<br></div><div class="spacer battle-history"><br></div><div class="battle-history"><small>The opposing Sandslash restored a little HP using its Leftovers!</small><br></div><div class="spacer battle-history"><br></div><h2 class="battle-history">Turn 3</h2><div class="spacer battle-history"><br></div><div class="battle-history">H∅rick used <strong>Psychic</strong>!<br></div><div class="battle-history"><small>(The opposing Sandslash lost <abbr title="−160/354">45.2%</abbr> of its health!)</small><br></div><div class="spacer battle-history"><br></div><div class="battle-history"><small>The opposing Sandslash is confused!</small><br></div><div class="battle-history">The opposing Sandslash used <strong>Stone Edge</strong>!<br></div><div class="battle-history"><small>H∅rick avoided the attack!</small><br></div><div class="spacer battle-history"><br></div><div class="battle-history"><small>The opposing Sandslash restored a little HP using its Leftovers!</small><br></div><div class="spacer battle-history"><br></div><h2 class="battle-history">Turn 4</h2><div class="spacer battle-history"><br></div><div class="battle-history">thomb2 withdrew Sandslash!<br></div><div class="battle-history">thomb2 sent out <strong>Malamar</strong>!<br></div><div class="spacer battle-history"><br></div><div class="battle-history">H∅rick used <strong>Psychic</strong>!<br></div><div class="battle-history"><small>It doesn't affect the opposing Malamar...</small><br></div><div class="spacer battle-history"><br></div><h2 class="battle-history">Turn 5</h2><div class="spacer battle-history"><br></div><div class="battle-history">H∅rick used <strong>Thunder Wave</strong>!<br></div><div class="battle-history"><small>The opposing Malamar is paralyzed! It may be unable to move!</small><br></div><div class="spacer battle-history"><br></div><div class="battle-history">The opposing Malamar used <strong>Knock Off</strong>!<br></div><div class="battle-history"><small>It's super effective!</small><br></div><div class="battle-history"><small>(H∅rick lost <abbr title="−251/334">75.1%</abbr> of its health!)</small><br></div><div class="battle-history"><small>The opposing Malamar was hurt by the Rocky Helmet!</small><br></div><div class="battle-history"><small>The opposing Malamar knocked off H∅rick's Rocky Helmet!</small><br></div><div class="spacer battle-history"><br></div><div class="battle-history">H∅rick fainted!<br></div><div class="spacer battle-history"><br></div><div class="battle-history"><small>The opposing Malamar restored a little HP using its Leftovers!</small><br></div><div class="spacer battle-history"><br></div><div class="battle-history">Go! <strong>Audino</strong>!<br></div><div class="spacer battle-history"><br></div><h2 class="battle-history">Turn 6</h2><div class="spacer battle-history"><br></div><div class="battle-history"><small>Audino's Audinite is reacting to R∅derick's Mega Bracelet!</small><br>Audino has Mega Evolved into Mega Audino!<br></div><div class="spacer battle-history"><br></div><div class="battle-history">Audino used <strong>Calm Mind</strong>!<br></div><div class="battle-history"><small>Audino's Special Attack rose!</small><br></div><div class="battle-history"><small>Audino's Special Defense rose!</small><br></div><div class="spacer battle-history"><br></div><div class="battle-history">The opposing Malamar used <strong>Superpower</strong>!<br></div><div class="battle-history"><small>(Audino lost <abbr title="−83/410">20.2%</abbr> of its health!)</small><br></div><div class="battle-history"><small>The opposing Malamar's Attack rose!</small><br></div><div class="battle-history"><small>The opposing Malamar's Defense rose!</small><br></div><div class="spacer battle-history"><br></div><div class="battle-history"><small>The opposing Malamar restored a little HP using its Leftovers!</small><br></div><div class="spacer battle-history"><br></div><h2 class="battle-history">Turn 7</h2><div class="spacer battle-history"><br></div><div class="battle-history">Audino used <strong>Dazzling Gleam</strong>!<br></div><div class="battle-history"><small>It's super effective!</small><br></div><div class="battle-history"><small>(The opposing Malamar lost <abbr title="−296/314">94.3%</abbr> of its health!)</small><br></div><div class="spacer battle-history"><br></div><div class="battle-history">The opposing Malamar used <strong>Superpower</strong>!<br></div><div class="battle-history"><small>(Audino lost <abbr title="−113/410">27.6%</abbr> of its health!)</small><br></div><div class="battle-history"><small>The opposing Malamar's Attack rose!</small><br></div><div class="battle-history"><small>The opposing Malamar's Defense rose!</small><br></div><div class="spacer battle-history"><br></div><div class="battle-history"><small>The opposing Malamar restored a little HP using its Leftovers!</small><br></div><div class="spacer battle-history"><br></div><h2 class="battle-history">Turn 8</h2><div class="spacer battle-history"><br></div><div class="battle-history">Audino used <strong>Dazzling Gleam</strong>!<br></div><div class="battle-history"><small>It's super effective!</small><br></div><div class="battle-history"><small>(The opposing Malamar lost <abbr title="−23/314">7.3%</abbr> of its health!)</small><br></div><div class="spacer battle-history"><br></div><div class="battle-history">The opposing Malamar fainted!<br></div><div class="spacer battle-history"><br></div><div class="battle-history">thomb2 sent out <strong>Garbodor</strong>!<br></div><div class="spacer battle-history"><br></div><h2 class="battle-history">Turn 9</h2><div class="spacer battle-history"><br></div><div class="battle-history">The opposing Garbodor used <strong>Gunk Shot</strong>!<br></div><div class="battle-history"><small>It's super effective!</small><br></div><div class="battle-history"><small>(Audino lost <abbr title="−180/410">43.9%</abbr> of its health!)</small><br></div><div class="spacer battle-history"><br></div><div class="battle-history">Audino used <strong>Wish</strong>!<br></div><div class="spacer battle-history"><br></div><h2 class="battle-history">Turn 10</h2><div class="spacer battle-history"><br></div><div class="battle-history">Audino, come back!<br></div><div class="battle-history">Go! <strong>Vileplume</strong>!<br></div><div class="spacer battle-history"><br></div><div class="battle-history">The opposing Garbodor used <strong>Gunk Shot</strong>!<br></div><div class="battle-history"><small>(Vileplume lost <abbr title="−102/354">28.8%</abbr> of its health!)</small><br></div><div class="spacer battle-history"><br></div><div class="battle-history"><small>Audino's wish came true!</small><br></div><div class="spacer battle-history"><br></div><h2 class="battle-history">Turn 11</h2><div class="spacer battle-history"><br></div><div class="battle-history">thomb2 withdrew Garbodor!<br></div><div class="battle-history">thomb2 sent out <strong>Xatu</strong>!<br></div><div class="spacer battle-history"><br></div><div class="battle-history">Vileplume used <strong>Sleep Powder</strong>!<br></div><div class="spacer battle-history"><br></div><div class="battle-history"><small>[The opposing Xatu's Magic Bounce]</small><br>The opposing Xatu bounced the Sleep Powder back!<br></div><div class="battle-history"><small>It doesn't affect Vileplume...</small><br></div><div class="spacer battle-history"><br></div><h2 class="battle-history">Turn 12</h2><div class="spacer battle-history"><br></div><div class="battle-history">Vileplume, come back!<br></div><div class="battle-history">Go! <strong>Lapras</strong>!<br></div><div class="spacer battle-history"><br></div><div class="battle-history">The opposing Xatu used <strong>Psychic</strong>!<br></div><div class="battle-history"><small>(Lapras lost <abbr title="−147/431">34.1%</abbr> of its health!)</small><br></div><div class="spacer battle-history"><br></div><div class="battle-history"><small>Lapras restored a little HP using its Leftovers!</small><br></div><div class="spacer battle-history"><br></div><h2 class="battle-history">Turn 13</h2><div class="spacer battle-history"><br></div><div class="battle-history">thomb2 withdrew Xatu!<br></div><div class="battle-history">thomb2 sent out <strong>Hariyama</strong>!<br></div><div class="spacer battle-history"><br></div><div class="battle-history">Lapras used <strong>Ice Beam</strong>!<br></div><div class="battle-history"><small>(The opposing Hariyama lost <abbr title="−211/492">42.9%</abbr> of its health!)</small><br></div><div class="spacer battle-history"><br></div><div class="battle-history"><small>Lapras restored a little HP using its Leftovers!</small><br></div><div class="spacer battle-history"><br></div><h2 class="battle-history">Turn 14</h2><div class="spacer battle-history"><br></div><div class="battle-history">The opposing Hariyama used <strong>Fake Out</strong>!<br></div><div class="battle-history"><small>(Lapras lost <abbr title="−79/431">18.3%</abbr> of its health!)</small><br></div><div class="battle-history"><small>The opposing Hariyama lost some of its HP!</small><br></div><div class="spacer battle-history"><br></div><div class="battle-history">Lapras flinched and couldn't move!<br></div><div class="spacer battle-history"><br></div><div class="battle-history"><small>Lapras restored a little HP using its Leftovers!</small><br></div><div class="spacer battle-history"><br></div><h2 class="battle-history">Turn 15</h2><div class="spacer battle-history"><br></div><div class="battle-history">Lapras used <strong>Hydro Pump</strong>!<br></div><div class="battle-history"><small>(The opposing Hariyama lost <abbr title="−232/492">47.2%</abbr> of its health!)</small><br></div><div class="spacer battle-history"><br></div><div class="battle-history">The opposing Hariyama fainted!<br></div><div class="spacer battle-history"><br></div><div class="battle-history"><small>Lapras restored a little HP using its Leftovers!</small><br></div><div class="spacer battle-history"><br></div><div class="battle-history">thomb2 sent out <strong>Garbodor</strong>!<br></div><div class="spacer battle-history"><br></div><h2 class="battle-history">Turn 16</h2><div class="spacer battle-history"><br></div><div class="battle-history">Lapras used <strong>Ice Beam</strong>!<br></div><div class="battle-history"><small>(The opposing Garbodor lost <abbr title="−103/364">28.3%</abbr> of its health!)</small><br></div><div class="spacer battle-history"><br></div><div class="battle-history">The opposing Garbodor used <strong>Toxic</strong>!<br></div><div class="battle-history"><small>Lapras was badly poisoned!</small><br></div><div class="spacer battle-history"><br></div><div class="battle-history"><small>Lapras restored a little HP using its Leftovers!</small><br></div><div class="battle-history"><small>The opposing Garbodor restored a little HP using its Leftovers!</small><br></div><div class="battle-history"><small>Lapras was hurt by poison!</small><br></div><div class="spacer battle-history"><br></div><h2 class="battle-history">Turn 17</h2><div class="spacer battle-history"><br></div><div class="battle-history">Lapras used <strong>Ice Beam</strong>!<br></div><div class="battle-history"><small>(The opposing Garbodor lost <abbr title="−108/364">29.7%</abbr> of its health!)</small><br></div><div class="spacer battle-history"><br></div><div class="battle-history">The opposing Garbodor used <strong>Gunk Shot</strong>!<br></div><div class="battle-history"><small>(Lapras lost <abbr title="−171/431">39.7%</abbr> of its health!)</small><br></div><div class="spacer battle-history"><br></div><div class="battle-history"><small>Lapras restored a little HP using its Leftovers!</small><br></div><div class="battle-history"><small>The opposing Garbodor restored a little HP using its Leftovers!</small><br></div><div class="battle-history"><small>Lapras was hurt by poison!</small><br></div><div class="spacer battle-history"><br></div><h2 class="battle-history">Turn 18</h2><div class="spacer battle-history"><br></div><div class="battle-history">The opposing Garbodor used <strong>Protect</strong>!<br></div><div class="battle-history"><small>The opposing Garbodor protected itself!</small><br></div><div class="spacer battle-history"><br></div><div class="battle-history">Lapras used <strong>Rest</strong>!<br></div><div class="battle-history"><small>Lapras fell asleep!</small><br></div><div class="battle-history"><small>Lapras slept and became healthy!</small><br></div><div class="spacer battle-history"><br></div><div class="battle-history"><small>The opposing Garbodor restored a little HP using its Leftovers!</small><br></div><div class="spacer battle-history"><br></div><h2 class="battle-history">Turn 19</h2><div class="spacer battle-history"><br></div><div class="battle-history">Lapras is fast asleep.<br></div><div class="spacer battle-history"><br></div><div class="battle-history">Lapras used <strong>Sleep Talk</strong>!<br></div><div class="spacer battle-history"><br></div><div class="battle-history">Lapras used <strong>Hydro Pump</strong>!<br></div><div class="battle-history"><small>(The opposing Garbodor lost <abbr title="−123/364">33.8%</abbr> of its health!)</small><br></div><div class="spacer battle-history"><br></div><div class="battle-history">The opposing Garbodor used <strong>Pain Split</strong>!<br></div><div class="battle-history"><small>The battlers shared their pain!</small><br></div><div class="spacer battle-history"><br></div><div class="battle-history"><small>Lapras restored a little HP using its Leftovers!</small><br></div><div class="battle-history"><small>The opposing Garbodor restored a little HP using its Leftovers!</small><br></div><div class="spacer battle-history"><br></div><h2 class="battle-history">Turn 20</h2><div class="spacer battle-history"><br></div><div class="battle-history">Lapras is fast asleep.<br></div><div class="spacer battle-history"><br></div><div class="battle-history">Lapras used <strong>Sleep Talk</strong>!<br></div><div class="spacer battle-history"><br></div><div class="battle-history">Lapras used <strong>Hydro Pump</strong>!<br></div><div class="battle-history"><small>(The opposing Garbodor lost <abbr title="−138/364">37.9%</abbr> of its health!)</small><br></div><div class="spacer battle-history"><br></div><div class="battle-history">The opposing Garbodor used <strong>Gunk Shot</strong>!<br></div><div class="battle-history"><small>(Lapras lost <abbr title="−159/431">36.9%</abbr> of its health!)</small><br></div><div class="spacer battle-history"><br></div><div class="battle-history"><small>Lapras restored a little HP using its Leftovers!</small><br></div><div class="battle-history"><small>The opposing Garbodor restored a little HP using its Leftovers!</small><br></div><div class="spacer battle-history"><br></div><h2 class="battle-history">Turn 21</h2><div class="spacer battle-history"><br></div><div class="battle-history"><small>Lapras woke up!</small><br></div><div class="spacer battle-history"><br></div><div class="battle-history">Lapras used <strong>Rest</strong>!<br></div><div class="battle-history"><small>Lapras fell asleep!</small><br></div><div class="battle-history"><small>Lapras slept and became healthy!</small><br></div><div class="spacer battle-history"><br></div><div class="battle-history">The opposing Garbodor used <strong>Gunk Shot</strong>!<br></div><div class="battle-history"><small>(Lapras lost <abbr title="−171/431">39.7%</abbr> of its health!)</small><br></div><div class="spacer battle-history"><br></div><div class="battle-history"><small>Lapras restored a little HP using its Leftovers!</small><br></div><div class="battle-history"><small>The opposing Garbodor restored a little HP using its Leftovers!</small><br></div><div class="spacer battle-history"><br></div><h2 class="battle-history">Turn 22</h2><div class="spacer battle-history"><br></div><div class="battle-history">Lapras is fast asleep.<br></div><div class="spacer battle-history"><br></div><div class="battle-history">Lapras used <strong>Sleep Talk</strong>!<br></div><div class="spacer battle-history"><br></div><div class="battle-history">Lapras used <strong>Ice Beam</strong>!<br></div><div class="battle-history"><small>(The opposing Garbodor lost <abbr title="−100/364">27.5%</abbr> of its health!)</small><br></div><div class="spacer battle-history"><br></div><div class="battle-history">The opposing Garbodor used <strong>Gunk Shot</strong>!<br></div><div class="battle-history"><small>Lapras avoided the attack!</small><br></div><div class="spacer battle-history"><br></div><div class="battle-history"><small>Lapras restored a little HP using its Leftovers!</small><br></div><div class="battle-history"><small>The opposing Garbodor restored a little HP using its Leftovers!</small><br></div><div class="spacer battle-history"><br></div><h2 class="battle-history">Turn 23</h2><div class="spacer battle-history"><br></div><div class="battle-history">Lapras is fast asleep.<br></div><div class="spacer battle-history"><br></div><div class="battle-history">Lapras used <strong>Sleep Talk</strong>!<br></div><div class="spacer battle-history"><br></div><div class="battle-history">Lapras used <strong>Rest</strong>!<br></div><div class="battle-history"><small>But it failed!</small><br></div><div class="spacer battle-history"><br></div><div class="battle-history">The opposing Garbodor used <strong>Pain Split</strong>!<br></div><div class="battle-history"><small>The battlers shared their pain!</small><br></div><div class="spacer battle-history"><br></div><div class="battle-history"><small>Lapras restored a little HP using its Leftovers!</small><br></div><div class="battle-history"><small>The opposing Garbodor restored a little HP using its Leftovers!</small><br></div><div class="spacer battle-history"><br></div><h2 class="battle-history">Turn 24</h2><div class="spacer battle-history"><br></div><div class="battle-history"><small>Lapras woke up!</small><br></div><div class="spacer battle-history"><br></div><div class="battle-history">Lapras used <strong>Ice Beam</strong>!<br></div><div class="battle-history"><small>(The opposing Garbodor lost <abbr title="−108/364">29.7%</abbr> of its health!)</small><br></div><div class="spacer battle-history"><br></div><div class="battle-history">The opposing Garbodor used <strong>Gunk Shot</strong>!<br></div><div class="battle-history"><small>(Lapras lost <abbr title="−154/431">35.7%</abbr> of its health!)</small><br></div><div class="spacer battle-history"><br></div><div class="battle-history"><small>Lapras restored a little HP using its Leftovers!</small><br></div><div class="battle-history"><small>The opposing Garbodor restored a little HP using its Leftovers!</small><br></div><div class="spacer battle-history"><br></div><h2 class="battle-history">Turn 25</h2><div class="spacer battle-history"><br></div><div class="battle-history">Lapras used <strong>Rest</strong>!<br></div><div class="battle-history"><small>Lapras fell asleep!</small><br></div><div class="battle-history"><small>Lapras slept and became healthy!</small><br></div><div class="spacer battle-history"><br></div><div class="battle-history">The opposing Garbodor used <strong>Pain Split</strong>!<br></div><div class="battle-history"><small>The battlers shared their pain!</small><br></div><div class="spacer battle-history"><br></div><div class="battle-history"><small>Lapras restored a little HP using its Leftovers!</small><br></div><div class="battle-history"><small>The opposing Garbodor restored a little HP using its Leftovers!</small><br></div><div class="spacer battle-history"><br></div><h2 class="battle-history">Turn 26</h2><div class="spacer battle-history"><br></div><div class="battle-history">The opposing Garbodor used <strong>Protect</strong>!<br></div><div class="battle-history"><small>The opposing Garbodor protected itself!</small><br></div><div class="spacer battle-history"><br></div><div class="battle-history">Lapras is fast asleep.<br></div><div class="spacer battle-history"><br></div><div class="battle-history">Lapras used <strong>Sleep Talk</strong>!<br></div><div class="spacer battle-history"><br></div><div class="battle-history">Lapras used <strong>Rest</strong>!<br></div><div class="battle-history"><small>But it failed!</small><br></div><div class="spacer battle-history"><br></div><div class="battle-history"><small>Lapras restored a little HP using its Leftovers!</small><br></div><div class="battle-history"><small>The opposing Garbodor restored a little HP using its Leftovers!</small><br></div><div class="spacer battle-history"><br></div><h2 class="battle-history">Turn 27</h2><div class="spacer battle-history"><br></div><div class="battle-history">Lapras is fast asleep.<br></div><div class="spacer battle-history"><br></div><div class="battle-history">Lapras used <strong>Sleep Talk</strong>!<br></div><div class="spacer battle-history"><br></div><div class="battle-history">Lapras used <strong>Rest</strong>!<br></div><div class="battle-history"><small>But it failed!</small><br></div><div class="spacer battle-history"><br></div><div class="battle-history">The opposing Garbodor used <strong>Gunk Shot</strong>!<br></div><div class="battle-history"><small>A critical hit!</small><br></div><div class="battle-history"><small>(Lapras lost <abbr title="−243/431">56.4%</abbr> of its health!)</small><br></div><div class="spacer battle-history"><br></div><div class="battle-history"><small>Lapras restored a little HP using its Leftovers!</small><br></div><div class="battle-history"><small>The opposing Garbodor restored a little HP using its Leftovers!</small><br></div><div class="spacer battle-history"><br></div><h2 class="battle-history">Turn 28</h2><div class="spacer battle-history"><br></div><div class="battle-history"><small>Lapras woke up!</small><br></div><div class="spacer battle-history"><br></div><div class="battle-history">Lapras used <strong>Rest</strong>!<br></div><div class="battle-history"><small>Lapras fell asleep!</small><br></div><div class="battle-history"><small>Lapras slept and became healthy!</small><br></div><div class="spacer battle-history"><br></div><div class="battle-history">The opposing Garbodor used <strong>Toxic</strong>!<br></div><div class="battle-history"><small>But it failed!</small><br></div><div class="spacer battle-history"><br></div><div class="battle-history"><small>The opposing Garbodor restored a little HP using its Leftovers!</small><br></div><div class="spacer battle-history"><br></div><h2 class="battle-history">Turn 29</h2><div class="spacer battle-history"><br></div><div class="battle-history">Lapras, come back!<br></div><div class="battle-history">Go! <strong>Magmortar</strong>!<br></div><div class="spacer battle-history"><br></div><div class="battle-history">The opposing Garbodor used <strong>Protect</strong>!<br></div><div class="battle-history"><small>But it failed!</small><br></div><div class="spacer battle-history"><br></div><h2 class="battle-history">Turn 30</h2><div class="spacer battle-history"><br></div><div class="battle-history">thomb2 withdrew Garbodor!<br></div><div class="battle-history">thomb2 sent out <strong>Sandslash</strong>!<br></div><div class="spacer battle-history"><br></div><div class="battle-history">Magmortar used <strong>Earthquake</strong>!<br></div><div class="battle-history"><small>(The opposing Sandslash lost <abbr title="−46/354">13.0%</abbr> of its health!)</small><br></div><div class="spacer battle-history"><br></div><div class="battle-history"><small>The opposing Sandslash restored a little HP using its Leftovers!</small><br></div><div class="spacer battle-history"><br></div><h2 class="battle-history">Turn 31</h2><div class="spacer battle-history"><br></div><div class="battle-history">Magmortar, come back!<br></div><div class="battle-history">Go! <strong>Mismagius</strong>!<br></div><div class="spacer battle-history"><br></div><div class="battle-history">The opposing Sandslash used <strong>Stealth Rock</strong>!<br></div><div class="battle-history"><small>Pointed stones float in the air around your team!</small><br></div><div class="spacer battle-history"><br></div><div class="battle-history"><small>The opposing Sandslash restored a little HP using its Leftovers!</small><br></div><div class="spacer battle-history"><br></div><h2 class="battle-history">Turn 32</h2><div class="spacer battle-history"><br></div><div class="battle-history">Mismagius used <strong>Will-O-Wisp</strong>!<br></div><div class="battle-history"><small>The opposing Sandslash was burned!</small><br></div><div class="spacer battle-history"><br></div><div class="battle-history">The opposing Sandslash used <strong>Stone Edge</strong>!<br></div><div class="battle-history"><small>Mismagius avoided the attack!</small><br></div><div class="spacer battle-history"><br></div><div class="battle-history"><small>The opposing Sandslash restored a little HP using its Leftovers!</small><br></div><div class="battle-history"><small>The opposing Sandslash was hurt by its burn!</small><br></div><div class="spacer battle-history"><br></div><h2 class="battle-history">Turn 33</h2><div class="spacer battle-history"><br></div><div class="battle-history">Mismagius used <strong>Hex</strong>!<br></div><div class="battle-history"><small>(The opposing Sandslash lost <abbr title="−190/354">53.7%</abbr> of its health!)</small><br></div><div class="spacer battle-history"><br></div><div class="battle-history">The opposing Sandslash fainted!<br></div><div class="spacer battle-history"><br></div><div class="battle-history">thomb2 sent out <strong>Garbodor</strong>!<br></div><div class="spacer battle-history"><br></div><h2 class="battle-history">Turn 34</h2><div class="spacer battle-history"><br></div><div class="battle-history">Mismagius used <strong>Hex</strong>!<br></div><div class="battle-history"><small>(The opposing Garbodor lost <abbr title="−67/364">18.4%</abbr> of its health!)</small><br></div><div class="spacer battle-history"><br></div><div class="battle-history">The opposing Garbodor used <strong>Toxic</strong>!<br></div><div class="battle-history"><small>Mismagius was badly poisoned!</small><br></div><div class="spacer battle-history"><br></div><div class="battle-history"><small>The opposing Garbodor restored a little HP using its Leftovers!</small><br></div><div class="battle-history"><small>Mismagius was hurt by poison!</small><br></div><div class="spacer battle-history"><br></div><h2 class="battle-history">Turn 35</h2><div class="spacer battle-history"><br></div><div class="battle-history">The opposing Garbodor used <strong>Protect</strong>!<br></div><div class="battle-history"><small>The opposing Garbodor protected itself!</small><br></div><div class="spacer battle-history"><br></div><div class="battle-history">Mismagius used <strong>Will-O-Wisp</strong>!<br></div><div class="battle-history"><small>The opposing Garbodor protected itself!</small><br></div><div class="spacer battle-history"><br></div><div class="battle-history"><small>The opposing Garbodor restored a little HP using its Leftovers!</small><br></div><div class="battle-history"><small>Mismagius was hurt by poison!</small><br></div><div class="spacer battle-history"><br></div><h2 class="battle-history">Turn 36</h2><div class="spacer battle-history"><br></div><div class="battle-history">thomb2 withdrew Garbodor!<br></div><div class="battle-history">thomb2 sent out <strong>Xatu</strong>!<br></div><div class="spacer battle-history"><br></div><div class="battle-history">Mismagius used <strong>Will-O-Wisp</strong>!<br></div><div class="spacer battle-history"><br></div><div class="battle-history"><small>[The opposing Xatu's Magic Bounce]</small><br>The opposing Xatu bounced the Will-O-Wisp back!<br></div><div class="battle-history"><small>But it failed!</small><br></div><div class="spacer battle-history"><br></div><div class="battle-history"><small>Mismagius was hurt by poison!</small><br></div><div class="spacer battle-history"><br></div><h2 class="battle-history">Turn 37</h2><div class="spacer battle-history"><br></div><div class="battle-history">thomb2 withdrew Xatu!<br></div><div class="battle-history">thomb2 sent out <strong>Garbodor</strong>!<br></div><div class="spacer battle-history"><br></div><div class="battle-history">Mismagius used <strong>Destiny Bond</strong>!<br></div><div class="battle-history">Mismagius is hoping to take its attacker down with it!<br></div><div class="spacer battle-history"><br></div><div class="battle-history"><small>The opposing Garbodor restored a little HP using its Leftovers!</small><br></div><div class="battle-history"><small>Mismagius was hurt by poison!</small><br></div><div class="spacer battle-history"><br></div><h2 class="battle-history">Turn 38</h2><div class="spacer battle-history"><br></div><div class="battle-history">Mismagius, come back!<br></div><div class="battle-history">Go! <strong>Magmortar</strong>!<br></div><div class="battle-history"><small>Pointed stones dug into Magmortar!</small><br></div><div class="spacer battle-history"><br></div><div class="battle-history">The opposing Garbodor used <strong>Protect</strong>!<br></div><div class="battle-history"><small>But it failed!</small><br></div><div class="spacer battle-history"><br></div><div class="battle-history"><small>The opposing Garbodor restored a little HP using its Leftovers!</small><br></div><div class="spacer battle-history"><br></div><h2 class="battle-history">Turn 39</h2><div class="spacer battle-history"><br></div><div class="battle-history">Magmortar used <strong>Fire Blast</strong>!<br></div><div class="battle-history"><small>The opposing Garbodor avoided the attack!</small><br></div><div class="spacer battle-history"><br></div><div class="battle-history">The opposing Garbodor used <strong>Toxic</strong>!<br></div><div class="battle-history"><small>Magmortar was badly poisoned!</small><br></div><div class="spacer battle-history"><br></div><div class="battle-history"><small>Magmortar was hurt by poison!</small><br></div><div class="spacer battle-history"><br></div><h2 class="battle-history">Turn 40</h2><div class="spacer battle-history"><br></div><div class="battle-history">The opposing Garbodor used <strong>Protect</strong>!<br></div><div class="battle-history"><small>The opposing Garbodor protected itself!</small><br></div><div class="spacer battle-history"><br></div><div class="battle-history">Magmortar used <strong>Fire Blast</strong>!<br></div><div class="battle-history"><small>The opposing Garbodor protected itself!</small><br></div><div class="spacer battle-history"><br></div><div class="battle-history"><small>Magmortar was hurt by poison!</small><br></div><div class="spacer battle-history"><br></div><h2 class="battle-history">Turn 41</h2><div class="spacer battle-history"><br></div><div class="battle-history">thomb2 withdrew Garbodor!<br></div><div class="battle-history">thomb2 sent out <strong>Kabutops</strong>!<br></div><div class="spacer battle-history"><br></div><div class="battle-history">Magmortar used <strong>Fire Blast</strong>!<br></div><div class="battle-history"><small>It's not very effective...</small><br></div><div class="battle-history"><small>A critical hit!</small><br></div><div class="battle-history"><small>(The opposing Kabutops lost <abbr title="−100/261">38.3%</abbr> of its health!)</small><br></div><div class="spacer battle-history"><br></div><div class="battle-history"><small>Magmortar was hurt by poison!</small><br></div><div class="spacer battle-history"><br></div><h2 class="battle-history">Turn 42</h2><div class="spacer battle-history"><br></div><div class="battle-history">The opposing Kabutops used <strong>Aqua Jet</strong>!<br></div><div class="battle-history"><small>It's super effective!</small><br></div><div class="battle-history"><small>(Magmortar lost <abbr title="−117/307">38.1%</abbr> of its health!)</small><br></div><div class="spacer battle-history"><br></div><div class="battle-history">Magmortar fainted!<br></div><div class="spacer battle-history"><br></div><div class="battle-history">Go! <strong>Vileplume</strong>!<br></div><div class="battle-history"><small>Pointed stones dug into Vileplume!</small><br></div><div class="spacer battle-history"><br></div><h2 class="battle-history">Turn 43</h2><div class="spacer battle-history"><br></div><div class="battle-history">thomb2 withdrew Kabutops!<br></div><div class="battle-history">thomb2 sent out <strong>Xatu</strong>!<br></div><div class="spacer battle-history"><br></div><div class="battle-history">Vileplume used <strong>Sleep Powder</strong>!<br></div><div class="spacer battle-history"><br></div><div class="battle-history"><small>[The opposing Xatu's Magic Bounce]</small><br>The opposing Xatu bounced the Sleep Powder back!<br></div><div class="battle-history"><small>It doesn't affect Vileplume...</small><br></div><div class="spacer battle-history"><br></div><div class="battle-history"><small>Vileplume restored a little HP using its Black Sludge!</small><br></div><div class="spacer battle-history"><br></div><h2 class="battle-history">Turn 44</h2><div class="spacer battle-history"><br></div><div class="battle-history">Vileplume, come back!<br></div><div class="battle-history">Go! <strong>Lapras</strong>!<br></div><div class="battle-history"><small>Pointed stones dug into Lapras!</small><br></div><div class="spacer battle-history"><br></div><div class="battle-history">The opposing Xatu used <strong>Psychic</strong>!<br></div><div class="battle-history"><small>(Lapras lost <abbr title="−127/431">29.5%</abbr> of its health!)</small><br></div><div class="spacer battle-history"><br></div><div class="battle-history"><small>Lapras restored a little HP using its Leftovers!</small><br></div><div class="spacer battle-history"><br></div><h2 class="battle-history">Turn 45</h2><div class="spacer battle-history"><br></div><div class="battle-history">The opposing Xatu used <strong>Psychic</strong>!<br></div><div class="battle-history"><small>(Lapras lost <abbr title="−124/431">28.8%</abbr> of its health!)</small><br></div><div class="spacer battle-history"><br></div><div class="battle-history">Lapras is fast asleep.<br></div><div class="spacer battle-history"><br></div><div class="battle-history">Lapras used <strong>Sleep Talk</strong>!<br></div><div class="spacer battle-history"><br></div><div class="battle-history">Lapras used <strong>Ice Beam</strong>!<br></div><div class="battle-history"><small>It's super effective!</small><br></div><div class="battle-history"><small>(The opposing Xatu lost <abbr title="−288/288">100%</abbr> of its health!)</small><br></div><div class="spacer battle-history"><br></div><div class="battle-history">The opposing Xatu fainted!<br></div><div class="spacer battle-history"><br></div><div class="battle-history"><small>Lapras restored a little HP using its Leftovers!</small><br></div><div class="spacer battle-history"><br></div><div class="battle-history">thomb2 sent out <strong>Kabutops</strong>!<br></div><div class="spacer battle-history"><br></div><h2 class="battle-history">Turn 46</h2><div class="spacer battle-history"><br></div><div class="battle-history">The opposing Kabutops used <strong>Knock Off</strong>!<br></div><div class="battle-history"><small>(Lapras lost <abbr title="−125/431">29.0%</abbr> of its health!)</small><br></div><div class="battle-history"><small>The opposing Kabutops knocked off Lapras's Leftovers!</small><br></div><div class="spacer battle-history"><br></div><div class="battle-history">Lapras fainted!<br></div><div class="spacer battle-history"><br></div><div class="battle-history">Go! <strong>Vileplume</strong>!<br></div><div class="battle-history"><small>Pointed stones dug into Vileplume!</small><br></div><div class="spacer battle-history"><br></div><h2 class="battle-history">Turn 47</h2><div class="spacer battle-history"><br></div><div class="battle-history">The opposing Kabutops used <strong>Knock Off</strong>!<br></div><div class="battle-history"><small>(Vileplume lost <abbr title="−135/354">38.1%</abbr> of its health!)</small><br></div><div class="battle-history"><small>The opposing Kabutops knocked off Vileplume's Black Sludge!</small><br></div><div class="spacer battle-history"><br></div><div class="battle-history">Vileplume used <strong>Sleep Powder</strong>!<br></div><div class="battle-history"><small>The opposing Kabutops fell asleep!</small><br></div><div class="spacer battle-history"><br></div><h2 class="battle-history">Turn 48</h2><div class="spacer battle-history"><br></div><div class="battle-history">The opposing Kabutops is fast asleep.<br></div><div class="spacer battle-history"><br></div><div class="battle-history">Vileplume used <strong>Moonlight</strong>!<br></div><div class="battle-history"><small>Vileplume restored its HP.</small><br></div><div class="spacer battle-history"><br></div><h2 class="battle-history">Turn 49</h2><div class="spacer battle-history"><br></div><div class="battle-history">thomb2 withdrew Kabutops!<br></div><div class="battle-history">thomb2 sent out <strong>Garbodor</strong>!<br></div><div class="spacer battle-history"><br></div><div class="battle-history">Vileplume used <strong>Giga Drain</strong>!<br></div><div class="battle-history"><small>It's not very effective...</small><br></div><div class="battle-history"><small>(The opposing Garbodor lost <abbr title="−37/364">10.2%</abbr> of its health!)</small><br></div><div class="battle-history"><small>The opposing Garbodor had its energy drained!</small><br></div><div class="spacer battle-history"><br></div><div class="battle-history"><small>The opposing Garbodor restored a little HP using its Leftovers!</small><br></div><div class="spacer battle-history"><br></div><h2 class="battle-history">Turn 50</h2><div class="spacer battle-history"><br></div><div class="battle-history">The opposing Garbodor used <strong>Pain Split</strong>!<br></div><div class="battle-history"><small>The battlers shared their pain!</small><br></div><div class="spacer battle-history"><br></div><div class="battle-history">Vileplume used <strong>Giga Drain</strong>!<br></div><div class="battle-history"><small>It's not very effective...</small><br></div><div class="battle-history"><small>(The opposing Garbodor lost <abbr title="−38/364">10.4%</abbr> of its health!)</small><br></div><div class="battle-history"><small>The opposing Garbodor had its energy drained!</small><br></div><div class="spacer battle-history"><br></div><div class="battle-history"><small>The opposing Garbodor restored a little HP using its Leftovers!</small><br></div><div class="spacer battle-history"><br></div><h2 class="battle-history">Turn 51</h2><div class="spacer battle-history"><br></div><div class="battle-history">The opposing Garbodor used <strong>Protect</strong>!<br></div><div class="battle-history"><small>The opposing Garbodor protected itself!</small><br></div><div class="spacer battle-history"><br></div><div class="battle-history">Vileplume used <strong>Sludge Bomb</strong>!<br></div><div class="battle-history"><small>The opposing Garbodor protected itself!</small><br></div><div class="spacer battle-history"><br></div><div class="battle-history"><small>The opposing Garbodor restored a little HP using its Leftovers!</small><br></div><div class="spacer battle-history"><br></div><h2 class="battle-history">Turn 52</h2><div class="spacer battle-history"><br></div><div class="battle-history">The opposing Garbodor used <strong>Toxic</strong>!<br></div><div class="battle-history"><small>It doesn't affect Vileplume...</small><br></div><div class="spacer battle-history"><br></div><div class="battle-history">Vileplume used <strong>Sludge Bomb</strong>!<br></div><div class="battle-history"><small>It's not very effective...</small><br></div><div class="battle-history"><small>(The opposing Garbodor lost <abbr title="−49/364">13.5%</abbr> of its health!)</small><br></div><div class="spacer battle-history"><br></div><div class="battle-history"><small>The opposing Garbodor restored a little HP using its Leftovers!</small><br></div><div class="spacer battle-history"><br></div><h2 class="battle-history">Turn 53</h2><div class="spacer battle-history"><br></div><div class="battle-history">The opposing Garbodor used <strong>Pain Split</strong>!<br></div><div class="battle-history"><small>The battlers shared their pain!</small><br></div><div class="spacer battle-history"><br></div><div class="battle-history">Vileplume used <strong>Sludge Bomb</strong>!<br></div><div class="battle-history"><small>It's not very effective...</small><br></div><div class="battle-history"><small>(The opposing Garbodor lost <abbr title="−45/364">12.4%</abbr> of its health!)</small><br></div><div class="spacer battle-history"><br></div><div class="battle-history"><small>The opposing Garbodor restored a little HP using its Leftovers!</small><br></div><div class="spacer battle-history"><br></div><h2 class="battle-history">Turn 54</h2><div class="spacer battle-history"><br></div><div class="battle-history">The opposing Garbodor used <strong>Toxic</strong>!<br></div><div class="battle-history"><small>It doesn't affect Vileplume...</small><br></div><div class="spacer battle-history"><br></div><div class="battle-history">Vileplume used <strong>Sludge Bomb</strong>!<br></div><div class="battle-history"><small>It's not very effective...</small><br></div><div class="battle-history"><small>(The opposing Garbodor lost <abbr title="−50/364">13.7%</abbr> of its health!)</small><br></div><div class="spacer battle-history"><br></div><div class="battle-history"><small>The opposing Garbodor restored a little HP using its Leftovers!</small><br></div><div class="spacer battle-history"><br></div><h2 class="battle-history">Turn 55</h2><div class="spacer battle-history"><br></div><div class="battle-history">The opposing Garbodor used <strong>Toxic</strong>!<br></div><div class="battle-history"><small>It doesn't affect Vileplume...</small><br></div><div class="spacer battle-history"><br></div><div class="battle-history">Vileplume used <strong>Sludge Bomb</strong>!<br></div><div class="battle-history"><small>It's not very effective...</small><br></div><div class="battle-history"><small>(The opposing Garbodor lost <abbr title="−48/364">13.2%</abbr> of its health!)</small><br></div><div class="spacer battle-history"><br></div><div class="battle-history"><small>The opposing Garbodor restored a little HP using its Leftovers!</small><br></div><div class="spacer battle-history"><br></div><h2 class="battle-history">Turn 56</h2><div class="spacer battle-history"><br></div><div class="battle-history">The opposing Garbodor used <strong>Pain Split</strong>!<br></div><div class="battle-history"><small>The battlers shared their pain!</small><br></div><div class="spacer battle-history"><br></div><div class="battle-history">Vileplume used <strong>Sludge Bomb</strong>!<br></div><div class="battle-history"><small>It's not very effective...</small><br></div><div class="battle-history"><small>(The opposing Garbodor lost <abbr title="−46/364">12.6%</abbr> of its health!)</small><br></div><div class="spacer battle-history"><br></div><div class="battle-history"><small>The opposing Garbodor restored a little HP using its Leftovers!</small><br></div><div class="spacer battle-history"><br></div><h2 class="battle-history">Turn 57</h2><div class="spacer battle-history"><br></div><div class="battle-history">The opposing Garbodor used <strong>Protect</strong>!<br></div><div class="battle-history"><small>The opposing Garbodor protected itself!</small><br></div><div class="spacer battle-history"><br></div><div class="battle-history">Vileplume used <strong>Sludge Bomb</strong>!<br></div><div class="battle-history"><small>The opposing Garbodor protected itself!</small><br></div><div class="spacer battle-history"><br></div><div class="battle-history"><small>The opposing Garbodor restored a little HP using its Leftovers!</small><br></div><div class="spacer battle-history"><br></div><h2 class="battle-history">Turn 58</h2><div class="spacer battle-history"><br></div><div class="battle-history">The opposing Garbodor used <strong>Toxic</strong>!<br></div><div class="battle-history"><small>It doesn't affect Vileplume...</small><br></div><div class="spacer battle-history"><br></div><div class="battle-history">Vileplume used <strong>Sludge Bomb</strong>!<br></div><div class="battle-history"><small>It's not very effective...</small><br></div><div class="battle-history"><small>(The opposing Garbodor lost <abbr title="−44/364">12.1%</abbr> of its health!)</small><br></div><div class="spacer battle-history"><br></div><div class="battle-history"><small>The opposing Garbodor restored a little HP using its Leftovers!</small><br></div><div class="spacer battle-history"><br></div><h2 class="battle-history">Turn 59</h2><div class="spacer battle-history"><br></div><div class="battle-history">The opposing Garbodor used <strong>Protect</strong>!<br></div><div class="battle-history"><small>The opposing Garbodor protected itself!</small><br></div><div class="spacer battle-history"><br></div><div class="battle-history">Vileplume used <strong>Sludge Bomb</strong>!<br></div><div class="battle-history"><small>The opposing Garbodor protected itself!</small><br></div><div class="spacer battle-history"><br></div><div class="battle-history"><small>The opposing Garbodor restored a little HP using its Leftovers!</small><br></div><div class="spacer battle-history"><br></div><h2 class="battle-history">Turn 60</h2><div class="spacer battle-history"><br></div><div class="battle-history">The opposing Garbodor used <strong>Toxic</strong>!<br></div><div class="battle-history"><small>It doesn't affect Vileplume...</small><br></div><div class="spacer battle-history"><br></div><div class="battle-history">Vileplume used <strong>Sludge Bomb</strong>!<br></div><div class="battle-history"><small>It's not very effective...</small><br></div><div class="battle-history"><small>(The opposing Garbodor lost <abbr title="−42/364">11.5%</abbr> of its health!)</small><br></div><div class="spacer battle-history"><br></div><div class="battle-history"><small>The opposing Garbodor restored a little HP using its Leftovers!</small><br></div><div class="spacer battle-history"><br></div><h2 class="battle-history">Turn 61</h2><div class="spacer battle-history"><br></div><div class="battle-history">The opposing Garbodor used <strong>Toxic</strong>!<br></div><div class="battle-history"><small>It doesn't affect Vileplume...</small><br></div><div class="spacer battle-history"><br></div><div class="battle-history">Vileplume used <strong>Sludge Bomb</strong>!<br></div><div class="battle-history"><small>It's not very effective...</small><br></div><div class="battle-history"><small>(The opposing Garbodor lost <abbr title="−48/364">13.2%</abbr> of its health!)</small><br></div><div class="spacer battle-history"><br></div><div class="battle-history"><small>The opposing Garbodor restored a little HP using its Leftovers!</small><br></div><div class="spacer battle-history"><br></div><h2 class="battle-history">Turn 62</h2><div class="spacer battle-history"><br></div><div class="battle-history">Vileplume, come back!<br></div><div class="battle-history">Go! <strong>Mismagius</strong>!<br></div><div class="battle-history"><small>Pointed stones dug into Mismagius!</small><br></div><div class="spacer battle-history"><br></div><div class="battle-history">The opposing Garbodor used <strong>Toxic</strong>!<br></div><div class="battle-history"><small>But it failed!</small><br></div><div class="spacer battle-history"><br></div><div class="battle-history"><small>The opposing Garbodor restored a little HP using its Leftovers!</small><br></div><div class="battle-history"><small>Mismagius was hurt by poison!</small><br></div><div class="spacer battle-history"><br></div><h2 class="battle-history">Turn 63</h2><div class="spacer battle-history"><br></div><div class="battle-history">The opposing Garbodor used <strong>Protect</strong>!<br></div><div class="battle-history"><small>The opposing Garbodor protected itself!</small><br></div><div class="spacer battle-history"><br></div><div class="battle-history">Mismagius used <strong>Will-O-Wisp</strong>!<br></div><div class="battle-history"><small>The opposing Garbodor protected itself!</small><br></div><div class="spacer battle-history"><br></div><div class="battle-history"><small>The opposing Garbodor restored a little HP using its Leftovers!</small><br></div><div class="battle-history"><small>Mismagius was hurt by poison!</small><br></div><div class="spacer battle-history"><br></div><h2 class="battle-history">Turn 64</h2><div class="spacer battle-history"><br></div><div class="battle-history">thomb2 withdrew Garbodor!<br></div><div class="battle-history">thomb2 sent out <strong>Kabutops</strong>!<br></div><div class="spacer battle-history"><br></div><div class="battle-history">Mismagius used <strong>Will-O-Wisp</strong>!<br></div><div class="battle-history"><small>The opposing Kabutops avoided the attack!</small><br></div><div class="spacer battle-history"><br></div><div class="battle-history"><small>Mismagius was hurt by poison!</small><br></div><div class="spacer battle-history"><br></div><div class="battle-history">Mismagius fainted!<br></div><div class="spacer battle-history"><br></div><div class="battle-history">Go! <strong>Vileplume</strong>!<br></div><div class="battle-history"><small>Pointed stones dug into Vileplume!</small><br></div><div class="spacer battle-history"><br></div><h2 class="battle-history">Turn 65</h2><div class="spacer battle-history"><br></div><div class="battle-history">thomb2 withdrew Kabutops!<br></div><div class="battle-history">thomb2 sent out <strong>Garbodor</strong>!<br></div><div class="spacer battle-history"><br></div><div class="battle-history">Vileplume used <strong>Giga Drain</strong>!<br></div><div class="battle-history"><small>It's not very effective...</small><br></div><div class="battle-history"><small>(The opposing Garbodor lost <abbr title="−40/364">11.0%</abbr> of its health!)</small><br></div><div class="battle-history"><small>The opposing Garbodor had its energy drained!</small><br></div><div class="spacer battle-history"><br></div><div class="battle-history"><small>The opposing Garbodor restored a little HP using its Leftovers!</small><br></div><div class="spacer battle-history"><br></div><h2 class="battle-history">Turn 66</h2><div class="spacer battle-history"><br></div><div class="battle-history">The opposing Garbodor used <strong>Toxic</strong>!<br></div><div class="battle-history"><small>It doesn't affect Vileplume...</small><br></div><div class="spacer battle-history"><br></div><div class="battle-history">Vileplume used <strong>Sludge Bomb</strong>!<br></div><div class="battle-history"><small>It's not very effective...</small><br></div><div class="battle-history"><small>(The opposing Garbodor lost <abbr title="−45/364">12.4%</abbr> of its health!)</small><br></div><div class="spacer battle-history"><br></div><div class="battle-history"><small>The opposing Garbodor restored a little HP using its Leftovers!</small><br></div><div class="spacer battle-history"><br></div><h2 class="battle-history">Turn 67</h2><div class="spacer battle-history"><br></div><div class="battle-history">The opposing Garbodor used <strong>Toxic</strong>!<br></div><div class="battle-history"><small>It doesn't affect Vileplume...</small><br></div><div class="spacer battle-history"><br></div><div class="battle-history">Vileplume used <strong>Sludge Bomb</strong>!<br></div><div class="battle-history"><small>It's not very effective...</small><br></div><div class="battle-history"><small>(The opposing Garbodor lost <abbr title="−45/364">12.4%</abbr> of its health!)</small><br></div><div class="spacer battle-history"><br></div><div class="battle-history"><small>The opposing Garbodor restored a little HP using its Leftovers!</small><br></div><div class="spacer battle-history"><br></div><h2 class="battle-history">Turn 68</h2><div class="spacer battle-history"><br></div><div class="battle-history">The opposing Garbodor used <strong>Pain Split</strong>!<br></div><div class="battle-history"><small>The battlers shared their pain!</small><br></div><div class="spacer battle-history"><br></div><div class="battle-history">Vileplume used <strong>Sludge Bomb</strong>!<br></div><div class="battle-history"><small>It's not very effective...</small><br></div><div class="battle-history"><small>(The opposing Garbodor lost <abbr title="−50/364">13.7%</abbr> of its health!)</small><br></div><div class="spacer battle-history"><br></div><div class="battle-history"><small>The opposing Garbodor restored a little HP using its Leftovers!</small><br></div><div class="spacer battle-history"><br></div><h2 class="battle-history">Turn 69</h2><div class="spacer battle-history"><br></div><div class="battle-history">The opposing Garbodor used <strong>Protect</strong>!<br></div><div class="battle-history"><small>The opposing Garbodor protected itself!</small><br></div><div class="spacer battle-history"><br></div><div class="battle-history">Vileplume used <strong>Sleep Powder</strong>!<br></div><div class="battle-history"><small>The opposing Garbodor protected itself!</small><br></div><div class="spacer battle-history"><br></div><div class="battle-history"><small>The opposing Garbodor restored a little HP using its Leftovers!</small><br></div><div class="spacer battle-history"><br></div><h2 class="battle-history">Turn 70</h2><div class="spacer battle-history"><br></div><div class="battle-history">The opposing Garbodor used <strong>Toxic</strong>!<br></div><div class="battle-history"><small>It doesn't affect Vileplume...</small><br></div><div class="spacer battle-history"><br></div><div class="battle-history">Vileplume used <strong>Sleep Powder</strong>!<br></div><div class="battle-history"><small>Sleep Clause Mod activated.</small><br></div><div class="spacer battle-history"><br></div><div class="battle-history"><small>The opposing Garbodor restored a little HP using its Leftovers!</small><br></div><div class="spacer battle-history"><br></div><h2 class="battle-history">Turn 71</h2><div class="spacer battle-history"><br></div><div class="battle-history">The opposing Garbodor used <strong>Toxic</strong>!<br></div><div class="battle-history"><small>It doesn't affect Vileplume...</small><br></div><div class="spacer battle-history"><br></div><div class="battle-history">Vileplume used <strong>Sleep Powder</strong>!<br></div><div class="battle-history"><small>The opposing Garbodor avoided the attack!</small><br></div><div class="spacer battle-history"><br></div><div class="battle-history"><small>The opposing Garbodor restored a little HP using its Leftovers!</small><br></div><div class="spacer battle-history"><br></div><h2 class="battle-history">Turn 72</h2><div class="spacer battle-history"><br></div><div class="battle-history">The opposing Garbodor used <strong>Toxic</strong>!<br></div><div class="battle-history"><small>It doesn't affect Vileplume...</small><br></div><div class="spacer battle-history"><br></div><div class="battle-history">Vileplume used <strong>Giga Drain</strong>!<br></div><div class="battle-history"><small>It's not very effective...</small><br></div><div class="battle-history"><small>(The opposing Garbodor lost <abbr title="−39/364">10.7%</abbr> of its health!)</small><br></div><div class="battle-history"><small>The opposing Garbodor had its energy drained!</small><br></div><div class="spacer battle-history"><br></div><div class="battle-history"><small>The opposing Garbodor restored a little HP using its Leftovers!</small><br></div><div class="spacer battle-history"><br></div><h2 class="battle-history">Turn 73</h2><div class="spacer battle-history"><br></div><div class="battle-history">The opposing Garbodor used <strong>Protect</strong>!<br></div><div class="battle-history"><small>The opposing Garbodor protected itself!</small><br></div><div class="spacer battle-history"><br></div><div class="battle-history">Vileplume used <strong>Giga Drain</strong>!<br></div><div class="battle-history"><small>The opposing Garbodor protected itself!</small><br></div><div class="spacer battle-history"><br></div><div class="battle-history"><small>The opposing Garbodor restored a little HP using its Leftovers!</small><br></div><div class="spacer battle-history"><br></div><h2 class="battle-history">Turn 74</h2><div class="spacer battle-history"><br></div><div class="battle-history">The opposing Garbodor used <strong>Pain Split</strong>!<br></div><div class="battle-history"><small>The battlers shared their pain!</small><br></div><div class="spacer battle-history"><br></div><div class="battle-history">Vileplume used <strong>Sleep Powder</strong>!<br></div><div class="battle-history"><small>The opposing Garbodor avoided the attack!</small><br></div><div class="spacer battle-history"><br></div><div class="battle-history"><small>The opposing Garbodor restored a little HP using its Leftovers!</small><br></div><div class="spacer battle-history"><br></div><h2 class="battle-history">Turn 75</h2><div class="spacer battle-history"><br></div><div class="battle-history">The opposing Garbodor used <strong>Pain Split</strong>!<br></div><div class="battle-history"><small>The battlers shared their pain!</small><br></div><div class="spacer battle-history"><br></div><div class="battle-history">Vileplume used <strong>Sleep Powder</strong>!<br></div><div class="battle-history"><small>The opposing Garbodor avoided the attack!</small><br></div><div class="spacer battle-history"><br></div><div class="battle-history"><small>The opposing Garbodor restored a little HP using its Leftovers!</small><br></div><div class="spacer battle-history"><br></div><h2 class="battle-history">Turn 76</h2><div class="spacer battle-history"><br></div><div class="battle-history">The opposing Garbodor used <strong>Pain Split</strong>!<br></div><div class="battle-history"><small>The battlers shared their pain!</small><br></div><div class="spacer battle-history"><br></div><div class="battle-history">Vileplume used <strong>Giga Drain</strong>!<br></div><div class="battle-history"><small>It's not very effective...</small><br></div><div class="battle-history"><small>A critical hit!</small><br></div><div class="battle-history"><small>(The opposing Garbodor lost <abbr title="−57/364">15.7%</abbr> of its health!)</small><br></div><div class="battle-history"><small>The opposing Garbodor had its energy drained!</small><br></div><div class="spacer battle-history"><br></div><div class="battle-history"><small>The opposing Garbodor restored a little HP using its Leftovers!</small><br></div><div class="spacer battle-history"><br></div><h2 class="battle-history">Turn 77</h2><div class="spacer battle-history"><br></div><div class="battle-history">The opposing Garbodor used <strong>Pain Split</strong>!<br></div><div class="battle-history"><small>The battlers shared their pain!</small><br></div><div class="spacer battle-history"><br></div><div class="battle-history">Vileplume used <strong>Giga Drain</strong>!<br></div><div class="battle-history"><small>It's not very effective...</small><br></div><div class="battle-history"><small>(The opposing Garbodor lost <abbr title="−38/364">10.4%</abbr> of its health!)</small><br></div><div class="battle-history"><small>The opposing Garbodor had its energy drained!</small><br></div><div class="spacer battle-history"><br></div><div class="battle-history"><small>The opposing Garbodor restored a little HP using its Leftovers!</small><br></div><div class="spacer battle-history"><br></div><h2 class="battle-history">Turn 78</h2><div class="spacer battle-history"><br></div><div class="battle-history">The opposing Garbodor used <strong>Pain Split</strong>!<br></div><div class="battle-history"><small>The battlers shared their pain!</small><br></div><div class="spacer battle-history"><br></div><div class="battle-history">Vileplume used <strong>Giga Drain</strong>!<br></div><div class="battle-history"><small>It's not very effective...</small><br></div><div class="battle-history"><small>(The opposing Garbodor lost <abbr title="−40/364">11.0%</abbr> of its health!)</small><br></div><div class="battle-history"><small>The opposing Garbodor had its energy drained!</small><br></div><div class="spacer battle-history"><br></div><div class="battle-history"><small>The opposing Garbodor restored a little HP using its Leftovers!</small><br></div><div class="spacer battle-history"><br></div><h2 class="battle-history">Turn 79</h2><div class="spacer battle-history"><br></div><div class="battle-history">The opposing Garbodor used <strong>Pain Split</strong>!<br></div><div class="battle-history"><small>The battlers shared their pain!</small><br></div><div class="spacer battle-history"><br></div><div class="battle-history">Vileplume used <strong>Sleep Powder</strong>!<br></div><div class="battle-history"><small>The opposing Garbodor avoided the attack!</small><br></div><div class="spacer battle-history"><br></div><div class="battle-history"><small>The opposing Garbodor restored a little HP using its Leftovers!</small><br></div><div class="spacer battle-history"><br></div><h2 class="battle-history">Turn 80</h2><div class="spacer battle-history"><br></div><div class="battle-history">The opposing Garbodor used <strong>Protect</strong>!<br></div><div class="battle-history"><small>The opposing Garbodor protected itself!</small><br></div><div class="spacer battle-history"><br></div><div class="battle-history">Vileplume used <strong>Sleep Powder</strong>!<br></div><div class="battle-history"><small>The opposing Garbodor protected itself!</small><br></div><div class="spacer battle-history"><br></div><div class="battle-history"><small>The opposing Garbodor restored a little HP using its Leftovers!</small><br></div><div class="spacer battle-history"><br></div><h2 class="battle-history">Turn 81</h2><div class="spacer battle-history"><br></div><div class="battle-history">The opposing Garbodor used <strong>Protect</strong>!<br></div><div class="battle-history"><small>But it failed!</small><br></div><div class="spacer battle-history"><br></div><div class="battle-history">Vileplume used <strong>Moonlight</strong>!<br></div><div class="battle-history"><small>Vileplume restored its HP.</small><br></div><div class="spacer battle-history"><br></div><div class="battle-history"><small>The opposing Garbodor restored a little HP using its Leftovers!</small><br></div><div class="spacer battle-history"><br></div><h2 class="battle-history">Turn 82</h2><div class="spacer battle-history"><br></div><div class="battle-history">The opposing Garbodor used <strong>Protect</strong>!<br></div><div class="battle-history"><small>The opposing Garbodor protected itself!</small><br></div><div class="spacer battle-history"><br></div><div class="battle-history">Vileplume used <strong>Sleep Powder</strong>!<br></div><div class="battle-history"><small>The opposing Garbodor protected itself!</small><br></div><div class="spacer battle-history"><br></div><h2 class="battle-history">Turn 83</h2><div class="spacer battle-history"><br></div><div class="battle-history">The opposing Garbodor used <strong>Protect</strong>!<br></div><div class="battle-history"><small>The opposing Garbodor protected itself!</small><br></div><div class="spacer battle-history"><br></div><div class="battle-history">Vileplume used <strong>Sleep Powder</strong>!<br></div><div class="battle-history"><small>The opposing Garbodor protected itself!</small><br></div><div class="spacer battle-history"><br></div><h2 class="battle-history">Turn 84</h2><div class="spacer battle-history"><br></div><div class="battle-history">The opposing Garbodor used <strong>Pain Split</strong>!<br></div><div class="battle-history"><small>The battlers shared their pain!</small><br></div><div class="spacer battle-history"><br></div><div class="battle-history">Vileplume used <strong>Sleep Powder</strong>!<br></div><div class="battle-history"><small>Sleep Clause Mod activated.</small><br></div><div class="spacer battle-history"><br></div><div class="battle-history"><small>The opposing Garbodor restored a little HP using its Leftovers!</small><br></div><div class="spacer battle-history"><br></div><h2 class="battle-history">Turn 85</h2><div class="spacer battle-history"><br></div><div class="battle-history">The opposing Garbodor used <strong>Pain Split</strong>!<br></div><div class="battle-history"><small>The battlers shared their pain!</small><br></div><div class="spacer battle-history"><br></div><div class="battle-history">Vileplume used <strong>Sleep Powder</strong>!<br></div><div class="battle-history"><small>Sleep Clause Mod activated.</small><br></div><div class="spacer battle-history"><br></div><div class="battle-history"><small>The opposing Garbodor restored a little HP using its Leftovers!</small><br></div><div class="spacer battle-history"><br></div><h2 class="battle-history">Turn 86</h2><div class="spacer battle-history"><br></div><div class="battle-history">The opposing Garbodor used <strong>Pain Split</strong>!<br></div><div class="battle-history"><small>The battlers shared their pain!</small><br></div><div class="spacer battle-history"><br></div><div class="battle-history">Vileplume used <strong>Sleep Powder</strong>!<br></div><div class="battle-history"><small>The opposing Garbodor avoided the attack!</small><br></div><div class="spacer battle-history"><br></div><div class="battle-history"><small>The opposing Garbodor restored a little HP using its Leftovers!</small><br></div><div class="spacer battle-history"><br></div><h2 class="battle-history">Turn 87</h2><div class="spacer battle-history"><br></div><div class="battle-history">The opposing Garbodor used <strong>Pain Split</strong>!<br></div><div class="battle-history"><small>The battlers shared their pain!</small><br></div><div class="spacer battle-history"><br></div><div class="battle-history">Vileplume used <strong>Sleep Powder</strong>!<br></div><div class="battle-history"><small>Sleep Clause Mod activated.</small><br></div><div class="spacer battle-history"><br></div><div class="battle-history"><small>The opposing Garbodor restored a little HP using its Leftovers!</small><br></div><div class="spacer battle-history"><br></div><h2 class="battle-history">Turn 88</h2><div class="spacer battle-history"><br></div><div class="battle-history">The opposing Garbodor used <strong>Pain Split</strong>!<br></div><div class="battle-history"><small>The battlers shared their pain!</small><br></div><div class="spacer battle-history"><br></div><div class="battle-history">Vileplume used <strong>Sleep Powder</strong>!<br></div><div class="battle-history"><small>Sleep Clause Mod activated.</small><br></div><div class="spacer battle-history"><br></div><div class="battle-history"><small>The opposing Garbodor restored a little HP using its Leftovers!</small><br></div><div class="spacer battle-history"><br></div><h2 class="battle-history">Turn 89</h2><div class="spacer battle-history"><br></div><div class="battle-history">thomb2 withdrew Garbodor!<br></div><div class="battle-history">thomb2 sent out <strong>Kabutops</strong>!<br></div><div class="spacer battle-history"><br></div><div class="battle-history">Vileplume used <strong>Sleep Powder</strong>!<br></div><div class="battle-history"><small>The opposing Kabutops is already asleep!</small><br></div><div class="spacer battle-history"><br></div><h2 class="battle-history">Turn 90</h2><div class="spacer battle-history"><br></div><div class="battle-history">thomb2 withdrew Kabutops!<br></div><div class="battle-history">thomb2 sent out <strong>Garbodor</strong>!<br></div><div class="spacer battle-history"><br></div><div class="battle-history">Vileplume used <strong>Giga Drain</strong>!<br></div><div class="battle-history"><small>It's not very effective...</small><br></div><div class="battle-history"><small>(The opposing Garbodor lost <abbr title="−40/364">11.0%</abbr> of its health!)</small><br></div><div class="spacer battle-history"><br></div><div class="battle-history"><small>The opposing Garbodor restored a little HP using its Leftovers!</small><br></div><div class="spacer battle-history"><br></div><h2 class="battle-history">Turn 91</h2><div class="spacer battle-history"><br></div><div class="battle-history">The opposing Garbodor used <strong>Pain Split</strong>!<br></div><div class="battle-history"><small>The battlers shared their pain!</small><br></div><div class="spacer battle-history"><br></div><div class="battle-history">Vileplume used <strong>Giga Drain</strong>!<br></div><div class="battle-history"><small>It's not very effective...</small><br></div><div class="battle-history"><small>(The opposing Garbodor lost <abbr title="−39/364">10.7%</abbr> of its health!)</small><br></div><div class="battle-history"><small>The opposing Garbodor had its energy drained!</small><br></div><div class="spacer battle-history"><br></div><div class="battle-history"><small>The opposing Garbodor restored a little HP using its Leftovers!</small><br></div><div class="spacer battle-history"><br></div><h2 class="battle-history">Turn 92</h2><div class="spacer battle-history"><br></div><div class="battle-history">The opposing Garbodor used <strong>Pain Split</strong>!<br></div><div class="battle-history"><small>The battlers shared their pain!</small><br></div><div class="spacer battle-history"><br></div><div class="battle-history">Vileplume used <strong>Giga Drain</strong>!<br></div><div class="battle-history"><small>It's not very effective...</small><br></div><div class="battle-history"><small>(The opposing Garbodor lost <abbr title="−36/364">9.9%</abbr> of its health!)</small><br></div><div class="battle-history"><small>The opposing Garbodor had its energy drained!</small><br></div><div class="spacer battle-history"><br></div><div class="battle-history"><small>The opposing Garbodor restored a little HP using its Leftovers!</small><br></div><div class="spacer battle-history"><br></div><h2 class="battle-history">Turn 93</h2><div class="spacer battle-history"><br></div><div class="battle-history">The opposing Garbodor used <strong>Pain Split</strong>!<br></div><div class="battle-history"><small>The battlers shared their pain!</small><br></div><div class="spacer battle-history"><br></div><div class="battle-history">Vileplume used <strong>Sleep Powder</strong>!<br></div><div class="battle-history"><small>Sleep Clause Mod activated.</small><br></div><div class="spacer battle-history"><br></div><div class="battle-history"><small>The opposing Garbodor restored a little HP using its Leftovers!</small><br></div><div class="spacer battle-history"><br></div><h2 class="battle-history">Turn 94</h2><div class="spacer battle-history"><br></div><div class="battle-history">The opposing Garbodor used <strong>Pain Split</strong>!<br></div><div class="battle-history"><small>The battlers shared their pain!</small><br></div><div class="spacer battle-history"><br></div><div class="battle-history">Vileplume used <strong>Sleep Powder</strong>!<br></div><div class="battle-history"><small>The opposing Garbodor avoided the attack!</small><br></div><div class="spacer battle-history"><br></div><div class="battle-history"><small>The opposing Garbodor restored a little HP using its Leftovers!</small><br></div><div class="spacer battle-history"><br></div><h2 class="battle-history">Turn 95</h2><div class="spacer battle-history"><br></div><div class="battle-history">The opposing Garbodor used <strong>Pain Split</strong>!<br></div><div class="battle-history"><small>The battlers shared their pain!</small><br></div><div class="spacer battle-history"><br></div><div class="battle-history">Vileplume used <strong>Giga Drain</strong>!<br></div><div class="battle-history"><small>It's not very effective...</small><br></div><div class="battle-history"><small>(The opposing Garbodor lost <abbr title="−39/364">10.7%</abbr> of its health!)</small><br></div><div class="spacer battle-history"><br></div><div class="battle-history"><small>The opposing Garbodor restored a little HP using its Leftovers!</small><br></div><div class="spacer battle-history"><br></div><h2 class="battle-history">Turn 96</h2><div class="spacer battle-history"><br></div><div class="battle-history">The opposing Garbodor used <strong>Pain Split</strong>!<br></div><div class="battle-history"><small>The battlers shared their pain!</small><br></div><div class="spacer battle-history"><br></div><div class="battle-history">Vileplume used <strong>Sleep Powder</strong>!<br></div><div class="battle-history"><small>Sleep Clause Mod activated.</small><br></div><div class="spacer battle-history"><br></div><div class="battle-history"><small>The opposing Garbodor restored a little HP using its Leftovers!</small><br></div><div class="spacer battle-history"><br></div><h2 class="battle-history">Turn 97</h2><div class="spacer battle-history"><br></div><div class="battle-history">thomb2 withdrew Garbodor!<br></div><div class="battle-history">thomb2 sent out <strong>Kabutops</strong>!<br></div><div class="spacer battle-history"><br></div><div class="battle-history">Vileplume used <strong>Sleep Powder</strong>!<br></div><div class="battle-history"><small>The opposing Kabutops is already asleep!</small><br></div><div class="spacer battle-history"><br></div><h2 class="battle-history">Turn 98</h2><div class="spacer battle-history"><br></div><div class="battle-history">thomb2 withdrew Kabutops!<br></div><div class="battle-history">thomb2 sent out <strong>Garbodor</strong>!<br></div><div class="spacer battle-history"><br></div><div class="battle-history">Vileplume used <strong>Moonlight</strong>!<br></div><div class="battle-history"><small>Vileplume restored its HP.</small><br></div><div class="spacer battle-history"><br></div><h2 class="battle-history">Turn 99</h2><div class="spacer battle-history"><br></div><div class="battle-history">The opposing Garbodor used <strong>Pain Split</strong>!<br></div><div class="battle-history"><small>The battlers shared their pain!</small><br></div><div class="spacer battle-history"><br></div><div class="battle-history">Vileplume used <strong>Moonlight</strong>!<br></div><div class="spacer battle-history"><br></div><div class="battle-history"><small>The opposing Garbodor restored a little HP using its Leftovers!</small><br></div><div class="spacer battle-history"><br></div><h2 class="battle-history">Turn 100</h2><div class="spacer battle-history"><br></div><div class="battle-history">thomb2 withdrew Garbodor!<br></div><div class="battle-history">thomb2 sent out <strong>Kabutops</strong>!<br></div><div class="spacer battle-history"><br></div><div class="battle-history">Vileplume used <strong>Giga Drain</strong>!<br></div><div class="battle-history"><small>It's super effective!</small><br></div><div class="battle-history"><small>(The opposing Kabutops lost <abbr title="−161/261">61.7%</abbr> of its health!)</small><br></div><div class="spacer battle-history"><br></div><div class="battle-history">The opposing Kabutops fainted!<br></div><div class="chat chatmessage-thomb2"><strong style="color:hsl(2,55%,49.40889016507934%)"><small>★</small><span class="username" data-name="thomb2">thomb2</span>:</strong> <em>noooooooooooooooooooooooooooooooooooooooooooooooooooooooo</em></div><div class="chat chatmessage-thomb2"><strong style="color:hsl(2,55%,49.40889016507934%)"><small>★</small><span class="username" data-name="thomb2">thomb2</span>:</strong> <em>gg</em></div><div class="chat chatmessage-rderick"><strong style="color:hsl(243,43%,63.13195529515352%)"><small>★</small><span class="username" data-name="R∅derick">R∅derick</span>:</strong> <em>yeeeeeeeeeesssssss</em></div><div class="chat chatmessage-rderick"><strong style="color:hsl(243,43%,63.13195529515352%)"><small>★</small><span class="username" data-name="R∅derick">R∅derick</span>:</strong> <em>HAHAHAHA</em></div><div class="chat chatmessage-rderick"><strong style="color:hsl(243,43%,63.13195529515352%)"><small>★</small><span class="username" data-name="R∅derick">R∅derick</span>:</strong> <em>PREDICT XDDDDD</em></div><div class="chat chatmessage-thomb2"><strong style="color:hsl(2,55%,49.40889016507934%)"><small>★</small><span class="username" data-name="thomb2">thomb2</span>:</strong> <em>it was the worst game i have ever played</em></div><div class="spacer battle-history"><br></div><div class="battle-history"><small>thomb2 forfeited.</small><br></div><div class="spacer battle-history"><br></div><div class="battle-history"><strong>R∅derick</strong> won the battle!<br></div><div class="chat"><small>thomb2 left.</small></div></div><div class="inner-preempt"></div></div></div>
</div>
<script>
let daily = Math.floor(Date.now()/1000/60/60/24);document.write('<script src="https://play.pokemonshowdown.com/js/replay-embed.js?version'+daily+'"></'+'script>');
</script>
