<!DOCTYPE html>
<meta charset="utf-8" />
<!-- version 1 -->
<title>NU replay: Niatar vs. Landkon2</title>
<style>
html,body {font-family:Verdana, sans-serif;font-size:10pt;margin:0;padding:0;}body{padding:12px 0;} .battle-log {font-family:Verdana, sans-serif;font-size:10pt;} .battle-log-inline {border:1px solid #AAAAAA;background:#EEF2F5;color:black;max-width:640px;margin:0 auto 80px;padding-bottom:5px;} .battle-log .inner {padding:4px 8px 0px 8px;} .battle-log .inner-preempt {padding:0 8px 4px 8px;} .battle-log .inner-after {margin-top:0.5em;} .battle-log h2 {margin:0.5em -8px;padding:4px 8px;border:1px solid #AAAAAA;background:#E0E7EA;border-left:0;border-right:0;font-family:Verdana, sans-serif;font-size:13pt;} .battle-log .chat {vertical-align:middle;padding:3px 0 3px 0;font-size:8pt;} .battle-log .chat strong {color:#40576A;} .battle-log .chat em {padding:1px 4px 1px 3px;color:#000000;font-style:normal;} .chat.mine {background:rgba(0,0,0,0.05);margin-left:-8px;margin-right:-8px;padding-left:8px;padding-right:8px;} .spoiler {color:#BBBBBB;background:#BBBBBB;padding:0px 3px;} .spoiler:hover, .spoiler:active, .spoiler-shown {color:#000000;background:#E2E2E2;padding:0px 3px;} .spoiler a {color:#BBBBBB;} .spoiler:hover a, .spoiler:active a, .spoiler-shown a {color:#2288CC;} .chat code, .chat .spoiler:hover code, .chat .spoiler:active code, .chat .spoiler-shown code {border:1px solid #C0C0C0;background:#EEEEEE;color:black;padding:0 2px;} .chat .spoiler code {border:1px solid #CCCCCC;background:#CCCCCC;color:#CCCCCC;} .battle-log .rated {padding:3px 4px;} .battle-log .rated strong {color:white;background:#89A;padding:1px 4px;border-radius:4px;} .spacer {margin-top:0.5em;} .message-announce {background:#6688AA;color:white;padding:1px 4px 2px;} .message-announce a, .broadcast-green a, .broadcast-blue a, .broadcast-red a {color:#DDEEFF;} .broadcast-green {background-color:#559955;color:white;padding:2px 4px;} .broadcast-blue {background-color:#6688AA;color:white;padding:2px 4px;} .infobox {border:1px solid #6688AA;padding:2px 4px;} .infobox-limited {max-height:200px;overflow:auto;overflow-x:hidden;} .broadcast-red {background-color:#AA5544;color:white;padding:2px 4px;} .message-learn-canlearn {font-weight:bold;color:#228822;text-decoration:underline;} .message-learn-cannotlearn {font-weight:bold;color:#CC2222;text-decoration:underline;} .message-effect-weak {font-weight:bold;color:#CC2222;} .message-effect-resist {font-weight:bold;color:#6688AA;} .message-effect-immune {font-weight:bold;color:#666666;} .message-learn-list {margin-top:0;margin-bottom:0;} .message-throttle-notice, .message-error {color:#992222;} .message-overflow, .chat small.message-overflow {font-size:0pt;} .message-overflow::before {font-size:9pt;content:'...';} .subtle {color:#3A4A66;}
</style>
<div class="wrapper replay-wrapper" style="max-width:1180px;margin:0 auto">
<input type="hidden" name="replayid" value="nu-501197203" />
<div class="battle"></div><div class="battle-log"></div><div class="replay-controls"></div><div class="replay-controls-2"></div>
<h1 style="font-weight:normal;text-align:center"><strong>NU</strong><br /><a href="http://pokemonshowdown.com/users/niatar" class="subtle" target="_blank">Niatar</a> vs. <a href="http://pokemonshowdown.com/users/landkon2" class="subtle" target="_blank">Landkon2</a></h1>
<script type="text/plain" class="battle-log-data">|j|Niatar
|j|Landkon2
|player|p1|Niatar|269
|player|p2|Landkon2|264
|gametype|singles
|gen|6
|tier|NU
|seed|64871,38639,8161,41706
|rule|Baton Pass Speed Clause: Limit one Baton Passer, can't pass Speed
|rule|Sleep Clause Mod: Limit one foe put to sleep
|rule|Species Clause: Limit one of each Pokémon
|rule|OHKO Clause: OHKO moves are banned
|rule|Moody Clause: Moody is banned
|rule|Evasion Moves Clause: Evasion moves are banned
|rule|Endless Battle Clause: Forcing endless battles is banned
|rule|HP Percentage Mod: HP is shown in percentages
|clearpoke
|poke|p1|Purugly, M|item
|poke|p1|Shedinja|item
|poke|p1|Klinklang|item
|poke|p1|Malamar, F|item
|poke|p1|Kabutops, F|item
|poke|p1|Spinda, M|item
|poke|p2|Klinklang|item
|poke|p2|Malamar, M|item
|poke|p2|Omastar, F|item
|poke|p2|Haunter, M|item
|poke|p2|Machoke, F|item
|poke|p2|Pinsir, F|item
|rule|Swagger Clause: Swagger is banned
|rule|Baton Pass Clause: Limit one Baton Passer, can't pass Spe and other stats simultaneously
|teampreview
|c|★Landkon2|glhf
|c|★Landkon2|nice shedinja
|c|★Niatar|gl hf
|choice|team 4, team 2, team 3, team 1, team 5, team 6|team 2, team 1, team 3, team 4, team 5, team 6
|
|start
|switch|p1a: Malamar|Malamar, F|376\/376
|switch|p2a: Malamar|Malamar, M|376\/376
|turn|1
|choice|move superpower|move superpower
|
|move|p2a: Malamar|Superpower|p1a: Malamar
|-damage|p1a: Malamar|232\/376
|-boost|p2a: Malamar|atk|1
|-boost|p2a: Malamar|def|1
|move|p1a: Malamar|Superpower|p2a: Malamar
|-damage|p2a: Malamar|310\/376
|-boost|p1a: Malamar|atk|1
|-boost|p1a: Malamar|def|1
|
|-heal|p1a: Malamar|255\/376|[from] item: Leftovers
|-heal|p2a: Malamar|333\/376|[from] item: Leftovers
|upkeep
|turn|2
|choice|switch 2|move superpower
|
|switch|p1a: Shedinja|Shedinja|1\/1
|move|p2a: Malamar|Superpower|p1a: Shedinja
|-immune|p1a: Shedinja|[msg]
|
|-heal|p2a: Malamar|356\/376|[from] item: Leftovers
|upkeep
|turn|3
|c|★Landkon2|knock knock
|choice|move xscissor|move knockoff
|
|move|p2a: Malamar|Knock Off|p1a: Shedinja
|-supereffective|p1a: Shedinja
|-enditem|p1a: Shedinja|Focus Sash
|-damage|p1a: Shedinja|1\/1
|move|p1a: Shedinja|X-Scissor|p2a: Malamar
|-supereffective|p2a: Malamar
|-damage|p2a: Malamar|0 fnt
|faint|p2a: Malamar
|
|upkeep
|c|★Landkon2|knock off
|c|★Landkon2|WH
|choice||switch 3
|
|switch|p2a: Omastar|Omastar, F|343\/343
|turn|4
|c|★Landkon2|AAAAAAAAAAAAAAAAAAAAAAAAAA
|c|★Landkon2|MY OMASTAR HAS A WRONG MOVE
|choice|move willowisp|move ancientpower
|
|move|p1a: Shedinja|Will-O-Wisp|p2a: Omastar
|-status|p2a: Omastar|brn
|move|p2a: Omastar|Ancient Power|p1a: Shedinja
|-supereffective|p1a: Shedinja
|-damage|p1a: Shedinja|0 fnt
|faint|p1a: Shedinja
|
|-damage|p2a: Omastar|301\/343 brn|[from] brn
|upkeep
|choice|switch 2|
|
|switch|p1a: Malamar|Malamar, F|255\/376
|turn|5
|choice|move superpower|switch 4
|
|switch|p2a: Haunter|Haunter, M|231\/231
|move|p1a: Malamar|Superpower|p2a: Haunter
|-immune|p2a: Haunter|[msg]
|
|-heal|p1a: Malamar|278\/376|[from] item: Leftovers
|upkeep
|turn|6
|choice|move knockoff|move dazzlinggleam
|
|move|p2a: Haunter|Dazzling Gleam|p1a: Malamar
|-supereffective|p1a: Malamar
|-crit|p1a: Malamar
|-damage|p1a: Malamar|0 fnt
|faint|p1a: Malamar
|
|upkeep
|choice|switch 3|
|
|switch|p1a: Klinklang|Klinklang|310\/310
|turn|7
|choice|move shiftgear|switch 5
|
|switch|p2a: Machoke|Machoke, F|301\/301
|move|p1a: Klinklang|Shift Gear|p1a: Klinklang
|-boost|p1a: Klinklang|spe|2
|-boost|p1a: Klinklang|atk|1
|
|upkeep
|turn|8
|j|TacoTown7
|choice|move geargrind|move dynamicpunch
|
|move|p1a: Klinklang|Gear Grind|p2a: Machoke
|-damage|p2a: Machoke|144\/301
|-damage|p2a: Machoke|0 fnt
|-hitcount|p2a: Machoke|2
|faint|p2a: Machoke
|
|upkeep
|l|TacoTown7
|choice||switch 2
|
|switch|p2a: Klinklang|Klinklang|323\/323
|turn|9
|choice|move geargrind|move shiftgear
|
|move|p1a: Klinklang|Gear Grind|p2a: Klinklang
|-resisted|p2a: Klinklang
|-damage|p2a: Klinklang|281\/323
|-resisted|p2a: Klinklang
|-damage|p2a: Klinklang|240\/323
|-hitcount|p2a: Klinklang|2
|move|p2a: Klinklang|Shift Gear|p2a: Klinklang
|-boost|p2a: Klinklang|spe|2
|-boost|p2a: Klinklang|atk|1
|
|-heal|p2a: Klinklang|260\/323|[from] item: Leftovers
|upkeep
|turn|10
|choice|move shiftgear|move shiftgear
|
|move|p1a: Klinklang|Shift Gear|p1a: Klinklang
|-boost|p1a: Klinklang|spe|2
|-boost|p1a: Klinklang|atk|1
|move|p2a: Klinklang|Shift Gear|p2a: Klinklang
|-boost|p2a: Klinklang|spe|2
|-boost|p2a: Klinklang|atk|1
|
|-heal|p2a: Klinklang|280\/323|[from] item: Leftovers
|upkeep
|turn|11
|choice|move shiftgear|move shiftgear
|
|move|p2a: Klinklang|Shift Gear|p2a: Klinklang
|-boost|p2a: Klinklang|spe|2
|-boost|p2a: Klinklang|atk|1
|move|p1a: Klinklang|Shift Gear|p1a: Klinklang
|-boost|p1a: Klinklang|spe|2
|-boost|p1a: Klinklang|atk|1
|
|-heal|p2a: Klinklang|300\/323|[from] item: Leftovers
|upkeep
|turn|12
|choice|move shiftgear|move wildcharge
|
|move|p2a: Klinklang|Wild Charge|p1a: Klinklang
|-damage|p1a: Klinklang|158\/310
|-damage|p2a: Klinklang|262\/323|[from] recoil|[of] p1a: Klinklang
|move|p1a: Klinklang|Shift Gear|p1a: Klinklang
|-boost|p1a: Klinklang|spe|0
|-boost|p1a: Klinklang|atk|1
|
|-heal|p1a: Klinklang|177\/310|[from] item: Leftovers
|-heal|p2a: Klinklang|282\/323|[from] item: Leftovers
|upkeep
|turn|13
|choice|move geargrind|move shiftgear
|
|move|p2a: Klinklang|Shift Gear|p2a: Klinklang
|-boost|p2a: Klinklang|spe|0
|-boost|p2a: Klinklang|atk|1
|move|p1a: Klinklang|Gear Grind|p2a: Klinklang
|-resisted|p2a: Klinklang
|-damage|p2a: Klinklang|204\/323
|-resisted|p2a: Klinklang
|-damage|p2a: Klinklang|120\/323
|-hitcount|p2a: Klinklang|2
|
|-heal|p1a: Klinklang|196\/310|[from] item: Leftovers
|-heal|p2a: Klinklang|140\/323|[from] item: Leftovers
|upkeep
|turn|14
|choice|move geargrind|move wildcharge
|
|move|p2a: Klinklang|Wild Charge|p1a: Klinklang
|-damage|p1a: Klinklang|14\/310
|-damage|p2a: Klinklang|94\/323|[from] recoil|[of] p1a: Klinklang
|move|p1a: Klinklang|Gear Grind|p2a: Klinklang|[miss]
|-miss|p1a: Klinklang|p2a: Klinklang
|
|-heal|p2a: Klinklang|114\/323|[from] item: Leftovers
|-heal|p1a: Klinklang|33\/310|[from] item: Leftovers
|upkeep
|turn|15
|c|★Landkon2|well
|c|★Landkon2|OH
|choice|move geargrind|move wildcharge
|
|move|p2a: Klinklang|Wild Charge|p1a: Klinklang
|-damage|p1a: Klinklang|0 fnt
|-damage|p2a: Klinklang|106\/323|[from] recoil|[of] p1a: Klinklang
|faint|p1a: Klinklang
|
|-heal|p2a: Klinklang|126\/323|[from] item: Leftovers
|upkeep
|c|★Landkon2|HAX FTW
|c|★Landkon2|seriously tho
|c|★Landkon2|^^sorry m8^^
|choice|switch 6|
|
|switch|p1a: Spinda|Spinda, M|261\/261
|turn|16
|choice|move superpower|move geargrind
|
|move|p2a: Klinklang|Gear Grind|p1a: Spinda|[miss]
|-miss|p2a: Klinklang|p1a: Spinda
|move|p1a: Spinda|Superpower|p2a: Klinklang
|-supereffective|p2a: Klinklang
|-crit|p2a: Klinklang
|-damage|p2a: Klinklang|0 fnt
|-boost|p1a: Spinda|atk|1
|-boost|p1a: Spinda|def|1
|-damage|p1a: Spinda|235\/261|[from] item: Life Orb
|faint|p2a: Klinklang
|
|upkeep
|c|★Landkon2|ow
|choice||switch 6
|
|switch|p2a: Pinsir|Pinsir, F|271\/271
|turn|17
|choice|move superpower|move closecombat
|
|move|p2a: Pinsir|Close Combat|p1a: Spinda
|-supereffective|p1a: Spinda
|-damage|p1a: Spinda|0 fnt
|-unboost|p2a: Pinsir|def|1
|-unboost|p2a: Pinsir|spd|1
|faint|p1a: Spinda
|-ability|p2a: Pinsir|Moxie|boost
|-boost|p2a: Pinsir|atk|1
|
|upkeep
|choice|switch 5|
|
|switch|p1a: Kabutops|Kabutops, F|261\/261
|turn|18
|choice|move stoneedge|move closecombat
|
|move|p2a: Pinsir|Close Combat|p1a: Kabutops
|-supereffective|p1a: Kabutops
|-enditem|p1a: Kabutops|Focus Sash
|-damage|p1a: Kabutops|1\/261
|-ability|p1a: Kabutops|Weak Armor|boost
|-unboost|p1a: Kabutops|def|1
|-boost|p1a: Kabutops|spe|1
|-unboost|p2a: Pinsir|def|1
|-unboost|p2a: Pinsir|spd|1
|move|p1a: Kabutops|Stone Edge|p2a: Pinsir
|-supereffective|p2a: Pinsir
|-crit|p2a: Pinsir
|-damage|p2a: Pinsir|0 fnt
|faint|p2a: Pinsir
|
|upkeep
|choice||switch 4
|
|switch|p2a: Omastar|Omastar, F|301\/343 brn
|turn|19
|choice|move waterfall|move scald
|
|move|p1a: Kabutops|Waterfall|p2a: Omastar
|-damage|p2a: Omastar|189\/343 brn
|-ability|p2a: Omastar|Weak Armor|boost
|-unboost|p2a: Omastar|def|1
|-boost|p2a: Omastar|spe|1
|move|p2a: Omastar|Scald|p1a: Kabutops
|-damage|p1a: Kabutops|0 fnt
|faint|p1a: Kabutops
|
|-damage|p2a: Omastar|147\/343 brn|[from] brn
|upkeep
|choice|switch 4|
|
|switch|p1a: Purugly|Purugly, M|283\/283
|turn|20
|choice|move fakeout|move scald
|
|move|p1a: Purugly|Fake Out|p2a: Omastar
|-resisted|p2a: Omastar
|-damage|p2a: Omastar|110\/343 brn
|-ability|p2a: Omastar|Weak Armor|boost
|-unboost|p2a: Omastar|def|1
|-boost|p2a: Omastar|spe|1
|cant|p2a: Omastar|flinch
|
|-damage|p2a: Omastar|68\/343 brn|[from] brn
|upkeep
|turn|21
|j|TacoTown7
|choice|move knockoff|move scald
|
|move|p1a: Purugly|Knock Off|p2a: Omastar
|-damage|p2a: Omastar|0 fnt
|-enditem|p2a: Omastar|Focus Sash|[from] move: Knock Off|[of] p1a: Purugly
|faint|p2a: Omastar
|
|upkeep
|choice||switch 5
|
|switch|p2a: Haunter|Haunter, M|231\/231
|turn|22
|c|★Landkon2|gg
|choice|move knockoff|move sludgewave
|
|move|p1a: Purugly|Knock Off|p2a: Haunter
|-supereffective|p2a: Haunter
|-damage|p2a: Haunter|0 fnt
|-enditem|p2a: Haunter|Choice Specs|[from] move: Knock Off|[of] p1a: Purugly
|faint|p2a: Haunter
|
|win|Niatar
|player|p1
|player|p2
|c|★Niatar|gg
|l|Landkon2
|l|TacoTown7</script>
</div>
<div class="battle-log battle-log-inline"><div class="inner"><div class="battle-options"></div><div class="inner"><div class="chat"><small>Niatar joined.</small></div><div class="chat"><small>Landkon2 joined.</small></div><div class=""><small>Format:</small> <br><strong>NU</strong></div><div class=""><small><em>Baton Pass Speed Clause:</em> Limit one Baton Passer, can't pass Speed</small></div><div class=""><small><em>Sleep Clause Mod:</em> Limit one foe put to sleep</small></div><div class=""><small><em>Species Clause:</em> Limit one of each Pokémon</small></div><div class=""><small><em>OHKO Clause:</em> OHKO moves are banned</small></div><div class=""><small><em>Moody Clause:</em> Moody is banned</small></div><div class=""><small><em>Evasion Moves Clause:</em> Evasion moves are banned</small></div><div class=""><small><em>Endless Battle Clause:</em> Forcing endless battles is banned</small></div><div class=""><small><em>HP Percentage Mod:</em> HP is shown in percentages</small></div><div class=""><small><em>Swagger Clause:</em> Swagger is banned</small></div><div class=""><small><em>Baton Pass Clause:</em> Limit one Baton Passer, can't pass Spe and other stats simultaneously</small></div><div class="chat battle-history"><strong>Niatar's team:</strong> <em style="color:#445566;display:block;">Purugly / Shedinja / Klinklang / Malamar / Kabutops / Spinda</em></div><div class="chat battle-history"><strong>Landkon2's team:</strong> <em style="color:#445566;display:block;">Klinklang / Malamar / Omastar / Haunter / Machoke / Pinsir</em></div><div class="chat chatmessage-landkon2"><strong style="color:hsl(80,87%,33.995310857455%)"><small>★</small><span class="username" data-name="Landkon2">Landkon2</span>:</strong> <em>glhf</em></div><div class="chat chatmessage-landkon2"><strong style="color:hsl(80,87%,33.995310857455%)"><small>★</small><span class="username" data-name="Landkon2">Landkon2</span>:</strong> <em>nice shedinja</em></div><div class="chat chatmessage-niatar"><strong style="color:hsl(230,55%,60.38848493333334%)"><small>★</small><span class="username" data-name="Niatar">Niatar</span>:</strong> <em>gl hf</em></div><div class="spacer battle-history"><br></div><div class="battle-history">Battle started between Niatar and Landkon2!<br></div><div class="spacer battle-history"><br></div><div class="battle-history">Go! <strong>Malamar</strong>!<br></div><div class="spacer battle-history"><br></div><div class="battle-history">Landkon2 sent out <strong>Malamar</strong>!<br></div><div class="spacer battle-history"><br></div><h2 class="battle-history">Turn 1</h2><div class="spacer battle-history"><br></div><div class="battle-history">The opposing Malamar used <strong>Superpower</strong>!<br></div><div class="battle-history"><small>(Malamar lost <abbr title="−144/376">38.3%</abbr> of its health!)</small><br></div><div class="battle-history"><small>The opposing Malamar's Attack rose!</small><br></div><div class="battle-history"><small>The opposing Malamar's Defense rose!</small><br></div><div class="spacer battle-history"><br></div><div class="battle-history">Malamar used <strong>Superpower</strong>!<br></div><div class="battle-history"><small>(The opposing Malamar lost <abbr title="−66/376">17.6%</abbr> of its health!)</small><br></div><div class="battle-history"><small>Malamar's Attack rose!</small><br></div><div class="battle-history"><small>Malamar's Defense rose!</small><br></div><div class="spacer battle-history"><br></div><div class="battle-history"><small>Malamar restored a little HP using its Leftovers!</small><br></div><div class="battle-history"><small>The opposing Malamar restored a little HP using its Leftovers!</small><br></div><div class="spacer battle-history"><br></div><h2 class="battle-history">Turn 2</h2><div class="spacer battle-history"><br></div><div class="battle-history">Malamar, come back!<br></div><div class="battle-history">Go! <strong>Shedinja</strong>!<br></div><div class="spacer battle-history"><br></div><div class="battle-history">The opposing Malamar used <strong>Superpower</strong>!<br></div><div class="battle-history"><small>It doesn't affect Shedinja...</small><br></div><div class="spacer battle-history"><br></div><div class="battle-history"><small>The opposing Malamar restored a little HP using its Leftovers!</small><br></div><div class="spacer battle-history"><br></div><h2 class="battle-history">Turn 3</h2><div class="chat chatmessage-landkon2"><strong style="color:hsl(80,87%,33.995310857455%)"><small>★</small><span class="username" data-name="Landkon2">Landkon2</span>:</strong> <em>knock knock</em></div><div class="spacer battle-history"><br></div><div class="battle-history">The opposing Malamar used <strong>Knock Off</strong>!<br></div><div class="battle-history"><small>It's super effective!</small><br></div><div class="battle-history"><small>Shedinja hung on using its Focus Sash!</small><br></div><div class="battle-history"><small>(Shedinja lost <abbr title="0/1">0%</abbr> of its health!)</small><br></div><div class="spacer battle-history"><br></div><div class="battle-history">Shedinja used <strong>X-Scissor</strong>!<br></div><div class="battle-history"><small>It's super effective!</small><br></div><div class="battle-history"><small>(The opposing Malamar lost <abbr title="−356/376">94.7%</abbr> of its health!)</small><br></div><div class="spacer battle-history"><br></div><div class="battle-history">The opposing Malamar fainted!<br></div><div class="chat chatmessage-landkon2"><strong style="color:hsl(80,87%,33.995310857455%)"><small>★</small><span class="username" data-name="Landkon2">Landkon2</span>:</strong> <em>knock off</em></div><div class="chat chatmessage-landkon2"><strong style="color:hsl(80,87%,33.995310857455%)"><small>★</small><span class="username" data-name="Landkon2">Landkon2</span>:</strong> <em>WH</em></div><div class="spacer battle-history"><br></div><div class="battle-history">Landkon2 sent out <strong>Omastar</strong>!<br></div><div class="spacer battle-history"><br></div><h2 class="battle-history">Turn 4</h2><div class="chat chatmessage-landkon2"><strong style="color:hsl(80,87%,33.995310857455%)"><small>★</small><span class="username" data-name="Landkon2">Landkon2</span>:</strong> <em>AAAAAAAAAAAAAAAAAAAAAAAAAA</em></div><div class="chat chatmessage-landkon2"><strong style="color:hsl(80,87%,33.995310857455%)"><small>★</small><span class="username" data-name="Landkon2">Landkon2</span>:</strong> <em>MY OMASTAR HAS A WRONG MOVE</em></div><div class="spacer battle-history"><br></div><div class="battle-history">Shedinja used <strong>Will-O-Wisp</strong>!<br></div><div class="battle-history"><small>The opposing Omastar was burned!</small><br></div><div class="spacer battle-history"><br></div><div class="battle-history">The opposing Omastar used <strong>Ancient Power</strong>!<br></div><div class="battle-history"><small>It's super effective!</small><br></div><div class="battle-history"><small>(Shedinja lost <abbr title="−1/1">100%</abbr> of its health!)</small><br></div><div class="spacer battle-history"><br></div><div class="battle-history">Shedinja fainted!<br></div><div class="spacer battle-history"><br></div><div class="battle-history"><small>The opposing Omastar was hurt by its burn!</small><br></div><div class="spacer battle-history"><br></div><div class="battle-history">Go! <strong>Malamar</strong>!<br></div><div class="spacer battle-history"><br></div><h2 class="battle-history">Turn 5</h2><div class="spacer battle-history"><br></div><div class="battle-history">Landkon2 withdrew Omastar!<br></div><div class="battle-history">Landkon2 sent out <strong>Haunter</strong>!<br></div><div class="spacer battle-history"><br></div><div class="battle-history">Malamar used <strong>Superpower</strong>!<br></div><div class="battle-history"><small>It doesn't affect the opposing Haunter...</small><br></div><div class="spacer battle-history"><br></div><div class="battle-history"><small>Malamar restored a little HP using its Leftovers!</small><br></div><div class="spacer battle-history"><br></div><h2 class="battle-history">Turn 6</h2><div class="spacer battle-history"><br></div><div class="battle-history">The opposing Haunter used <strong>Dazzling Gleam</strong>!<br></div><div class="battle-history"><small>It's super effective!</small><br></div><div class="battle-history"><small>A critical hit!</small><br></div><div class="battle-history"><small>(Malamar lost <abbr title="−278/376">73.9%</abbr> of its health!)</small><br></div><div class="spacer battle-history"><br></div><div class="battle-history">Malamar fainted!<br></div><div class="spacer battle-history"><br></div><div class="battle-history">Go! <strong>Klinklang</strong>!<br></div><div class="spacer battle-history"><br></div><h2 class="battle-history">Turn 7</h2><div class="spacer battle-history"><br></div><div class="battle-history">Landkon2 withdrew Haunter!<br></div><div class="battle-history">Landkon2 sent out <strong>Machoke</strong>!<br></div><div class="spacer battle-history"><br></div><div class="battle-history">Klinklang used <strong>Shift Gear</strong>!<br></div><div class="battle-history"><small>Klinklang's Speed rose sharply!</small><br></div><div class="battle-history"><small>Klinklang's Attack rose!</small><br></div><div class="spacer battle-history"><br></div><h2 class="battle-history">Turn 8</h2><div class="chat"><small>TacoTown7 joined.</small></div><div class="spacer battle-history"><br></div><div class="battle-history">Klinklang used <strong>Gear Grind</strong>!<br></div><div class="battle-history"><small>(The opposing Machoke lost <abbr title="−157/301">52.2%</abbr> of its health!)</small><br></div><div class="battle-history"><small>(The opposing Machoke lost <abbr title="−144/301">47.8%</abbr> of its health!)</small><br></div><div class="battle-history"><small>Hit 2 times!</small><br></div><div class="spacer battle-history"><br></div><div class="battle-history">The opposing Machoke fainted!<br></div><div class="chat"><small>TacoTown7 left.</small></div><div class="spacer battle-history"><br></div><div class="battle-history">Landkon2 sent out <strong>Klinklang</strong>!<br></div><div class="spacer battle-history"><br></div><h2 class="battle-history">Turn 9</h2><div class="spacer battle-history"><br></div><div class="battle-history">Klinklang used <strong>Gear Grind</strong>!<br></div><div class="battle-history"><small>It's not very effective...</small><br></div><div class="battle-history"><small>(The opposing Klinklang lost <abbr title="−42/323">13.0%</abbr> of its health!)</small><br></div><div class="battle-history"><small>It's not very effective...</small><br></div><div class="battle-history"><small>(The opposing Klinklang lost <abbr title="−41/323">12.7%</abbr> of its health!)</small><br></div><div class="battle-history"><small>Hit 2 times!</small><br></div><div class="spacer battle-history"><br></div><div class="battle-history">The opposing Klinklang used <strong>Shift Gear</strong>!<br></div><div class="battle-history"><small>The opposing Klinklang's Speed rose sharply!</small><br></div><div class="battle-history"><small>The opposing Klinklang's Attack rose!</small><br></div><div class="spacer battle-history"><br></div><div class="battle-history"><small>The opposing Klinklang restored a little HP using its Leftovers!</small><br></div><div class="spacer battle-history"><br></div><h2 class="battle-history">Turn 10</h2><div class="spacer battle-history"><br></div><div class="battle-history">Klinklang used <strong>Shift Gear</strong>!<br></div><div class="battle-history"><small>Klinklang's Speed rose sharply!</small><br></div><div class="battle-history"><small>Klinklang's Attack rose!</small><br></div><div class="spacer battle-history"><br></div><div class="battle-history">The opposing Klinklang used <strong>Shift Gear</strong>!<br></div><div class="battle-history"><small>The opposing Klinklang's Speed rose sharply!</small><br></div><div class="battle-history"><small>The opposing Klinklang's Attack rose!</small><br></div><div class="spacer battle-history"><br></div><div class="battle-history"><small>The opposing Klinklang restored a little HP using its Leftovers!</small><br></div><div class="spacer battle-history"><br></div><h2 class="battle-history">Turn 11</h2><div class="spacer battle-history"><br></div><div class="battle-history">The opposing Klinklang used <strong>Shift Gear</strong>!<br></div><div class="battle-history"><small>The opposing Klinklang's Speed rose sharply!</small><br></div><div class="battle-history"><small>The opposing Klinklang's Attack rose!</small><br></div><div class="spacer battle-history"><br></div><div class="battle-history">Klinklang used <strong>Shift Gear</strong>!<br></div><div class="battle-history"><small>Klinklang's Speed rose sharply!</small><br></div><div class="battle-history"><small>Klinklang's Attack rose!</small><br></div><div class="spacer battle-history"><br></div><div class="battle-history"><small>The opposing Klinklang restored a little HP using its Leftovers!</small><br></div><div class="spacer battle-history"><br></div><h2 class="battle-history">Turn 12</h2><div class="spacer battle-history"><br></div><div class="battle-history">The opposing Klinklang used <strong>Wild Charge</strong>!<br></div><div class="battle-history"><small>(Klinklang lost <abbr title="−152/310">49.0%</abbr> of its health!)</small><br></div><div class="battle-history"><small>The opposing Klinklang is damaged by the recoil!</small><br></div><div class="spacer battle-history"><br></div><div class="battle-history">Klinklang used <strong>Shift Gear</strong>!<br></div><div class="battle-history"><small>Klinklang's Speed won't go any higher!</small><br></div><div class="battle-history"><small>Klinklang's Attack rose!</small><br></div><div class="spacer battle-history"><br></div><div class="battle-history"><small>Klinklang restored a little HP using its Leftovers!</small><br></div><div class="battle-history"><small>The opposing Klinklang restored a little HP using its Leftovers!</small><br></div><div class="spacer battle-history"><br></div><h2 class="battle-history">Turn 13</h2><div class="spacer battle-history"><br></div><div class="battle-history">The opposing Klinklang used <strong>Shift Gear</strong>!<br></div><div class="battle-history"><small>The opposing Klinklang's Speed won't go any higher!</small><br></div><div class="battle-history"><small>The opposing Klinklang's Attack rose!</small><br></div><div class="spacer battle-history"><br></div><div class="battle-history">Klinklang used <strong>Gear Grind</strong>!<br></div><div class="battle-history"><small>It's not very effective...</small><br></div><div class="battle-history"><small>(The opposing Klinklang lost <abbr title="−78/323">24.1%</abbr> of its health!)</small><br></div><div class="battle-history"><small>It's not very effective...</small><br></div><div class="battle-history"><small>(The opposing Klinklang lost <abbr title="−84/323">26.0%</abbr> of its health!)</small><br></div><div class="battle-history"><small>Hit 2 times!</small><br></div><div class="spacer battle-history"><br></div><div class="battle-history"><small>Klinklang restored a little HP using its Leftovers!</small><br></div><div class="battle-history"><small>The opposing Klinklang restored a little HP using its Leftovers!</small><br></div><div class="spacer battle-history"><br></div><h2 class="battle-history">Turn 14</h2><div class="spacer battle-history"><br></div><div class="battle-history">The opposing Klinklang used <strong>Wild Charge</strong>!<br></div><div class="battle-history"><small>(Klinklang lost <abbr title="−182/310">58.7%</abbr> of its health!)</small><br></div><div class="battle-history"><small>The opposing Klinklang is damaged by the recoil!</small><br></div><div class="spacer battle-history"><br></div><div class="battle-history">Klinklang used <strong>Gear Grind</strong>!<br></div><div class="battle-history"><small>The opposing Klinklang avoided the attack!</small><br></div><div class="spacer battle-history"><br></div><div class="battle-history"><small>The opposing Klinklang restored a little HP using its Leftovers!</small><br></div><div class="battle-history"><small>Klinklang restored a little HP using its Leftovers!</small><br></div><div class="spacer battle-history"><br></div><h2 class="battle-history">Turn 15</h2><div class="chat chatmessage-landkon2"><strong style="color:hsl(80,87%,33.995310857455%)"><small>★</small><span class="username" data-name="Landkon2">Landkon2</span>:</strong> <em>well</em></div><div class="chat chatmessage-landkon2"><strong style="color:hsl(80,87%,33.995310857455%)"><small>★</small><span class="username" data-name="Landkon2">Landkon2</span>:</strong> <em>OH</em></div><div class="spacer battle-history"><br></div><div class="battle-history">The opposing Klinklang used <strong>Wild Charge</strong>!<br></div><div class="battle-history"><small>(Klinklang lost <abbr title="−33/310">10.6%</abbr> of its health!)</small><br></div><div class="battle-history"><small>The opposing Klinklang is damaged by the recoil!</small><br></div><div class="spacer battle-history"><br></div><div class="battle-history">Klinklang fainted!<br></div><div class="spacer battle-history"><br></div><div class="battle-history"><small>The opposing Klinklang restored a little HP using its Leftovers!</small><br></div><div class="chat chatmessage-landkon2"><strong style="color:hsl(80,87%,33.995310857455%)"><small>★</small><span class="username" data-name="Landkon2">Landkon2</span>:</strong> <em>HAX FTW</em></div><div class="chat chatmessage-landkon2"><strong style="color:hsl(80,87%,33.995310857455%)"><small>★</small><span class="username" data-name="Landkon2">Landkon2</span>:</strong> <em>seriously tho</em></div><div class="chat chatmessage-landkon2"><strong style="color:hsl(80,87%,33.995310857455%)"><small>★</small><span class="username" data-name="Landkon2">Landkon2</span>:</strong> <em><sup>sorry m8</sup></em></div><div class="spacer battle-history"><br></div><div class="battle-history">Go! <strong>Spinda</strong>!<br></div><div class="spacer battle-history"><br></div><h2 class="battle-history">Turn 16</h2><div class="spacer battle-history"><br></div><div class="battle-history">The opposing Klinklang used <strong>Gear Grind</strong>!<br></div><div class="battle-history"><small>Spinda avoided the attack!</small><br></div><div class="spacer battle-history"><br></div><div class="battle-history">Spinda used <strong>Superpower</strong>!<br></div><div class="battle-history"><small>It's super effective!</small><br></div><div class="battle-history"><small>A critical hit!</small><br></div><div class="battle-history"><small>(The opposing Klinklang lost <abbr title="−126/323">39.0%</abbr> of its health!)</small><br></div><div class="battle-history"><small>Spinda's Attack rose!</small><br></div><div class="battle-history"><small>Spinda's Defense rose!</small><br></div><div class="battle-history"><small>Spinda lost some of its HP!</small><br></div><div class="spacer battle-history"><br></div><div class="battle-history">The opposing Klinklang fainted!<br></div><div class="chat chatmessage-landkon2"><strong style="color:hsl(80,87%,33.995310857455%)"><small>★</small><span class="username" data-name="Landkon2">Landkon2</span>:</strong> <em>ow</em></div><div class="spacer battle-history"><br></div><div class="battle-history">Landkon2 sent out <strong>Pinsir</strong>!<br></div><div class="spacer battle-history"><br></div><h2 class="battle-history">Turn 17</h2><div class="spacer battle-history"><br></div><div class="battle-history">The opposing Pinsir used <strong>Close Combat</strong>!<br></div><div class="battle-history"><small>It's super effective!</small><br></div><div class="battle-history"><small>(Spinda lost <abbr title="−235/261">90.0%</abbr> of its health!)</small><br></div><div class="battle-history"><small>The opposing Pinsir's Defense fell!</small><br></div><div class="battle-history"><small>The opposing Pinsir's Special Defense fell!</small><br></div><div class="spacer battle-history"><br></div><div class="battle-history">Spinda fainted!<br></div><div class="battle-history"><small>[The opposing Pinsir's Moxie]</small><br></div><div class="battle-history"><small>The opposing Pinsir's Attack rose!</small><br></div><div class="spacer battle-history"><br></div><div class="battle-history">Go! <strong>Kabutops</strong>!<br></div><div class="spacer battle-history"><br></div><h2 class="battle-history">Turn 18</h2><div class="spacer battle-history"><br></div><div class="battle-history">The opposing Pinsir used <strong>Close Combat</strong>!<br></div><div class="battle-history"><small>It's super effective!</small><br></div><div class="battle-history"><small>Kabutops hung on using its Focus Sash!</small><br></div><div class="battle-history"><small>(Kabutops lost <abbr title="−260/261">99.6%</abbr> of its health!)</small><br></div><div class="battle-history"><small>[Kabutops's Weak Armor]</small><br></div><div class="battle-history"><small>Kabutops's Defense fell!</small><br></div><div class="battle-history"><small>Kabutops's Speed rose!</small><br></div><div class="battle-history"><small>The opposing Pinsir's Defense fell!</small><br></div><div class="battle-history"><small>The opposing Pinsir's Special Defense fell!</small><br></div><div class="spacer battle-history"><br></div><div class="battle-history">Kabutops used <strong>Stone Edge</strong>!<br></div><div class="battle-history"><small>It's super effective!</small><br></div><div class="battle-history"><small>A critical hit!</small><br></div><div class="battle-history"><small>(The opposing Pinsir lost <abbr title="−271/271">100%</abbr> of its health!)</small><br></div><div class="spacer battle-history"><br></div><div class="battle-history">The opposing Pinsir fainted!<br></div><div class="spacer battle-history"><br></div><div class="battle-history">Landkon2 sent out <strong>Omastar</strong>!<br></div><div class="spacer battle-history"><br></div><h2 class="battle-history">Turn 19</h2><div class="spacer battle-history"><br></div><div class="battle-history">Kabutops used <strong>Waterfall</strong>!<br></div><div class="battle-history"><small>(The opposing Omastar lost <abbr title="−112/343">32.7%</abbr> of its health!)</small><br></div><div class="battle-history"><small>[The opposing Omastar's Weak Armor]</small><br></div><div class="battle-history"><small>The opposing Omastar's Defense fell!</small><br></div><div class="battle-history"><small>The opposing Omastar's Speed rose!</small><br></div><div class="spacer battle-history"><br></div><div class="battle-history">The opposing Omastar used <strong>Scald</strong>!<br></div><div class="battle-history"><small>(Kabutops lost <abbr title="−1/261">0.4%</abbr> of its health!)</small><br></div><div class="spacer battle-history"><br></div><div class="battle-history">Kabutops fainted!<br></div><div class="spacer battle-history"><br></div><div class="battle-history"><small>The opposing Omastar was hurt by its burn!</small><br></div><div class="spacer battle-history"><br></div><div class="battle-history">Go! <strong>Purugly</strong>!<br></div><div class="spacer battle-history"><br></div><h2 class="battle-history">Turn 20</h2><div class="spacer battle-history"><br></div><div class="battle-history">Purugly used <strong>Fake Out</strong>!<br></div><div class="battle-history"><small>It's not very effective...</small><br></div><div class="battle-history"><small>(The opposing Omastar lost <abbr title="−37/343">10.8%</abbr> of its health!)</small><br></div><div class="battle-history"><small>[The opposing Omastar's Weak Armor]</small><br></div><div class="battle-history"><small>The opposing Omastar's Defense fell!</small><br></div><div class="battle-history"><small>The opposing Omastar's Speed rose!</small><br></div><div class="spacer battle-history"><br></div><div class="battle-history">The opposing Omastar flinched and couldn't move!<br></div><div class="spacer battle-history"><br></div><div class="battle-history"><small>The opposing Omastar was hurt by its burn!</small><br></div><div class="spacer battle-history"><br></div><h2 class="battle-history">Turn 21</h2><div class="chat"><small>TacoTown7 joined.</small></div><div class="spacer battle-history"><br></div><div class="battle-history">Purugly used <strong>Knock Off</strong>!<br></div><div class="battle-history"><small>(The opposing Omastar lost <abbr title="−68/343">19.8%</abbr> of its health!)</small><br></div><div class="battle-history"><small>Purugly knocked off the opposing Omastar's Focus Sash!</small><br></div><div class="spacer battle-history"><br></div><div class="battle-history">The opposing Omastar fainted!<br></div><div class="spacer battle-history"><br></div><div class="battle-history">Landkon2 sent out <strong>Haunter</strong>!<br></div><div class="spacer battle-history"><br></div><h2 class="battle-history">Turn 22</h2><div class="chat chatmessage-landkon2"><strong style="color:hsl(80,87%,33.995310857455%)"><small>★</small><span class="username" data-name="Landkon2">Landkon2</span>:</strong> <em>gg</em></div><div class="spacer battle-history"><br></div><div class="battle-history">Purugly used <strong>Knock Off</strong>!<br></div><div class="battle-history"><small>It's super effective!</small><br></div><div class="battle-history"><small>(The opposing Haunter lost <abbr title="−231/231">100%</abbr> of its health!)</small><br></div><div class="battle-history"><small>Purugly knocked off the opposing Haunter's Choice Specs!</small><br></div><div class="spacer battle-history"><br></div><div class="battle-history">The opposing Haunter fainted!<br></div><div class="spacer battle-history"><br></div><div class="battle-history"><strong>Niatar</strong> won the battle!<br></div><div class="chat chatmessage-niatar"><strong style="color:hsl(230,55%,60.38848493333334%)"><small>★</small><span class="username" data-name="Niatar">Niatar</span>:</strong> <em>gg</em></div><div class="chat"><small>Landkon2 left.</small></div><div class="chat"><small>TacoTown7 left.</small></div></div><div class="inner-preempt"></div></div></div>
</div>
<script>
let daily = Math.floor(Date.now()/1000/60/60/24);document.write('<script src="https://play.pokemonshowdown.com/js/replay-embed.js?version'+daily+'"></'+'script>');
</script>
