<!DOCTYPE html>
<meta charset="utf-8" />
<!-- version 1 -->
<title>NU replay: Greenheroes vs. TheKira94</title>
<style>
html,body {font-family:Verdana, sans-serif;font-size:10pt;margin:0;padding:0;}body{padding:12px 0;} .battle-log {font-family:Verdana, sans-serif;font-size:10pt;} .battle-log-inline {border:1px solid #AAAAAA;background:#EEF2F5;color:black;max-width:640px;margin:0 auto 80px;padding-bottom:5px;} .battle-log .inner {padding:4px 8px 0px 8px;} .battle-log .inner-preempt {padding:0 8px 4px 8px;} .battle-log .inner-after {margin-top:0.5em;} .battle-log h2 {margin:0.5em -8px;padding:4px 8px;border:1px solid #AAAAAA;background:#E0E7EA;border-left:0;border-right:0;font-family:Verdana, sans-serif;font-size:13pt;} .battle-log .chat {vertical-align:middle;padding:3px 0 3px 0;font-size:8pt;} .battle-log .chat strong {color:#40576A;} .battle-log .chat em {padding:1px 4px 1px 3px;color:#000000;font-style:normal;} .chat.mine {background:rgba(0,0,0,0.05);margin-left:-8px;margin-right:-8px;padding-left:8px;padding-right:8px;} .spoiler {color:#BBBBBB;background:#BBBBBB;padding:0px 3px;} .spoiler:hover, .spoiler:active, .spoiler-shown {color:#000000;background:#E2E2E2;padding:0px 3px;} .spoiler a {color:#BBBBBB;} .spoiler:hover a, .spoiler:active a, .spoiler-shown a {color:#2288CC;} .chat code, .chat .spoiler:hover code, .chat .spoiler:active code, .chat .spoiler-shown code {border:1px solid #C0C0C0;background:#EEEEEE;color:black;padding:0 2px;} .chat .spoiler code {border:1px solid #CCCCCC;background:#CCCCCC;color:#CCCCCC;} .battle-log .rated {padding:3px 4px;} .battle-log .rated strong {color:white;background:#89A;padding:1px 4px;border-radius:4px;} .spacer {margin-top:0.5em;} .message-announce {background:#6688AA;color:white;padding:1px 4px 2px;} .message-announce a, .broadcast-green a, .broadcast-blue a, .broadcast-red a {color:#DDEEFF;} .broadcast-green {background-color:#559955;color:white;padding:2px 4px;} .broadcast-blue {background-color:#6688AA;color:white;padding:2px 4px;} .infobox {border:1px solid #6688AA;padding:2px 4px;} .infobox-limited {max-height:200px;overflow:auto;overflow-x:hidden;} .broadcast-red {background-color:#AA5544;color:white;padding:2px 4px;} .message-learn-canlearn {font-weight:bold;color:#228822;text-decoration:underline;} .message-learn-cannotlearn {font-weight:bold;color:#CC2222;text-decoration:underline;} .message-effect-weak {font-weight:bold;color:#CC2222;} .message-effect-resist {font-weight:bold;color:#6688AA;} .message-effect-immune {font-weight:bold;color:#666666;} .message-learn-list {margin-top:0;margin-bottom:0;} .message-throttle-notice, .message-error {color:#992222;} .message-overflow, .chat small.message-overflow {font-size:0pt;} .message-overflow::before {font-size:9pt;content:'...';} .subtle {color:#3A4A66;}
</style>
<div class="wrapper replay-wrapper" style="max-width:1180px;margin:0 auto">
<input type="hidden" name="replayid" value="pokestrat-nu-1341" />
<div class="battle"></div><div class="battle-log"></div><div class="replay-controls"></div><div class="replay-controls-2"></div>
<h1 style="font-weight:normal;text-align:center"><strong>NU</strong><br /><a href="http://pokemonshowdown.com/users/greenheroes" class="subtle" target="_blank">Greenheroes</a> vs. <a href="http://pokemonshowdown.com/users/thekira94" class="subtle" target="_blank">TheKira94</a></h1>
<script type="text/plain" class="battle-log-data">|j|Greenheroes
|j|TheKira94
|player|p1|Greenheroes|25
|player|p2|TheKira94|96
|gametype|singles
|gen|6
|tier|NU
|seed|33271,42950,22678,42786
|rule|Sleep Clause Mod: Limit one foe put to sleep
|rule|Species Clause: Limit one of each Pokémon
|rule|OHKO Clause: OHKO moves are banned
|rule|Moody Clause: Moody is banned
|rule|Evasion Moves Clause: Evasion moves are banned
|rule|Endless Battle Clause: Forcing endless battles is banned
|rule|HP Percentage Mod: HP is shown in percentages
|clearpoke
|poke|p1|Malamar, F|item
|poke|p1|Magmortar, M|item
|poke|p1|Mismagius, F|item
|poke|p1|Gastrodon, M|item
|poke|p1|Aggron, F|item
|poke|p1|Miltank, F|item
|poke|p2|Xatu, F|item
|poke|p2|Lanturn, F, shiny|item
|poke|p2|Torterra, F, shiny|item
|poke|p2|Magmortar, M|item
|poke|p2|Skuntank, F, shiny|item
|poke|p2|Mesprit|item
|rule|Swagger Clause: Swagger is banned
|rule|Baton Pass Clause: Limit one Baton Passer, can't pass Spe and other stats simultaneously
|teampreview
|c|☆Greenheroes|bonne chance
|c|☆TheKira94|Bonne chance Green :P
|c|☆TheKira94|*J'vais me faire rouler dessus*
|choice|team 1, team 2, team 3, team 4, team 5, team 6|team 2, team 1, team 3, team 4, team 5, team 6
|
|start
|switch|p1a: Malamar|Malamar, F|375\/375
|switch|p2a: Lampe Portative|Lanturn, F, shiny|391\/391
|turn|1
|choice|move substitute|move voltswitch
|
|move|p1a: Malamar|Substitute|p1a: Malamar
|-start|p1a: Malamar|Substitute
|-damage|p1a: Malamar|282\/375
|move|p2a: Lampe Portative|Volt Switch|p1a: Malamar
|-end|p1a: Malamar|Substitute
|choice||switch 6
|
|switch|p2a: Volontia|Mesprit|301\/301
|
|-heal|p1a: Malamar|305\/375|[from] item: Leftovers
|upkeep
|turn|2
|choice|switch 5|move uturn
|
|switch|p1a: Aggron|Aggron, F|281\/281
|move|p2a: Volontia|U-turn|p1a: Aggron
|-resisted|p1a: Aggron
|-damage|p1a: Aggron|265\/281
|choice||switch 6
|
|switch|p2a: Lampe Portative|Lanturn, F, shiny|391\/391
|
|upkeep
|turn|3
|choice|switch 4|move scald
|
|switch|p1a: Gastrodon|Gastrodon, M|426\/426
|move|p2a: Lampe Portative|Scald|p1a: Gastrodon
|-ability|p1a: Gastrodon|Storm Drain|boost
|-boost|p1a: Gastrodon|spa|1
|
|upkeep
|turn|4
|choice|move scald|move hiddenpower
|
|move|p2a: Lampe Portative|Hidden Power|p1a: Gastrodon
|-supereffective|p1a: Gastrodon
|-damage|p1a: Gastrodon|254\/426
|move|p1a: Gastrodon|Scald|p2a: Lampe Portative
|-resisted|p2a: Lampe Portative
|-damage|p2a: Lampe Portative|340\/391
|
|-heal|p1a: Gastrodon|280\/426|[from] item: Leftovers
|upkeep
|turn|5
|choice|move earthpower|move hiddenpower
|
|move|p2a: Lampe Portative|Hidden Power|p1a: Gastrodon
|-supereffective|p1a: Gastrodon
|-damage|p1a: Gastrodon|92\/426
|move|p1a: Gastrodon|Earth Power|p2a: Lampe Portative
|-supereffective|p2a: Lampe Portative
|-damage|p2a: Lampe Portative|142\/391
|
|-heal|p1a: Gastrodon|118\/426|[from] item: Leftovers
|upkeep
|turn|6
|choice|switch 6|move hiddenpower
|
|switch|p1a: Miltank|Miltank, F|394\/394
|move|p2a: Lampe Portative|Hidden Power|p1a: Miltank
|-damage|p1a: Miltank|344\/394
|
|-heal|p1a: Miltank|368\/394|[from] item: Leftovers
|upkeep
|turn|7
|j|Mega-Amphi
|choice|move stealthrock|move voltswitch
|
|move|p1a: Miltank|Stealth Rock|p2a: Lampe Portative
|-sidestart|p2: TheKira94|move: Stealth Rock
|move|p2a: Lampe Portative|Volt Switch|p1a: Miltank
|-damage|p1a: Miltank|284\/394
|choice||switch 5
|
|switch|p2a: Doux Parfum|Skuntank, F, shiny|347\/347
|-damage|p2a: Doux Parfum|304\/347|[from] Stealth Rock
|
|-heal|p1a: Miltank|308\/394|[from] item: Leftovers
|upkeep
|turn|8
|choice|move bodyslam|move taunt
|
|move|p2a: Doux Parfum|Taunt|p1a: Miltank
|-start|p1a: Miltank|move: Taunt
|move|p1a: Miltank|Body Slam|p2a: Doux Parfum
|-damage|p2a: Doux Parfum|195\/347
|
|-heal|p1a: Miltank|332\/394|[from] item: Leftovers
|upkeep
|turn|9
|choice|move bodyslam|move poisonjab
|
|move|p2a: Doux Parfum|Poison Jab|p1a: Miltank
|-damage|p1a: Miltank|214\/394
|-status|p1a: Miltank|psn
|move|p1a: Miltank|Body Slam|p2a: Doux Parfum
|-damage|p2a: Doux Parfum|78\/347
|
|-heal|p1a: Miltank|238\/394 psn|[from] item: Leftovers
|-damage|p1a: Miltank|189\/394 psn|[from] psn
|upkeep
|turn|10
|choice|move bodyslam|move suckerpunch
|
|move|p2a: Doux Parfum|Sucker Punch|p1a: Miltank
|-damage|p1a: Miltank|71\/394 psn
|move|p1a: Miltank|Body Slam|p2a: Doux Parfum
|-damage|p2a: Doux Parfum|0 fnt
|-damage|p1a: Miltank|0 fnt|[from] ability: Aftermath|[of] p2a: Doux Parfum
|faint|p1a: Miltank
|faint|p2a: Doux Parfum
|
|upkeep
|choice|switch 3|switch 6
|
|switch|p1a: Mismagius|Mismagius, F|261\/261
|switch|p2a: Volontia|Mesprit|301\/301
|-damage|p2a: Volontia|264\/301|[from] Stealth Rock
|turn|11
|choice|move substitute|move psychic
|
|move|p2a: Volontia|Psychic|p1a: Mismagius
|-damage|p1a: Mismagius|126\/261
|move|p1a: Mismagius|Substitute|p1a: Mismagius
|-start|p1a: Mismagius|Substitute
|-damage|p1a: Mismagius|61\/261
|
|upkeep
|turn|12
|choice|move shadowball|move psychic
|
|move|p2a: Volontia|Psychic|p1a: Mismagius
|-end|p1a: Mismagius|Substitute
|move|p1a: Mismagius|Shadow Ball|p2a: Volontia
|-supereffective|p2a: Volontia
|-damage|p2a: Volontia|36\/301
|
|upkeep
|turn|13
|choice|switch 5|move psychic
|
|switch|p1a: Malamar|Malamar, F|305\/375
|move|p2a: Volontia|Psychic|p1a: Malamar
|-immune|p1a: Malamar|[msg]
|
|-heal|p1a: Malamar|328\/375|[from] item: Leftovers
|upkeep
|turn|14
|choice|move substitute|switch 3
|
|switch|p2a: Banzai Marcheur|Torterra, F, shiny|332\/332
|-damage|p2a: Banzai Marcheur|312\/332|[from] Stealth Rock
|move|p1a: Malamar|Substitute|p1a: Malamar
|-start|p1a: Malamar|Substitute
|-damage|p1a: Malamar|235\/375
|
|-heal|p1a: Malamar|258\/375|[from] item: Leftovers
|upkeep
|turn|15
|choice|move superpower|move seedbomb
|
|move|p2a: Banzai Marcheur|Seed Bomb|p1a: Malamar
|-end|p1a: Malamar|Substitute
|move|p1a: Malamar|Superpower|p2a: Banzai Marcheur
|-damage|p2a: Banzai Marcheur|223\/332
|-boost|p1a: Malamar|atk|1
|-boost|p1a: Malamar|def|1
|
|-heal|p1a: Malamar|281\/375|[from] item: Leftovers
|upkeep
|turn|16
|choice|move knockoff|move seedbomb
|
|move|p2a: Banzai Marcheur|Seed Bomb|p1a: Malamar
|-damage|p1a: Malamar|130\/375
|move|p1a: Malamar|Knock Off|p2a: Banzai Marcheur
|-damage|p2a: Banzai Marcheur|61\/332
|-enditem|p2a: Banzai Marcheur|Choice Band|[from] move: Knock Off|[of] p1a: Malamar
|
|-heal|p1a: Malamar|153\/375|[from] item: Leftovers
|upkeep
|turn|17
|choice|move substitute|move earthquake
|
|move|p2a: Banzai Marcheur|Earthquake|p1a: Malamar
|-damage|p1a: Malamar|33\/375
|move|p1a: Malamar|Substitute|p1a: Malamar
|-fail|p1a: Malamar|move: Substitute|[weak]
|
|-heal|p1a: Malamar|56\/375|[from] item: Leftovers
|upkeep
|turn|18
|choice|switch 5|move seedbomb
|
|switch|p1a: Mismagius|Mismagius, F|61\/261
|move|p2a: Banzai Marcheur|Seed Bomb|p1a: Mismagius
|-damage|p1a: Mismagius|0 fnt
|faint|p1a: Mismagius
|
|upkeep
|choice|switch 2|
|
|switch|p1a: Magmortar|Magmortar, M|291\/291
|turn|19
|choice|move fireblast|switch 5
|
|switch|p2a: Lampe Portative|Lanturn, F, shiny|142\/391
|-damage|p2a: Lampe Portative|94\/391|[from] Stealth Rock
|move|p1a: Magmortar|Fire Blast|p2a: Lampe Portative
|-resisted|p2a: Lampe Portative
|-damage|p2a: Lampe Portative|28\/391
|
|upkeep
|turn|20
|choice|switch 6|move scald
|
|switch|p1a: Gastrodon|Gastrodon, M|118\/426
|move|p2a: Lampe Portative|Scald|p1a: Gastrodon
|-ability|p1a: Gastrodon|Storm Drain|boost
|-boost|p1a: Gastrodon|spa|1
|
|-heal|p1a: Gastrodon|144\/426|[from] item: Leftovers
|upkeep
|turn|21
|choice|move earthpower|move hiddenpower
|
|move|p2a: Lampe Portative|Hidden Power|p1a: Gastrodon
|-supereffective|p1a: Gastrodon
|-damage|p1a: Gastrodon|0 fnt
|faint|p1a: Gastrodon
|
|upkeep
|choice|switch 6|
|
|switch|p1a: Magmortar|Magmortar, M|291\/291
|turn|22
|choice|move hiddenpower|move scald
|
|move|p1a: Magmortar|Hidden Power|p2a: Lampe Portative
|-supereffective|p2a: Lampe Portative
|-damage|p2a: Lampe Portative|0 fnt
|faint|p2a: Lampe Portative
|
|upkeep
|choice||switch 2
|
|switch|p2a: DieuToutPuissant|Xatu, F|334\/334
|-damage|p2a: DieuToutPuissant|251\/334|[from] Stealth Rock
|turn|23
|choice|move thunderbolt|move calmmind
|
|move|p1a: Magmortar|Thunderbolt|p2a: DieuToutPuissant
|-supereffective|p2a: DieuToutPuissant
|-damage|p2a: DieuToutPuissant|0 fnt
|faint|p2a: DieuToutPuissant
|
|upkeep
|j|Glacio.EXE
|c|☆TheKira94|Et mince j'ai pensé tu étais Specs x)
|choice||switch 4
|
|switch|p2a: Paul ❤❤|Magmortar, M|291\/291
|-damage|p2a: Paul ❤❤|219\/291|[from] Stealth Rock
|turn|24
|choice|move thunderbolt|move earthquake
|
|move|p1a: Magmortar|Thunderbolt|p2a: Paul ❤❤
|-damage|p2a: Paul ❤❤|97\/291
|move|p2a: Paul ❤❤|Earthquake|p1a: Magmortar
|-supereffective|p1a: Magmortar
|-crit|p1a: Magmortar
|-damage|p1a: Magmortar|0 fnt
|faint|p1a: Magmortar
|
|upkeep
|choice|switch 5|
|
|switch|p1a: Malamar|Malamar, F|56\/375
|turn|25
|c|☆Greenheroes|gg
|c|☆TheKira94|J'espère que le CC n'est pas important
|choice|move knockoff|move thunderbolt
|
|move|p2a: Paul ❤❤|Thunderbolt|p1a: Malamar
|-damage|p1a: Malamar|0 fnt
|faint|p1a: Malamar
|
|upkeep
|choice|switch 4|
|
|switch|p1a: Aggron|Aggron, F|265\/281
|turn|26
|choice|move headsmash|move earthquake
|
|move|p2a: Paul ❤❤|Earthquake|p1a: Aggron
|-supereffective|p1a: Aggron
|-damage|p1a: Aggron|35\/281
|move|p1a: Aggron|Head Smash|p2a: Paul ❤❤|[miss]
|-miss|p1a: Aggron|p2a: Paul ❤❤
|
|upkeep
|turn|27
|c|☆Greenheroes|...
|c|☆TheKira94|:\/
|c|☆Greenheroes|j'aurais win
|c|☆Greenheroes|ou pas
|l|Glacio.EXE
|c|☆TheKira94|Il reste encore Torterra ^^
|c|☆TheKira94|Bref gg et désolé :\/
|j|ft gaming
|c|☆Greenheroes|bah torterra il a plus de vie
|j|Lovely Togekiss ❤
|c|☆TheKira94|Mais il est plus rapide je suppose
|c|☆Greenheroes|combien il a en speed?
|c|☆TheKira94|211
|c|☆Greenheroes|199
|c|☆Greenheroes|gg
|c|☆TheKira94|Bah voilà x)
|c|☆TheKira94|Gg :P
|c| ft gaming|xD le surnom de maganon
|c|☆TheKira94|ouais :D
|choice|move headsmash|move earthquake
|
|move|p2a: Paul ❤❤|Earthquake|p1a: Aggron
|-supereffective|p1a: Aggron
|-damage|p1a: Aggron|0 fnt
|faint|p1a: Aggron
|
|win|TheKira94
|player|p1
|player|p2
|l|ft gaming</script>
</div>
<div class="battle-log battle-log-inline"><div class="inner"><div class="battle-options"></div><div class="inner"><div class="chat"><small>Greenheroes joined.</small></div><div class="chat"><small>TheKira94 joined.</small></div><div class=""><small>Format:</small> <br><strong>NU</strong></div><div class=""><small><em>Sleep Clause Mod:</em> Limit one foe put to sleep</small></div><div class=""><small><em>Species Clause:</em> Limit one of each Pokémon</small></div><div class=""><small><em>OHKO Clause:</em> OHKO moves are banned</small></div><div class=""><small><em>Moody Clause:</em> Moody is banned</small></div><div class=""><small><em>Evasion Moves Clause:</em> Evasion moves are banned</small></div><div class=""><small><em>Endless Battle Clause:</em> Forcing endless battles is banned</small></div><div class=""><small><em>HP Percentage Mod:</em> HP is shown in percentages</small></div><div class=""><small><em>Swagger Clause:</em> Swagger is banned</small></div><div class=""><small><em>Baton Pass Clause:</em> Limit one Baton Passer, can't pass Spe and other stats simultaneously</small></div><div class="chat battle-history"><strong>Greenheroes's team:</strong> <em style="color:#445566;display:block;">Malamar / Magmortar / Mismagius / Gastrodon / Aggron / Miltank</em></div><div class="chat battle-history"><strong>TheKira94's team:</strong> <em style="color:#445566;display:block;">Xatu / Lanturn / Torterra / Magmortar / Skuntank / Mesprit</em></div><div class="chat chatmessage-greenheroes"><strong style="color:hsl(265,74%,56.967384459884016%)"><small>☆</small><span class="username" data-name="Greenheroes">Greenheroes</span>:</strong> <em>bonne chance</em></div><div class="chat chatmessage-thekira94"><strong style="color:hsl(354,66%,49.41315008903113%)"><small>☆</small><span class="username" data-name="TheKira94">TheKira94</span>:</strong> <em>Bonne chance Green :P</em></div><div class="chat chatmessage-thekira94"><strong style="color:hsl(354,66%,49.41315008903113%)"><small>☆</small><span class="username" data-name="TheKira94">TheKira94</span>:</strong> <em>*J'vais me faire rouler dessus*</em></div><div class="spacer battle-history"><br></div><div class="battle-history">Battle started between Greenheroes and TheKira94!<br></div><div class="spacer battle-history"><br></div><div class="battle-history">Go! <strong>Malamar</strong>!<br></div><div class="spacer battle-history"><br></div><div class="battle-history">TheKira94 sent out Lampe Portative (<strong>Lanturn</strong>)!<br></div><div class="spacer battle-history"><br></div><h2 class="battle-history">Turn 1</h2><div class="spacer battle-history"><br></div><div class="battle-history">Malamar used <strong>Substitute</strong>!<br></div><div class="battle-history"><small>Malamar put in a substitute!</small><br></div><div class="battle-history"><small>(Malamar lost <abbr title="−93/375">24.8%</abbr> of its health!)</small><br></div><div class="spacer battle-history"><br></div><div class="battle-history">The opposing Lampe Portative used <strong>Volt Switch</strong>!<br></div><div class="battle-history"><small>Malamar's substitute faded!</small><br></div><div class="spacer battle-history"><br></div><div class="battle-history">The opposing Lampe Portative went back to TheKira94!<br></div><div class="battle-history">TheKira94 sent out Volontia (<strong>Mesprit</strong>)!<br></div><div class="spacer battle-history"><br></div><div class="battle-history"><small>Malamar restored a little HP using its Leftovers!</small><br></div><div class="spacer battle-history"><br></div><h2 class="battle-history">Turn 2</h2><div class="spacer battle-history"><br></div><div class="battle-history">Malamar, come back!<br></div><div class="battle-history">Go! <strong>Aggron</strong>!<br></div><div class="spacer battle-history"><br></div><div class="battle-history">The opposing Volontia used <strong>U-turn</strong>!<br></div><div class="battle-history"><small>It's not very effective...</small><br></div><div class="battle-history"><small>(Aggron lost <abbr title="−16/281">5.7%</abbr> of its health!)</small><br></div><div class="spacer battle-history"><br></div><div class="battle-history">The opposing Volontia went back to TheKira94!<br></div><div class="battle-history">TheKira94 sent out Lampe Portative (<strong>Lanturn</strong>)!<br></div><div class="spacer battle-history"><br></div><h2 class="battle-history">Turn 3</h2><div class="spacer battle-history"><br></div><div class="battle-history">Aggron, come back!<br></div><div class="battle-history">Go! <strong>Gastrodon</strong>!<br></div><div class="spacer battle-history"><br></div><div class="battle-history">The opposing Lampe Portative used <strong>Scald</strong>!<br></div><div class="battle-history"><small>[Gastrodon's Storm Drain]</small><br></div><div class="battle-history"><small>Gastrodon's Special Attack rose!</small><br></div><div class="spacer battle-history"><br></div><h2 class="battle-history">Turn 4</h2><div class="spacer battle-history"><br></div><div class="battle-history">The opposing Lampe Portative used <strong>Hidden Power</strong>!<br></div><div class="battle-history"><small>It's super effective!</small><br></div><div class="battle-history"><small>(Gastrodon lost <abbr title="−172/426">40.4%</abbr> of its health!)</small><br></div><div class="spacer battle-history"><br></div><div class="battle-history">Gastrodon used <strong>Scald</strong>!<br></div><div class="battle-history"><small>It's not very effective...</small><br></div><div class="battle-history"><small>(The opposing Lampe Portative lost <abbr title="−51/391">13.0%</abbr> of its health!)</small><br></div><div class="spacer battle-history"><br></div><div class="battle-history"><small>Gastrodon restored a little HP using its Leftovers!</small><br></div><div class="spacer battle-history"><br></div><h2 class="battle-history">Turn 5</h2><div class="spacer battle-history"><br></div><div class="battle-history">The opposing Lampe Portative used <strong>Hidden Power</strong>!<br></div><div class="battle-history"><small>It's super effective!</small><br></div><div class="battle-history"><small>(Gastrodon lost <abbr title="−188/426">44.1%</abbr> of its health!)</small><br></div><div class="spacer battle-history"><br></div><div class="battle-history">Gastrodon used <strong>Earth Power</strong>!<br></div><div class="battle-history"><small>It's super effective!</small><br></div><div class="battle-history"><small>(The opposing Lampe Portative lost <abbr title="−198/391">50.6%</abbr> of its health!)</small><br></div><div class="spacer battle-history"><br></div><div class="battle-history"><small>Gastrodon restored a little HP using its Leftovers!</small><br></div><div class="spacer battle-history"><br></div><h2 class="battle-history">Turn 6</h2><div class="spacer battle-history"><br></div><div class="battle-history">Gastrodon, come back!<br></div><div class="battle-history">Go! <strong>Miltank</strong>!<br></div><div class="spacer battle-history"><br></div><div class="battle-history">The opposing Lampe Portative used <strong>Hidden Power</strong>!<br></div><div class="battle-history"><small>(Miltank lost <abbr title="−50/394">12.7%</abbr> of its health!)</small><br></div><div class="spacer battle-history"><br></div><div class="battle-history"><small>Miltank restored a little HP using its Leftovers!</small><br></div><div class="spacer battle-history"><br></div><h2 class="battle-history">Turn 7</h2><div class="chat"><small>Mega-Amphi joined.</small></div><div class="spacer battle-history"><br></div><div class="battle-history">Miltank used <strong>Stealth Rock</strong>!<br></div><div class="battle-history"><small>Pointed stones float in the air around the opposing team!</small><br></div><div class="spacer battle-history"><br></div><div class="battle-history">The opposing Lampe Portative used <strong>Volt Switch</strong>!<br></div><div class="battle-history"><small>(Miltank lost <abbr title="−84/394">21.3%</abbr> of its health!)</small><br></div><div class="spacer battle-history"><br></div><div class="battle-history">The opposing Lampe Portative went back to TheKira94!<br></div><div class="battle-history">TheKira94 sent out Doux Parfum (<strong>Skuntank</strong>)!<br></div><div class="battle-history"><small>Pointed stones dug into the opposing Doux Parfum!</small><br></div><div class="spacer battle-history"><br></div><div class="battle-history"><small>Miltank restored a little HP using its Leftovers!</small><br></div><div class="spacer battle-history"><br></div><h2 class="battle-history">Turn 8</h2><div class="spacer battle-history"><br></div><div class="battle-history">The opposing Doux Parfum used <strong>Taunt</strong>!<br></div><div class="battle-history"><small>Miltank fell for the taunt!</small><br></div><div class="spacer battle-history"><br></div><div class="battle-history">Miltank used <strong>Body Slam</strong>!<br></div><div class="battle-history"><small>(The opposing Doux Parfum lost <abbr title="−109/347">31.4%</abbr> of its health!)</small><br></div><div class="spacer battle-history"><br></div><div class="battle-history"><small>Miltank restored a little HP using its Leftovers!</small><br></div><div class="spacer battle-history"><br></div><h2 class="battle-history">Turn 9</h2><div class="spacer battle-history"><br></div><div class="battle-history">The opposing Doux Parfum used <strong>Poison Jab</strong>!<br></div><div class="battle-history"><small>(Miltank lost <abbr title="−118/394">29.9%</abbr> of its health!)</small><br></div><div class="battle-history"><small>Miltank was poisoned!</small><br></div><div class="spacer battle-history"><br></div><div class="battle-history">Miltank used <strong>Body Slam</strong>!<br></div><div class="battle-history"><small>(The opposing Doux Parfum lost <abbr title="−117/347">33.7%</abbr> of its health!)</small><br></div><div class="spacer battle-history"><br></div><div class="battle-history"><small>Miltank restored a little HP using its Leftovers!</small><br></div><div class="battle-history"><small>Miltank was hurt by poison!</small><br></div><div class="spacer battle-history"><br></div><h2 class="battle-history">Turn 10</h2><div class="spacer battle-history"><br></div><div class="battle-history">The opposing Doux Parfum used <strong>Sucker Punch</strong>!<br></div><div class="battle-history"><small>(Miltank lost <abbr title="−118/394">29.9%</abbr> of its health!)</small><br></div><div class="spacer battle-history"><br></div><div class="battle-history">Miltank used <strong>Body Slam</strong>!<br></div><div class="battle-history"><small>(The opposing Doux Parfum lost <abbr title="−78/347">22.5%</abbr> of its health!)</small><br></div><div class="battle-history"><small>[The opposing Doux Parfum's Aftermath]</small><br><small>Miltank is hurt!</small><br></div><div class="spacer battle-history"><br></div><div class="battle-history">Miltank fainted!<br></div><div class="battle-history">The opposing Doux Parfum fainted!<br></div><div class="spacer battle-history"><br></div><div class="battle-history">Go! <strong>Mismagius</strong>!<br></div><div class="spacer battle-history"><br></div><div class="battle-history">TheKira94 sent out Volontia (<strong>Mesprit</strong>)!<br></div><div class="battle-history"><small>Pointed stones dug into the opposing Volontia!</small><br></div><div class="spacer battle-history"><br></div><h2 class="battle-history">Turn 11</h2><div class="spacer battle-history"><br></div><div class="battle-history">The opposing Volontia used <strong>Psychic</strong>!<br></div><div class="battle-history"><small>(Mismagius lost <abbr title="−135/261">51.7%</abbr> of its health!)</small><br></div><div class="spacer battle-history"><br></div><div class="battle-history">Mismagius used <strong>Substitute</strong>!<br></div><div class="battle-history"><small>Mismagius put in a substitute!</small><br></div><div class="battle-history"><small>(Mismagius lost <abbr title="−65/261">24.9%</abbr> of its health!)</small><br></div><div class="spacer battle-history"><br></div><h2 class="battle-history">Turn 12</h2><div class="spacer battle-history"><br></div><div class="battle-history">The opposing Volontia used <strong>Psychic</strong>!<br></div><div class="battle-history"><small>Mismagius's substitute faded!</small><br></div><div class="spacer battle-history"><br></div><div class="battle-history">Mismagius used <strong>Shadow Ball</strong>!<br></div><div class="battle-history"><small>It's super effective!</small><br></div><div class="battle-history"><small>(The opposing Volontia lost <abbr title="−228/301">75.7%</abbr> of its health!)</small><br></div><div class="spacer battle-history"><br></div><h2 class="battle-history">Turn 13</h2><div class="spacer battle-history"><br></div><div class="battle-history">Mismagius, come back!<br></div><div class="battle-history">Go! <strong>Malamar</strong>!<br></div><div class="spacer battle-history"><br></div><div class="battle-history">The opposing Volontia used <strong>Psychic</strong>!<br></div><div class="battle-history"><small>It doesn't affect Malamar...</small><br></div><div class="spacer battle-history"><br></div><div class="battle-history"><small>Malamar restored a little HP using its Leftovers!</small><br></div><div class="spacer battle-history"><br></div><h2 class="battle-history">Turn 14</h2><div class="spacer battle-history"><br></div><div class="battle-history">TheKira94 withdrew Volontia!<br></div><div class="battle-history">TheKira94 sent out Banzai Marcheur (<strong>Torterra</strong>)!<br></div><div class="battle-history"><small>Pointed stones dug into the opposing Banzai Marcheur!</small><br></div><div class="spacer battle-history"><br></div><div class="battle-history">Malamar used <strong>Substitute</strong>!<br></div><div class="battle-history"><small>Malamar put in a substitute!</small><br></div><div class="battle-history"><small>(Malamar lost <abbr title="−93/375">24.8%</abbr> of its health!)</small><br></div><div class="spacer battle-history"><br></div><div class="battle-history"><small>Malamar restored a little HP using its Leftovers!</small><br></div><div class="spacer battle-history"><br></div><h2 class="battle-history">Turn 15</h2><div class="spacer battle-history"><br></div><div class="battle-history">The opposing Banzai Marcheur used <strong>Seed Bomb</strong>!<br></div><div class="battle-history"><small>Malamar's substitute faded!</small><br></div><div class="spacer battle-history"><br></div><div class="battle-history">Malamar used <strong>Superpower</strong>!<br></div><div class="battle-history"><small>(The opposing Banzai Marcheur lost <abbr title="−89/332">26.8%</abbr> of its health!)</small><br></div><div class="battle-history"><small>Malamar's Attack rose!</small><br></div><div class="battle-history"><small>Malamar's Defense rose!</small><br></div><div class="spacer battle-history"><br></div><div class="battle-history"><small>Malamar restored a little HP using its Leftovers!</small><br></div><div class="spacer battle-history"><br></div><h2 class="battle-history">Turn 16</h2><div class="spacer battle-history"><br></div><div class="battle-history">The opposing Banzai Marcheur used <strong>Seed Bomb</strong>!<br></div><div class="battle-history"><small>(Malamar lost <abbr title="−151/375">40.3%</abbr> of its health!)</small><br></div><div class="spacer battle-history"><br></div><div class="battle-history">Malamar used <strong>Knock Off</strong>!<br></div><div class="battle-history"><small>(The opposing Banzai Marcheur lost <abbr title="−162/332">48.8%</abbr> of its health!)</small><br></div><div class="battle-history"><small>Malamar knocked off the opposing Banzai Marcheur's Choice Band!</small><br></div><div class="spacer battle-history"><br></div><div class="battle-history"><small>Malamar restored a little HP using its Leftovers!</small><br></div><div class="spacer battle-history"><br></div><h2 class="battle-history">Turn 17</h2><div class="spacer battle-history"><br></div><div class="battle-history">The opposing Banzai Marcheur used <strong>Earthquake</strong>!<br></div><div class="battle-history"><small>(Malamar lost <abbr title="−120/375">32%</abbr> of its health!)</small><br></div><div class="spacer battle-history"><br></div><div class="battle-history">Malamar used <strong>Substitute</strong>!<br></div><div class="battle-history"><small>But it does not have enough HP left to make a substitute!</small><br></div><div class="spacer battle-history"><br></div><div class="battle-history"><small>Malamar restored a little HP using its Leftovers!</small><br></div><div class="spacer battle-history"><br></div><h2 class="battle-history">Turn 18</h2><div class="spacer battle-history"><br></div><div class="battle-history">Malamar, come back!<br></div><div class="battle-history">Go! <strong>Mismagius</strong>!<br></div><div class="spacer battle-history"><br></div><div class="battle-history">The opposing Banzai Marcheur used <strong>Seed Bomb</strong>!<br></div><div class="battle-history"><small>(Mismagius lost <abbr title="−61/261">23.4%</abbr> of its health!)</small><br></div><div class="spacer battle-history"><br></div><div class="battle-history">Mismagius fainted!<br></div><div class="spacer battle-history"><br></div><div class="battle-history">Go! <strong>Magmortar</strong>!<br></div><div class="spacer battle-history"><br></div><h2 class="battle-history">Turn 19</h2><div class="spacer battle-history"><br></div><div class="battle-history">TheKira94 withdrew Banzai Marcheur!<br></div><div class="battle-history">TheKira94 sent out Lampe Portative (<strong>Lanturn</strong>)!<br></div><div class="battle-history"><small>Pointed stones dug into the opposing Lampe Portative!</small><br></div><div class="spacer battle-history"><br></div><div class="battle-history">Magmortar used <strong>Fire Blast</strong>!<br></div><div class="battle-history"><small>It's not very effective...</small><br></div><div class="battle-history"><small>(The opposing Lampe Portative lost <abbr title="−66/391">16.9%</abbr> of its health!)</small><br></div><div class="spacer battle-history"><br></div><h2 class="battle-history">Turn 20</h2><div class="spacer battle-history"><br></div><div class="battle-history">Magmortar, come back!<br></div><div class="battle-history">Go! <strong>Gastrodon</strong>!<br></div><div class="spacer battle-history"><br></div><div class="battle-history">The opposing Lampe Portative used <strong>Scald</strong>!<br></div><div class="battle-history"><small>[Gastrodon's Storm Drain]</small><br></div><div class="battle-history"><small>Gastrodon's Special Attack rose!</small><br></div><div class="spacer battle-history"><br></div><div class="battle-history"><small>Gastrodon restored a little HP using its Leftovers!</small><br></div><div class="spacer battle-history"><br></div><h2 class="battle-history">Turn 21</h2><div class="spacer battle-history"><br></div><div class="battle-history">The opposing Lampe Portative used <strong>Hidden Power</strong>!<br></div><div class="battle-history"><small>It's super effective!</small><br></div><div class="battle-history"><small>(Gastrodon lost <abbr title="−144/426">33.8%</abbr> of its health!)</small><br></div><div class="spacer battle-history"><br></div><div class="battle-history">Gastrodon fainted!<br></div><div class="spacer battle-history"><br></div><div class="battle-history">Go! <strong>Magmortar</strong>!<br></div><div class="spacer battle-history"><br></div><h2 class="battle-history">Turn 22</h2><div class="spacer battle-history"><br></div><div class="battle-history">Magmortar used <strong>Hidden Power</strong>!<br></div><div class="battle-history"><small>It's super effective!</small><br></div><div class="battle-history"><small>(The opposing Lampe Portative lost <abbr title="−28/391">7.2%</abbr> of its health!)</small><br></div><div class="spacer battle-history"><br></div><div class="battle-history">The opposing Lampe Portative fainted!<br></div><div class="spacer battle-history"><br></div><div class="battle-history">TheKira94 sent out DieuToutPuissant (<strong>Xatu</strong>)!<br></div><div class="battle-history"><small>Pointed stones dug into the opposing DieuToutPuissant!</small><br></div><div class="spacer battle-history"><br></div><h2 class="battle-history">Turn 23</h2><div class="spacer battle-history"><br></div><div class="battle-history">Magmortar used <strong>Thunderbolt</strong>!<br></div><div class="battle-history"><small>It's super effective!</small><br></div><div class="battle-history"><small>(The opposing DieuToutPuissant lost <abbr title="−251/334">75.1%</abbr> of its health!)</small><br></div><div class="spacer battle-history"><br></div><div class="battle-history">The opposing DieuToutPuissant fainted!<br></div><div class="chat"><small>Glacio.EXE joined.</small></div><div class="chat chatmessage-thekira94"><strong style="color:hsl(354,66%,49.41315008903113%)"><small>☆</small><span class="username" data-name="TheKira94">TheKira94</span>:</strong> <em>Et mince j'ai pensé tu étais Specs x)</em></div><div class="spacer battle-history"><br></div><div class="battle-history">TheKira94 sent out Paul ❤❤ (<strong>Magmortar</strong>)!<br></div><div class="battle-history"><small>Pointed stones dug into the opposing Paul ❤❤!</small><br></div><div class="spacer battle-history"><br></div><h2 class="battle-history">Turn 24</h2><div class="spacer battle-history"><br></div><div class="battle-history">Magmortar used <strong>Thunderbolt</strong>!<br></div><div class="battle-history"><small>(The opposing Paul ❤❤ lost <abbr title="−122/291">41.9%</abbr> of its health!)</small><br></div><div class="spacer battle-history"><br></div><div class="battle-history">The opposing Paul ❤❤ used <strong>Earthquake</strong>!<br></div><div class="battle-history"><small>It's super effective!</small><br></div><div class="battle-history"><small>A critical hit!</small><br></div><div class="battle-history"><small>(Magmortar lost <abbr title="−291/291">100%</abbr> of its health!)</small><br></div><div class="spacer battle-history"><br></div><div class="battle-history">Magmortar fainted!<br></div><div class="spacer battle-history"><br></div><div class="battle-history">Go! <strong>Malamar</strong>!<br></div><div class="spacer battle-history"><br></div><h2 class="battle-history">Turn 25</h2><div class="chat chatmessage-greenheroes"><strong style="color:hsl(265,74%,56.967384459884016%)"><small>☆</small><span class="username" data-name="Greenheroes">Greenheroes</span>:</strong> <em>gg</em></div><div class="chat chatmessage-thekira94"><strong style="color:hsl(354,66%,49.41315008903113%)"><small>☆</small><span class="username" data-name="TheKira94">TheKira94</span>:</strong> <em>J'espère que le CC n'est pas important</em></div><div class="spacer battle-history"><br></div><div class="battle-history">The opposing Paul ❤❤ used <strong>Thunderbolt</strong>!<br></div><div class="battle-history"><small>(Malamar lost <abbr title="−56/375">14.9%</abbr> of its health!)</small><br></div><div class="spacer battle-history"><br></div><div class="battle-history">Malamar fainted!<br></div><div class="spacer battle-history"><br></div><div class="battle-history">Go! <strong>Aggron</strong>!<br></div><div class="spacer battle-history"><br></div><h2 class="battle-history">Turn 26</h2><div class="spacer battle-history"><br></div><div class="battle-history">The opposing Paul ❤❤ used <strong>Earthquake</strong>!<br></div><div class="battle-history"><small>It's super effective!</small><br></div><div class="battle-history"><small>(Aggron lost <abbr title="−230/281">81.9%</abbr> of its health!)</small><br></div><div class="spacer battle-history"><br></div><div class="battle-history">Aggron used <strong>Head Smash</strong>!<br></div><div class="battle-history"><small>The opposing Paul ❤❤ avoided the attack!</small><br></div><div class="spacer battle-history"><br></div><h2 class="battle-history">Turn 27</h2><div class="chat chatmessage-greenheroes"><strong style="color:hsl(265,74%,56.967384459884016%)"><small>☆</small><span class="username" data-name="Greenheroes">Greenheroes</span>:</strong> <em>...</em></div><div class="chat chatmessage-thekira94"><strong style="color:hsl(354,66%,49.41315008903113%)"><small>☆</small><span class="username" data-name="TheKira94">TheKira94</span>:</strong> <em>:/</em></div><div class="chat chatmessage-greenheroes"><strong style="color:hsl(265,74%,56.967384459884016%)"><small>☆</small><span class="username" data-name="Greenheroes">Greenheroes</span>:</strong> <em>j'aurais win</em></div><div class="chat chatmessage-greenheroes"><strong style="color:hsl(265,74%,56.967384459884016%)"><small>☆</small><span class="username" data-name="Greenheroes">Greenheroes</span>:</strong> <em>ou pas</em></div><div class="chat"><small>Glacio.EXE left.</small></div><div class="chat chatmessage-thekira94"><strong style="color:hsl(354,66%,49.41315008903113%)"><small>☆</small><span class="username" data-name="TheKira94">TheKira94</span>:</strong> <em>Il reste encore Torterra ^^</em></div><div class="chat chatmessage-thekira94"><strong style="color:hsl(354,66%,49.41315008903113%)"><small>☆</small><span class="username" data-name="TheKira94">TheKira94</span>:</strong> <em>Bref gg et désolé :/</em></div><div class="chat"><small>ft gaming joined.</small></div><div class="chat chatmessage-greenheroes"><strong style="color:hsl(265,74%,56.967384459884016%)"><small>☆</small><span class="username" data-name="Greenheroes">Greenheroes</span>:</strong> <em>bah torterra il a plus de vie</em></div><div class="chat"><small>Lovely Togekiss ❤ joined.</small></div><div class="chat chatmessage-thekira94"><strong style="color:hsl(354,66%,49.41315008903113%)"><small>☆</small><span class="username" data-name="TheKira94">TheKira94</span>:</strong> <em>Mais il est plus rapide je suppose</em></div><div class="chat chatmessage-greenheroes"><strong style="color:hsl(265,74%,56.967384459884016%)"><small>☆</small><span class="username" data-name="Greenheroes">Greenheroes</span>:</strong> <em>combien il a en speed?</em></div><div class="chat chatmessage-thekira94"><strong style="color:hsl(354,66%,49.41315008903113%)"><small>☆</small><span class="username" data-name="TheKira94">TheKira94</span>:</strong> <em>211</em></div><div class="chat chatmessage-greenheroes"><strong style="color:hsl(265,74%,56.967384459884016%)"><small>☆</small><span class="username" data-name="Greenheroes">Greenheroes</span>:</strong> <em>199</em></div><div class="chat chatmessage-greenheroes"><strong style="color:hsl(265,74%,56.967384459884016%)"><small>☆</small><span class="username" data-name="Greenheroes">Greenheroes</span>:</strong> <em>gg</em></div><div class="chat chatmessage-thekira94"><strong style="color:hsl(354,66%,49.41315008903113%)"><small>☆</small><span class="username" data-name="TheKira94">TheKira94</span>:</strong> <em>Bah voilà x)</em></div><div class="chat chatmessage-thekira94"><strong style="color:hsl(354,66%,49.41315008903113%)"><small>☆</small><span class="username" data-name="TheKira94">TheKira94</span>:</strong> <em>Gg :P</em></div><div class="chat chatmessage-ftgaming"><strong style="color:hsl(212,71%,49.73152250515251%)"><small> </small><span class="username" data-name="ft gaming">ft gaming</span>:</strong> <em>xD le surnom de maganon</em></div><div class="chat chatmessage-thekira94"><strong style="color:hsl(354,66%,49.41315008903113%)"><small>☆</small><span class="username" data-name="TheKira94">TheKira94</span>:</strong> <em>ouais :D</em></div><div class="spacer battle-history"><br></div><div class="battle-history">The opposing Paul ❤❤ used <strong>Earthquake</strong>!<br></div><div class="battle-history"><small>It's super effective!</small><br></div><div class="battle-history"><small>(Aggron lost <abbr title="−35/281">12.5%</abbr> of its health!)</small><br></div><div class="spacer battle-history"><br></div><div class="battle-history">Aggron fainted!<br></div><div class="spacer battle-history"><br></div><div class="battle-history"><strong>TheKira94</strong> won the battle!<br></div><div class="chat"><small>ft gaming left.</small></div></div><div class="inner-preempt"></div></div></div>
</div>
<script>
let daily = Math.floor(Date.now()/1000/60/60/24);document.write('<script src="https://play.pokemonshowdown.com/js/replay-embed.js?version'+daily+'"></'+'script>');
</script>
