<!DOCTYPE html>
<meta charset="utf-8" />
<!-- version 1 -->
<title>NU replay: namubae vs. AlnasrAltair</title>
<style>
html,body {font-family:Verdana, sans-serif;font-size:10pt;margin:0;padding:0;}body{padding:12px 0;} .battle-log {font-family:Verdana, sans-serif;font-size:10pt;} .battle-log-inline {border:1px solid #AAAAAA;background:#EEF2F5;color:black;max-width:640px;margin:0 auto 80px;padding-bottom:5px;} .battle-log .inner {padding:4px 8px 0px 8px;} .battle-log .inner-preempt {padding:0 8px 4px 8px;} .battle-log .inner-after {margin-top:0.5em;} .battle-log h2 {margin:0.5em -8px;padding:4px 8px;border:1px solid #AAAAAA;background:#E0E7EA;border-left:0;border-right:0;font-family:Verdana, sans-serif;font-size:13pt;} .battle-log .chat {vertical-align:middle;padding:3px 0 3px 0;font-size:8pt;} .battle-log .chat strong {color:#40576A;} .battle-log .chat em {padding:1px 4px 1px 3px;color:#000000;font-style:normal;} .chat.mine {background:rgba(0,0,0,0.05);margin-left:-8px;margin-right:-8px;padding-left:8px;padding-right:8px;} .spoiler {color:#BBBBBB;background:#BBBBBB;padding:0px 3px;} .spoiler:hover, .spoiler:active, .spoiler-shown {color:#000000;background:#E2E2E2;padding:0px 3px;} .spoiler a {color:#BBBBBB;} .spoiler:hover a, .spoiler:active a, .spoiler-shown a {color:#2288CC;} .chat code, .chat .spoiler:hover code, .chat .spoiler:active code, .chat .spoiler-shown code {border:1px solid #C0C0C0;background:#EEEEEE;color:black;padding:0 2px;} .chat .spoiler code {border:1px solid #CCCCCC;background:#CCCCCC;color:#CCCCCC;} .battle-log .rated {padding:3px 4px;} .battle-log .rated strong {color:white;background:#89A;padding:1px 4px;border-radius:4px;} .spacer {margin-top:0.5em;} .message-announce {background:#6688AA;color:white;padding:1px 4px 2px;} .message-announce a, .broadcast-green a, .broadcast-blue a, .broadcast-red a {color:#DDEEFF;} .broadcast-green {background-color:#559955;color:white;padding:2px 4px;} .broadcast-blue {background-color:#6688AA;color:white;padding:2px 4px;} .infobox {border:1px solid #6688AA;padding:2px 4px;} .infobox-limited {max-height:200px;overflow:auto;overflow-x:hidden;} .broadcast-red {background-color:#AA5544;color:white;padding:2px 4px;} .message-learn-canlearn {font-weight:bold;color:#228822;text-decoration:underline;} .message-learn-cannotlearn {font-weight:bold;color:#CC2222;text-decoration:underline;} .message-effect-weak {font-weight:bold;color:#CC2222;} .message-effect-resist {font-weight:bold;color:#6688AA;} .message-effect-immune {font-weight:bold;color:#666666;} .message-learn-list {margin-top:0;margin-bottom:0;} .message-throttle-notice, .message-error {color:#992222;} .message-overflow, .chat small.message-overflow {font-size:0pt;} .message-overflow::before {font-size:9pt;content:'...';} .subtle {color:#3A4A66;}
</style>
<div class="wrapper replay-wrapper" style="max-width:1180px;margin:0 auto">
<input type="hidden" name="replayid" value="nu-578845116" />
<div class="battle"></div><div class="battle-log"></div><div class="replay-controls"></div><div class="replay-controls-2"></div>
<h1 style="font-weight:normal;text-align:center"><strong>NU</strong><br /><a href="http://pokemonshowdown.com/users/namubae" class="subtle" target="_blank">namubae</a> vs. <a href="http://pokemonshowdown.com/users/alnasraltair" class="subtle" target="_blank">AlnasrAltair</a></h1>
<script type="text/plain" class="battle-log-data">|j|namubae
|j|AlnasrAltair
|player|p1|namubae|86
|teamsize|p1|6
|player|p2|AlnasrAltair|278
|teamsize|p2|6
|gametype|singles
|gen|6
|tier|NU
|seed|27396,59015,14364,59726
|rule|Sleep Clause Mod: Limit one foe put to sleep
|rule|Species Clause: Limit one of each Pokémon
|rule|OHKO Clause: OHKO moves are banned
|rule|Moody Clause: Moody is banned
|rule|Evasion Moves Clause: Evasion moves are banned
|rule|Endless Battle Clause: Forcing endless battles is banned
|rule|HP Percentage Mod: HP is shown in percentages
|clearpoke
|poke|p1|Steelix, M|item
|poke|p1|Regirock|item
|poke|p1|Miltank, F|item
|poke|p1|Hitmonchan, M|item
|poke|p1|Mesprit|item
|poke|p1|Haunter, F|item
|poke|p2|Hitmonchan, M, shiny|item
|poke|p2|Primeape, M, shiny|item
|poke|p2|Aggron, M|item
|poke|p2|Charizard, M, shiny|item
|poke|p2|Musharna, F, shiny|item
|poke|p2|Samurott, M, shiny|item
|rule|Swagger Clause: Swagger is banned
|rule|Baton Pass Clause: Limit one Baton Passer, can't pass Spe and other stats simultaneously
|teampreview
|inactive|Battle timer is ON: inactive players will automatically lose when time's up. (requested by AlnasrAltair)
|choice|team 2, team 1, team 3, team 4, team 5, team 6|team 5, team 2, team 3, team 4, team 1, team 6
|
|start
|switch|p1a: ca ncer|Regirock|329\/329
|switch|p2a: She itan|Musharna, F, shiny|436\/436
|-item|p1a: ca ncer|Air Balloon
|turn|1
|choice|move stealthrock|switch 3
|
|switch|p2a: Sheit an|Aggron, M|308\/308
|move|p1a: ca ncer|Stealth Rock|p2a: Sheit an
|-sidestart|p2: AlnasrAltair|move: Stealth Rock
|
|upkeep
|turn|2
|choice|move protect|move autotomize
|
|move|p1a: ca ncer|Protect|p1a: ca ncer
|-singleturn|p1a: ca ncer|Protect
|move|p2a: Sheit an|Autotomize|p2a: Sheit an
|-boost|p2a: Sheit an|spe|2
|-start|p2a: Sheit an|Autotomize
|
|upkeep
|turn|3
|choice|switch 2|move ironhead
|
|switch|p1a: cancer|Steelix, M|323\/323
|move|p2a: Sheit an|Iron Head|p1a: cancer
|-resisted|p1a: cancer
|-damage|p1a: cancer|289\/323
|
|upkeep
|turn|4
|choice|move earthquake|move earthquake
|
|move|p2a: Sheit an|Earthquake|p1a: cancer
|-supereffective|p1a: cancer
|-damage|p1a: cancer|177\/323
|move|p1a: cancer|Earthquake|p2a: Sheit an
|-supereffective|p2a: Sheit an
|-damage|p2a: Sheit an|8\/308
|-enditem|p2a: Sheit an|Sitrus Berry|[eat]
|-heal|p2a: Sheit an|85\/308|[from] item: Sitrus Berry
|
|upkeep
|turn|5
|choice|move ironhead|switch 4
|
|switch|p2a: Shei tan|Charizard, M, shiny|298\/298
|-damage|p2a: Shei tan|149\/298|[from] stealthrock
|move|p1a: cancer|Iron Head|p2a: Shei tan
|-resisted|p2a: Shei tan
|-damage|p2a: Shei tan|77\/298
|
|upkeep
|turn|6
|choice|switch 3|move flamethrower
|
|switch|p1a: canc er|Miltank, F|331\/331
|move|p2a: Shei tan|Flamethrower|p1a: canc er
|-damage|p1a: canc er|159\/331
|-damage|p2a: Shei tan|48\/298|[from] item: Life Orb
|
|upkeep
|turn|7
|choice|move bodyslam|move defog
|
|move|p1a: canc er|Body Slam|p2a: Shei tan
|-damage|p2a: Shei tan|0 fnt
|faint|p2a: Shei tan
|
|upkeep
|choice||switch 2
|
|switch|p2a: Sheita n|Primeape, M, shiny|271\/271
|-damage|p2a: Sheita n|255\/271|[from] stealthrock
|turn|8
|choice|move thunderwave|move closecombat
|
|move|p1a: canc er|Thunder Wave|p2a: Sheita n
|-status|p2a: Sheita n|par
|cant|p2a: Sheita n|par
|
|upkeep
|turn|9
|choice|switch 5|move closecombat
|
|switch|p1a: cerca n|Mesprit|349\/349
|move|p2a: Sheita n|Close Combat|p1a: cerca n
|-resisted|p1a: cerca n
|-damage|p1a: cerca n|253\/349
|-unboost|p2a: Sheita n|def|1
|-unboost|p2a: Sheita n|spd|1
|
|-heal|p1a: cerca n|274\/349|[from] item: Leftovers
|upkeep
|turn|10
|choice|move calmmind|switch 6
|
|switch|p2a: Sh eitan|Samurott, M, shiny|376\/376
|-damage|p2a: Sh eitan|329\/376|[from] stealthrock
|move|p1a: cerca n|Calm Mind|p1a: cerca n
|-boost|p1a: cerca n|spa|1
|-boost|p1a: cerca n|spd|1
|
|-heal|p1a: cerca n|295\/349|[from] item: Leftovers
|upkeep
|turn|11
|choice|move toxic|move scald
|
|move|p1a: cerca n|Toxic|p2a: Sh eitan
|-status|p2a: Sh eitan|tox
|move|p2a: Sh eitan|Scald|p1a: cerca n
|-damage|p1a: cerca n|172\/349
|
|-heal|p1a: cerca n|193\/349|[from] item: Leftovers
|-damage|p2a: Sh eitan|306\/376 tox|[from] psn
|upkeep
|turn|12
|choice|move calmmind|move scald
|
|move|p1a: cerca n|Calm Mind|p1a: cerca n
|-boost|p1a: cerca n|spa|1
|-boost|p1a: cerca n|spd|1
|move|p2a: Sh eitan|Scald|p1a: cerca n
|-damage|p1a: cerca n|93\/349
|
|-heal|p1a: cerca n|114\/349|[from] item: Leftovers
|-damage|p2a: Sh eitan|260\/376 tox|[from] psn
|upkeep
|turn|13
|choice|move psychic|move scald
|
|move|p1a: cerca n|Psychic|p2a: Sh eitan
|-damage|p2a: Sh eitan|0 fnt
|faint|p2a: Sh eitan
|
|-heal|p1a: cerca n|135\/349|[from] item: Leftovers
|upkeep
|choice||switch 5
|
|switch|p2a: Sheitan|Hitmonchan, M, shiny|241\/241
|-damage|p2a: Sheitan|226\/241|[from] stealthrock
|turn|14
|choice|move psychic|move icepunch
|
|move|p2a: Sheitan|Ice Punch|p1a: cerca n
|-damage|p1a: cerca n|22\/349
|-damage|p2a: Sheitan|202\/241|[from] item: Life Orb
|move|p1a: cerca n|Psychic|p2a: Sheitan
|-supereffective|p2a: Sheitan
|-damage|p2a: Sheitan|0 fnt
|faint|p2a: Sheitan
|
|-heal|p1a: cerca n|43\/349|[from] item: Leftovers
|upkeep
|choice||switch 6
|
|switch|p2a: Sheita n|Primeape, M, shiny|255\/271 par
|-damage|p2a: Sheita n|239\/271 par|[from] stealthrock
|turn|15
|choice|move psychic|move thunderpunch
|
|move|p1a: cerca n|Psychic|p2a: Sheita n
|-supereffective|p2a: Sheita n
|-damage|p2a: Sheita n|0 fnt
|faint|p2a: Sheita n
|
|-heal|p1a: cerca n|64\/349|[from] item: Leftovers
|upkeep
|choice||switch 3
|
|switch|p2a: She itan|Musharna, F, shiny|436\/436
|-damage|p2a: She itan|382\/436|[from] stealthrock
|turn|16
|choice|move toxic|move dazzlinggleam
|
|move|p1a: cerca n|Toxic|p2a: She itan
|-status|p2a: She itan|tox
|-activate|p2a: She itan|ability: Synchronize
|-status|p1a: cerca n|tox
|move|p2a: She itan|Dazzling Gleam|p1a: cerca n
|-damage|p1a: cerca n|23\/349 tox
|
|-heal|p1a: cerca n|44\/349 tox|[from] item: Leftovers
|-heal|p2a: She itan|409\/436 tox|[from] item: Leftovers
|-damage|p1a: cerca n|23\/349 tox|[from] psn
|-damage|p2a: She itan|382\/436 tox|[from] psn
|upkeep
|turn|17
|choice|move psychic|move calmmind
|
|move|p1a: cerca n|Psychic|p2a: She itan
|-resisted|p2a: She itan
|-damage|p2a: She itan|238\/436 tox
|move|p2a: She itan|Calm Mind|p2a: She itan
|-boost|p2a: She itan|spa|1
|-boost|p2a: She itan|spd|1
|
|-heal|p1a: cerca n|44\/349 tox|[from] item: Leftovers
|-heal|p2a: She itan|265\/436 tox|[from] item: Leftovers
|-damage|p1a: cerca n|2\/349 tox|[from] psn
|-damage|p2a: She itan|211\/436 tox|[from] psn
|upkeep
|turn|18
|choice|move psychic|move calmmind
|
|move|p1a: cerca n|Psychic|p2a: She itan
|-resisted|p2a: She itan
|-damage|p2a: She itan|116\/436 tox
|move|p2a: She itan|Calm Mind|p2a: She itan
|-boost|p2a: She itan|spa|1
|-boost|p2a: She itan|spd|1
|
|-heal|p1a: cerca n|23\/349 tox|[from] item: Leftovers
|-heal|p2a: She itan|143\/436 tox|[from] item: Leftovers
|-damage|p1a: cerca n|0 fnt|[from] psn
|-damage|p2a: She itan|62\/436 tox|[from] psn
|upkeep
|faint|p1a: cerca n
|choice|switch 6|
|
|switch|p1a: cerc an|Haunter, F|231\/231
|turn|19
|choice|move shadowball|move dazzlinggleam
|
|move|p1a: cerc an|Shadow Ball|p2a: She itan
|-supereffective|p2a: She itan
|-damage|p2a: She itan|0 fnt
|faint|p2a: She itan
|
|upkeep
|choice||switch 4
|
|switch|p2a: Sheit an|Aggron, M|85\/308
|-damage|p2a: Sheit an|66\/308|[from] stealthrock
|turn|20
|choice|move gigadrain|move headsmash
|
|move|p1a: cerc an|Giga Drain|p2a: Sheit an
|-damage|p2a: Sheit an|0 fnt
|faint|p2a: Sheit an
|
|win|namubae</script>
</div>
<div class="battle-log battle-log-inline"><div class="inner"><div class="battle-options"></div><div class="inner"><div class="chat"><small>namubae joined.</small></div><div class="chat"><small>AlnasrAltair joined.</small></div><div class=""><small>Format:</small> <br><strong>NU</strong></div><div class=""><small><em>Sleep Clause Mod:</em> Limit one foe put to sleep</small></div><div class=""><small><em>Species Clause:</em> Limit one of each Pokémon</small></div><div class=""><small><em>OHKO Clause:</em> OHKO moves are banned</small></div><div class=""><small><em>Moody Clause:</em> Moody is banned</small></div><div class=""><small><em>Evasion Moves Clause:</em> Evasion moves are banned</small></div><div class=""><small><em>Endless Battle Clause:</em> Forcing endless battles is banned</small></div><div class=""><small><em>HP Percentage Mod:</em> HP is shown in percentages</small></div><div class=""><small><em>Swagger Clause:</em> Swagger is banned</small></div><div class=""><small><em>Baton Pass Clause:</em> Limit one Baton Passer, can't pass Spe and other stats simultaneously</small></div><div class="chat battle-history"><strong>namubae's team:</strong> <em style="color:#445566;display:block;">Steelix / Regirock / Miltank / Hitmonchan / Mesprit / Haunter</em></div><div class="chat battle-history"><strong>AlnasrAltair's team:</strong> <em style="color:#445566;display:block;">Hitmonchan / Primeape / Aggron / Charizard / Musharna / Samurott</em></div><div class="chat message-error">Battle timer is ON: inactive players will automatically lose when time's up. (requested by AlnasrAltair)</div><div class="spacer battle-history"><br></div><div class="battle-history">Battle started between namubae and AlnasrAltair!<br></div><div class="spacer battle-history"><br></div><div class="battle-history">Go! ca ncer (<strong>Regirock</strong>)!<br></div><div class="spacer battle-history"><br></div><div class="battle-history">AlnasrAltair sent out She itan (<strong>Musharna</strong>)!<br></div><div class="battle-history"><small>ca ncer floats in the air with its Air Balloon!</small><br></div><div class="spacer battle-history"><br></div><h2 class="battle-history">Turn 1</h2><div class="spacer battle-history"><br></div><div class="battle-history">AlnasrAltair withdrew She itan!<br></div><div class="battle-history">AlnasrAltair sent out Sheit an (<strong>Aggron</strong>)!<br></div><div class="spacer battle-history"><br></div><div class="battle-history">ca ncer used <strong>Stealth Rock</strong>!<br></div><div class="battle-history"><small>Pointed stones float in the air around the opposing team!</small><br></div><div class="spacer battle-history"><br></div><h2 class="battle-history">Turn 2</h2><div class="spacer battle-history"><br></div><div class="battle-history">ca ncer used <strong>Protect</strong>!<br></div><div class="battle-history"><small>ca ncer protected itself!</small><br></div><div class="spacer battle-history"><br></div><div class="battle-history">The opposing Sheit an used <strong>Autotomize</strong>!<br></div><div class="battle-history"><small>The opposing Sheit an's Speed rose sharply!</small><br></div><div class="battle-history"><small>The opposing Sheit an became nimble!</small><br></div><div class="spacer battle-history"><br></div><h2 class="battle-history">Turn 3</h2><div class="spacer battle-history"><br></div><div class="battle-history">ca ncer, come back!<br></div><div class="battle-history">Go! cancer (<strong>Steelix</strong>)!<br></div><div class="spacer battle-history"><br></div><div class="battle-history">The opposing Sheit an used <strong>Iron Head</strong>!<br></div><div class="battle-history"><small>It's not very effective...</small><br></div><div class="battle-history"><small>(cancer lost <abbr title="−34/323">10.5%</abbr> of its health!)</small><br></div><div class="spacer battle-history"><br></div><h2 class="battle-history">Turn 4</h2><div class="spacer battle-history"><br></div><div class="battle-history">The opposing Sheit an used <strong>Earthquake</strong>!<br></div><div class="battle-history"><small>It's super effective!</small><br></div><div class="battle-history"><small>(cancer lost <abbr title="−112/323">34.7%</abbr> of its health!)</small><br></div><div class="spacer battle-history"><br></div><div class="battle-history">cancer used <strong>Earthquake</strong>!<br></div><div class="battle-history"><small>It's super effective!</small><br></div><div class="battle-history"><small>(The opposing Sheit an lost <abbr title="−300/308">97.4%</abbr> of its health!)</small><br></div><div class="battle-history"><small>The opposing Sheit an ate its Sitrus Berry!</small><br></div><div class="battle-history"><small>The opposing Sheit an restored HP using its Sitrus Berry!</small><br></div><div class="spacer battle-history"><br></div><h2 class="battle-history">Turn 5</h2><div class="spacer battle-history"><br></div><div class="battle-history">AlnasrAltair withdrew Sheit an!<br></div><div class="battle-history">AlnasrAltair sent out Shei tan (<strong>Charizard</strong>)!<br></div><div class="battle-history"><small>Pointed stones dug into the opposing Shei tan!</small><br></div><div class="spacer battle-history"><br></div><div class="battle-history">cancer used <strong>Iron Head</strong>!<br></div><div class="battle-history"><small>It's not very effective...</small><br></div><div class="battle-history"><small>(The opposing Shei tan lost <abbr title="−72/298">24.2%</abbr> of its health!)</small><br></div><div class="spacer battle-history"><br></div><h2 class="battle-history">Turn 6</h2><div class="spacer battle-history"><br></div><div class="battle-history">cancer, come back!<br></div><div class="battle-history">Go! canc er (<strong>Miltank</strong>)!<br></div><div class="spacer battle-history"><br></div><div class="battle-history">The opposing Shei tan used <strong>Flamethrower</strong>!<br></div><div class="battle-history"><small>(canc er lost <abbr title="−172/331">52.0%</abbr> of its health!)</small><br></div><div class="battle-history"><small>The opposing Shei tan lost some of its HP!</small><br></div><div class="spacer battle-history"><br></div><h2 class="battle-history">Turn 7</h2><div class="spacer battle-history"><br></div><div class="battle-history">canc er used <strong>Body Slam</strong>!<br></div><div class="battle-history"><small>(The opposing Shei tan lost <abbr title="−48/298">16.1%</abbr> of its health!)</small><br></div><div class="spacer battle-history"><br></div><div class="battle-history">The opposing Shei tan fainted!<br></div><div class="spacer battle-history"><br></div><div class="battle-history">AlnasrAltair sent out Sheita n (<strong>Primeape</strong>)!<br></div><div class="battle-history"><small>Pointed stones dug into the opposing Sheita n!</small><br></div><div class="spacer battle-history"><br></div><h2 class="battle-history">Turn 8</h2><div class="spacer battle-history"><br></div><div class="battle-history">canc er used <strong>Thunder Wave</strong>!<br></div><div class="battle-history"><small>The opposing Sheita n is paralyzed! It may be unable to move!</small><br></div><div class="spacer battle-history"><br></div><div class="battle-history">The opposing Sheita n is paralyzed! It can't move!<br></div><div class="spacer battle-history"><br></div><h2 class="battle-history">Turn 9</h2><div class="spacer battle-history"><br></div><div class="battle-history">canc er, come back!<br></div><div class="battle-history">Go! cerca n (<strong>Mesprit</strong>)!<br></div><div class="spacer battle-history"><br></div><div class="battle-history">The opposing Sheita n used <strong>Close Combat</strong>!<br></div><div class="battle-history"><small>It's not very effective...</small><br></div><div class="battle-history"><small>(cerca n lost <abbr title="−96/349">27.5%</abbr> of its health!)</small><br></div><div class="battle-history"><small>The opposing Sheita n's Defense fell!</small><br></div><div class="battle-history"><small>The opposing Sheita n's Special Defense fell!</small><br></div><div class="spacer battle-history"><br></div><div class="battle-history"><small>cerca n restored a little HP using its Leftovers!</small><br></div><div class="spacer battle-history"><br></div><h2 class="battle-history">Turn 10</h2><div class="spacer battle-history"><br></div><div class="battle-history">AlnasrAltair withdrew Sheita n!<br></div><div class="battle-history">AlnasrAltair sent out Sh eitan (<strong>Samurott</strong>)!<br></div><div class="battle-history"><small>Pointed stones dug into the opposing Sh eitan!</small><br></div><div class="spacer battle-history"><br></div><div class="battle-history">cerca n used <strong>Calm Mind</strong>!<br></div><div class="battle-history"><small>cerca n's Special Attack rose!</small><br></div><div class="battle-history"><small>cerca n's Special Defense rose!</small><br></div><div class="spacer battle-history"><br></div><div class="battle-history"><small>cerca n restored a little HP using its Leftovers!</small><br></div><div class="spacer battle-history"><br></div><h2 class="battle-history">Turn 11</h2><div class="spacer battle-history"><br></div><div class="battle-history">cerca n used <strong>Toxic</strong>!<br></div><div class="battle-history"><small>The opposing Sh eitan was badly poisoned!</small><br></div><div class="spacer battle-history"><br></div><div class="battle-history">The opposing Sh eitan used <strong>Scald</strong>!<br></div><div class="battle-history"><small>(cerca n lost <abbr title="−123/349">35.2%</abbr> of its health!)</small><br></div><div class="spacer battle-history"><br></div><div class="battle-history"><small>cerca n restored a little HP using its Leftovers!</small><br></div><div class="battle-history"><small>The opposing Sh eitan was hurt by poison!</small><br></div><div class="spacer battle-history"><br></div><h2 class="battle-history">Turn 12</h2><div class="spacer battle-history"><br></div><div class="battle-history">cerca n used <strong>Calm Mind</strong>!<br></div><div class="battle-history"><small>cerca n's Special Attack rose!</small><br></div><div class="battle-history"><small>cerca n's Special Defense rose!</small><br></div><div class="spacer battle-history"><br></div><div class="battle-history">The opposing Sh eitan used <strong>Scald</strong>!<br></div><div class="battle-history"><small>(cerca n lost <abbr title="−100/349">28.7%</abbr> of its health!)</small><br></div><div class="spacer battle-history"><br></div><div class="battle-history"><small>cerca n restored a little HP using its Leftovers!</small><br></div><div class="battle-history"><small>The opposing Sh eitan was hurt by poison!</small><br></div><div class="spacer battle-history"><br></div><h2 class="battle-history">Turn 13</h2><div class="spacer battle-history"><br></div><div class="battle-history">cerca n used <strong>Psychic</strong>!<br></div><div class="battle-history"><small>(The opposing Sh eitan lost <abbr title="−260/376">69.1%</abbr> of its health!)</small><br></div><div class="spacer battle-history"><br></div><div class="battle-history">The opposing Sh eitan fainted!<br></div><div class="spacer battle-history"><br></div><div class="battle-history"><small>cerca n restored a little HP using its Leftovers!</small><br></div><div class="spacer battle-history"><br></div><div class="battle-history">AlnasrAltair sent out Sheitan (<strong>Hitmonchan</strong>)!<br></div><div class="battle-history"><small>Pointed stones dug into the opposing Sheitan!</small><br></div><div class="spacer battle-history"><br></div><h2 class="battle-history">Turn 14</h2><div class="spacer battle-history"><br></div><div class="battle-history">The opposing Sheitan used <strong>Ice Punch</strong>!<br></div><div class="battle-history"><small>(cerca n lost <abbr title="−113/349">32.4%</abbr> of its health!)</small><br></div><div class="battle-history"><small>The opposing Sheitan lost some of its HP!</small><br></div><div class="spacer battle-history"><br></div><div class="battle-history">cerca n used <strong>Psychic</strong>!<br></div><div class="battle-history"><small>It's super effective!</small><br></div><div class="battle-history"><small>(The opposing Sheitan lost <abbr title="−202/241">83.8%</abbr> of its health!)</small><br></div><div class="spacer battle-history"><br></div><div class="battle-history">The opposing Sheitan fainted!<br></div><div class="spacer battle-history"><br></div><div class="battle-history"><small>cerca n restored a little HP using its Leftovers!</small><br></div><div class="spacer battle-history"><br></div><div class="battle-history">AlnasrAltair sent out Sheita n (<strong>Primeape</strong>)!<br></div><div class="battle-history"><small>Pointed stones dug into the opposing Sheita n!</small><br></div><div class="spacer battle-history"><br></div><h2 class="battle-history">Turn 15</h2><div class="spacer battle-history"><br></div><div class="battle-history">cerca n used <strong>Psychic</strong>!<br></div><div class="battle-history"><small>It's super effective!</small><br></div><div class="battle-history"><small>(The opposing Sheita n lost <abbr title="−239/271">88.2%</abbr> of its health!)</small><br></div><div class="spacer battle-history"><br></div><div class="battle-history">The opposing Sheita n fainted!<br></div><div class="spacer battle-history"><br></div><div class="battle-history"><small>cerca n restored a little HP using its Leftovers!</small><br></div><div class="spacer battle-history"><br></div><div class="battle-history">AlnasrAltair sent out She itan (<strong>Musharna</strong>)!<br></div><div class="battle-history"><small>Pointed stones dug into the opposing She itan!</small><br></div><div class="spacer battle-history"><br></div><h2 class="battle-history">Turn 16</h2><div class="spacer battle-history"><br></div><div class="battle-history">cerca n used <strong>Toxic</strong>!<br></div><div class="battle-history"><small>The opposing She itan was badly poisoned!</small><br></div><div class="battle-history"><small>[The opposing She itan's Synchronize]</small><br></div><div class="battle-history"><small>cerca n was badly poisoned!</small><br></div><div class="spacer battle-history"><br></div><div class="battle-history">The opposing She itan used <strong>Dazzling Gleam</strong>!<br></div><div class="battle-history"><small>(cerca n lost <abbr title="−41/349">11.7%</abbr> of its health!)</small><br></div><div class="spacer battle-history"><br></div><div class="battle-history"><small>cerca n restored a little HP using its Leftovers!</small><br></div><div class="battle-history"><small>The opposing She itan restored a little HP using its Leftovers!</small><br></div><div class="battle-history"><small>cerca n was hurt by poison!</small><br></div><div class="battle-history"><small>The opposing She itan was hurt by poison!</small><br></div><div class="spacer battle-history"><br></div><h2 class="battle-history">Turn 17</h2><div class="spacer battle-history"><br></div><div class="battle-history">cerca n used <strong>Psychic</strong>!<br></div><div class="battle-history"><small>It's not very effective...</small><br></div><div class="battle-history"><small>(The opposing She itan lost <abbr title="−144/436">33.0%</abbr> of its health!)</small><br></div><div class="spacer battle-history"><br></div><div class="battle-history">The opposing She itan used <strong>Calm Mind</strong>!<br></div><div class="battle-history"><small>The opposing She itan's Special Attack rose!</small><br></div><div class="battle-history"><small>The opposing She itan's Special Defense rose!</small><br></div><div class="spacer battle-history"><br></div><div class="battle-history"><small>cerca n restored a little HP using its Leftovers!</small><br></div><div class="battle-history"><small>The opposing She itan restored a little HP using its Leftovers!</small><br></div><div class="battle-history"><small>cerca n was hurt by poison!</small><br></div><div class="battle-history"><small>The opposing She itan was hurt by poison!</small><br></div><div class="spacer battle-history"><br></div><h2 class="battle-history">Turn 18</h2><div class="spacer battle-history"><br></div><div class="battle-history">cerca n used <strong>Psychic</strong>!<br></div><div class="battle-history"><small>It's not very effective...</small><br></div><div class="battle-history"><small>(The opposing She itan lost <abbr title="−95/436">21.8%</abbr> of its health!)</small><br></div><div class="spacer battle-history"><br></div><div class="battle-history">The opposing She itan used <strong>Calm Mind</strong>!<br></div><div class="battle-history"><small>The opposing She itan's Special Attack rose!</small><br></div><div class="battle-history"><small>The opposing She itan's Special Defense rose!</small><br></div><div class="spacer battle-history"><br></div><div class="battle-history"><small>cerca n restored a little HP using its Leftovers!</small><br></div><div class="battle-history"><small>The opposing She itan restored a little HP using its Leftovers!</small><br></div><div class="battle-history"><small>cerca n was hurt by poison!</small><br></div><div class="battle-history"><small>The opposing She itan was hurt by poison!</small><br></div><div class="spacer battle-history"><br></div><div class="battle-history">cerca n fainted!<br></div><div class="spacer battle-history"><br></div><div class="battle-history">Go! cerc an (<strong>Haunter</strong>)!<br></div><div class="spacer battle-history"><br></div><h2 class="battle-history">Turn 19</h2><div class="spacer battle-history"><br></div><div class="battle-history">cerc an used <strong>Shadow Ball</strong>!<br></div><div class="battle-history"><small>It's super effective!</small><br></div><div class="battle-history"><small>(The opposing She itan lost <abbr title="−62/436">14.2%</abbr> of its health!)</small><br></div><div class="spacer battle-history"><br></div><div class="battle-history">The opposing She itan fainted!<br></div><div class="spacer battle-history"><br></div><div class="battle-history">AlnasrAltair sent out Sheit an (<strong>Aggron</strong>)!<br></div><div class="battle-history"><small>Pointed stones dug into the opposing Sheit an!</small><br></div><div class="spacer battle-history"><br></div><h2 class="battle-history">Turn 20</h2><div class="spacer battle-history"><br></div><div class="battle-history">cerc an used <strong>Giga Drain</strong>!<br></div><div class="battle-history"><small>(The opposing Sheit an lost <abbr title="−66/308">21.4%</abbr> of its health!)</small><br></div><div class="spacer battle-history"><br></div><div class="battle-history">The opposing Sheit an fainted!<br></div><div class="spacer battle-history"><br></div><div class="battle-history"><strong>namubae</strong> won the battle!<br></div></div><div class="inner-preempt"></div></div></div>
</div>
<script>
let daily = Math.floor(Date.now()/1000/60/60/24);document.write('<script src="https://play.pokemonshowdown.com/js/replay-embed.js?version'+daily+'"></'+'script>');
</script>
