<!DOCTYPE html>
<meta charset="utf-8" />
<!-- version 1 -->
<title>NU replay: Brawlolololol vs. Ashtin Gigas</title>
<style>
html,body {font-family:Verdana, sans-serif;font-size:10pt;margin:0;padding:0;}body{padding:12px 0;} .battle-log {font-family:Verdana, sans-serif;font-size:10pt;} .battle-log-inline {border:1px solid #AAAAAA;background:#EEF2F5;color:black;max-width:640px;margin:0 auto 80px;padding-bottom:5px;} .battle-log .inner {padding:4px 8px 0px 8px;} .battle-log .inner-preempt {padding:0 8px 4px 8px;} .battle-log .inner-after {margin-top:0.5em;} .battle-log h2 {margin:0.5em -8px;padding:4px 8px;border:1px solid #AAAAAA;background:#E0E7EA;border-left:0;border-right:0;font-family:Verdana, sans-serif;font-size:13pt;} .battle-log .chat {vertical-align:middle;padding:3px 0 3px 0;font-size:8pt;} .battle-log .chat strong {color:#40576A;} .battle-log .chat em {padding:1px 4px 1px 3px;color:#000000;font-style:normal;} .chat.mine {background:rgba(0,0,0,0.05);margin-left:-8px;margin-right:-8px;padding-left:8px;padding-right:8px;} .spoiler {color:#BBBBBB;background:#BBBBBB;padding:0px 3px;} .spoiler:hover, .spoiler:active, .spoiler-shown {color:#000000;background:#E2E2E2;padding:0px 3px;} .spoiler a {color:#BBBBBB;} .spoiler:hover a, .spoiler:active a, .spoiler-shown a {color:#2288CC;} .chat code, .chat .spoiler:hover code, .chat .spoiler:active code, .chat .spoiler-shown code {border:1px solid #C0C0C0;background:#EEEEEE;color:black;padding:0 2px;} .chat .spoiler code {border:1px solid #CCCCCC;background:#CCCCCC;color:#CCCCCC;} .battle-log .rated {padding:3px 4px;} .battle-log .rated strong {color:white;background:#89A;padding:1px 4px;border-radius:4px;} .spacer {margin-top:0.5em;} .message-announce {background:#6688AA;color:white;padding:1px 4px 2px;} .message-announce a, .broadcast-green a, .broadcast-blue a, .broadcast-red a {color:#DDEEFF;} .broadcast-green {background-color:#559955;color:white;padding:2px 4px;} .broadcast-blue {background-color:#6688AA;color:white;padding:2px 4px;} .infobox {border:1px solid #6688AA;padding:2px 4px;} .infobox-limited {max-height:200px;overflow:auto;overflow-x:hidden;} .broadcast-red {background-color:#AA5544;color:white;padding:2px 4px;} .message-learn-canlearn {font-weight:bold;color:#228822;text-decoration:underline;} .message-learn-cannotlearn {font-weight:bold;color:#CC2222;text-decoration:underline;} .message-effect-weak {font-weight:bold;color:#CC2222;} .message-effect-resist {font-weight:bold;color:#6688AA;} .message-effect-immune {font-weight:bold;color:#666666;} .message-learn-list {margin-top:0;margin-bottom:0;} .message-throttle-notice, .message-error {color:#992222;} .message-overflow, .chat small.message-overflow {font-size:0pt;} .message-overflow::before {font-size:9pt;content:'...';} .subtle {color:#3A4A66;}
</style>
<div class="wrapper replay-wrapper" style="max-width:1180px;margin:0 auto">
<input type="hidden" name="replayid" value="nu-501399986" />
<div class="battle"></div><div class="battle-log"></div><div class="replay-controls"></div><div class="replay-controls-2"></div>
<h1 style="font-weight:normal;text-align:center"><strong>NU</strong><br /><a href="http://pokemonshowdown.com/users/brawlolololol" class="subtle" target="_blank">Brawlolololol</a> vs. <a href="http://pokemonshowdown.com/users/ashtingigas" class="subtle" target="_blank">Ashtin Gigas</a></h1>
<script type="text/plain" class="battle-log-data">|j|Brawlolololol
|j|Ashtin Gigas
|player|p1|Brawlolololol|265
|player|p2|Ashtin Gigas|10
|gametype|singles
|gen|6
|tier|NU
|rated
|seed|57473,38604,50641,38575
|rule|Baton Pass Speed Clause: Limit one Baton Passer, can't pass Speed
|rule|Sleep Clause Mod: Limit one foe put to sleep
|rule|Species Clause: Limit one of each Pokémon
|rule|OHKO Clause: OHKO moves are banned
|rule|Moody Clause: Moody is banned
|rule|Evasion Moves Clause: Evasion moves are banned
|rule|Endless Battle Clause: Forcing endless battles is banned
|rule|HP Percentage Mod: HP is shown in percentages
|clearpoke
|poke|p1|Charizard, F|item
|poke|p1|Kadabra, M|item
|poke|p1|Tangela, M|item
|poke|p1|Sandslash, M|item
|poke|p1|Hariyama, M|item
|poke|p1|Regirock|item
|poke|p2|Vileplume, F, shiny|item
|poke|p2|Tauros, M|item
|poke|p2|Rhydon, M, shiny|item
|poke|p2|Lanturn, F, shiny|item
|poke|p2|Mesprit, shiny|item
|poke|p2|Gurdurr, F, shiny|item
|rule|Swagger Clause: Swagger is banned
|rule|Baton Pass Clause: Limit one Baton Passer, can't pass Spe and other stats simultaneously
|teampreview
|choice|team 1, team 2, team 3, team 4, team 5, team 6|team 3, team 2, team 1, team 4, team 5, team 6
|
|start
|switch|p1a: Charizard|Charizard, F|297\/297
|switch|p2a: Rhydon|Rhydon, M, shiny|413\/413
|turn|1
|choice|move hiddenpower|move stealthrock
|
|move|p1a: Charizard|Hidden Power|p2a: Rhydon
|-supereffective|p2a: Rhydon
|-crit|p2a: Rhydon
|-damage|p2a: Rhydon|0 fnt
|faint|p2a: Rhydon
|
|upkeep
|choice||switch 4
|
|switch|p2a: Lanturn|Lanturn, F, shiny|391\/391
|turn|2
|choice|switch 3|move scald
|
|switch|p1a: Tangela|Tangela, M|330\/330
|move|p2a: Lanturn|Scald|p1a: Tangela
|-resisted|p1a: Tangela
|-crit|p1a: Tangela
|-damage|p1a: Tangela|216\/330
|
|upkeep
|turn|3
|choice|switch 5|move icebeam
|
|switch|p1a: Hariyama|Hariyama, M|491\/491
|move|p2a: Lanturn|Ice Beam|p1a: Hariyama
|-damage|p1a: Hariyama|429\/491
|
|upkeep
|turn|4
|choice|move knockoff|move voltswitch
|
|move|p2a: Lanturn|Volt Switch|p1a: Hariyama
|-damage|p1a: Hariyama|297\/491
|choice||switch 5
|
|switch|p2a: Mesprit|Mesprit, shiny|301\/301
|move|p1a: Hariyama|Knock Off|p2a: Mesprit
|-supereffective|p2a: Mesprit
|-damage|p2a: Mesprit|0 fnt
|-enditem|p2a: Mesprit|Choice Scarf|[from] move: Knock Off|[of] p1a: Hariyama
|faint|p2a: Mesprit
|
|upkeep
|choice||switch 6
|
|switch|p2a: Gurdurr|Gurdurr, F, shiny|374\/374
|turn|5
|choice|switch 5|move knockoff
|
|switch|p1a: Tangela|Tangela, M|326\/330
|move|p2a: Gurdurr|Knock Off|p1a: Tangela
|-damage|p1a: Tangela|266\/330
|-enditem|p1a: Tangela|Eviolite|[from] move: Knock Off|[of] p2a: Gurdurr
|
|upkeep
|turn|6
|choice|switch 3|move drainpunch
|
|switch|p1a: Charizard|Charizard, F|297\/297
|move|p2a: Gurdurr|Drain Punch|p1a: Charizard
|-resisted|p1a: Charizard
|-damage|p1a: Charizard|228\/297
|
|upkeep
|turn|7
|choice|move hiddenpower|switch 5
|
|switch|p2a: Lanturn|Lanturn, F, shiny|391\/391
|move|p1a: Charizard|Hidden Power|p2a: Lanturn
|-supereffective|p2a: Lanturn
|-damage|p2a: Lanturn|243\/391
|
|upkeep
|turn|8
|choice|switch 5|move icebeam
|
|switch|p1a: Hariyama|Hariyama, M|297\/491
|move|p2a: Lanturn|Ice Beam|p1a: Hariyama
|-damage|p1a: Hariyama|236\/491
|
|upkeep
|turn|9
|choice|move icepunch|move scald
|
|move|p2a: Lanturn|Scald|p1a: Hariyama
|-damage|p1a: Hariyama|59\/491
|move|p1a: Hariyama|Ice Punch|p2a: Lanturn
|-resisted|p2a: Lanturn
|-damage|p2a: Lanturn|129\/391
|
|upkeep
|turn|10
|choice|move icepunch|move scald
|
|move|p2a: Lanturn|Scald|p1a: Hariyama
|-damage|p1a: Hariyama|0 fnt
|faint|p1a: Hariyama
|
|upkeep
|choice|switch 4|
|
|switch|p1a: Sandslash|Sandslash, M|291\/291
|turn|11
|choice|move earthquake|move scald
|
|move|p1a: Sandslash|Earthquake|p2a: Lanturn
|-supereffective|p2a: Lanturn
|-damage|p2a: Lanturn|0 fnt
|faint|p2a: Lanturn
|
|upkeep
|choice||switch 3
|
|switch|p2a: Vileplume|Vileplume, F, shiny|342\/342
|turn|12
|choice|move swordsdance|move gigadrain
|
|move|p1a: Sandslash|Swords Dance|p1a: Sandslash
|-boost|p1a: Sandslash|atk|2
|move|p2a: Vileplume|Giga Drain|p1a: Sandslash
|-supereffective|p1a: Sandslash
|-damage|p1a: Sandslash|0 fnt
|faint|p1a: Sandslash
|
|upkeep
|l|Brawlolololol
|player|p1
|j|Brawlolololol
|player|p1|Brawlolololol|265
|choice|switch 5|
|
|switch|p1a: Charizard|Charizard, F|228\/297
|turn|13
|choice|move airslash|switch 2
|
|switch|p2a: Tauros|Tauros, M|291\/291
|move|p1a: Charizard|Air Slash|p2a: Tauros
|-damage|p2a: Tauros|14\/291
|
|upkeep
|turn|14
|choice|switch 6|move rockclimb
|
|switch|p1a: Regirock|Regirock|364\/364
|move|p2a: Tauros|Rock Climb|p1a: Regirock
|-resisted|p1a: Regirock
|-damage|p1a: Regirock|309\/364
|
|-heal|p1a: Regirock|331\/364|[from] item: Leftovers
|upkeep
|turn|15
|choice|move thunderwave|move earthquake
|
|move|p2a: Tauros|Earthquake|p1a: Regirock
|-supereffective|p1a: Regirock
|-damage|p1a: Regirock|198\/364
|-damage|p2a: Tauros|0 fnt|[from] item: Life Orb
|faint|p2a: Tauros
|move|p1a: Regirock|Thunder Wave|p2: Tauros|[notarget]
|-notarget
|
|-heal|p1a: Regirock|220\/364|[from] item: Leftovers
|upkeep
|choice||switch 5
|
|switch|p2a: Gurdurr|Gurdurr, F, shiny|374\/374
|turn|16
|choice|switch 6|move machpunch
|
|switch|p1a: Charizard|Charizard, F|228\/297
|move|p2a: Gurdurr|Mach Punch|p1a: Charizard
|-resisted|p1a: Charizard
|-damage|p1a: Charizard|185\/297
|
|upkeep
|turn|17
|choice|move airslash|move knockoff
|
|move|p1a: Charizard|Air Slash|p2a: Gurdurr
|-supereffective|p2a: Gurdurr
|-damage|p2a: Gurdurr|0 fnt
|faint|p2a: Gurdurr
|
|upkeep
|choice||switch 2
|
|switch|p2a: Vileplume|Vileplume, F, shiny|342\/342
|turn|18
|choice|move airslash|move sludgebomb
|
|move|p1a: Charizard|Air Slash|p2a: Vileplume
|-supereffective|p2a: Vileplume
|-damage|p2a: Vileplume|0 fnt
|faint|p2a: Vileplume
|
|win|Brawlolololol
|player|p1
|player|p2
|raw|Brawlolololol's rating: 1317 &rarr; <strong>1324<\/strong><br \/>(+7 for winning)
|raw|Ashtin Gigas's rating: 1045 &rarr; <strong>1039<\/strong><br \/>(-6 for losing)
|c|★Ashtin Gigas|Gg
|l|Ashtin Gigas</script>
</div>
<div class="battle-log battle-log-inline"><div class="inner"><div class="battle-options"></div><div class="inner"><div class="chat"><small>Brawlolololol joined.</small></div><div class="chat"><small>Ashtin Gigas joined.</small></div><div class=""><small>Format:</small> <br><strong>NU</strong></div><div class="rated"><strong>Rated battle</strong></div><div class=""><small><em>Baton Pass Speed Clause:</em> Limit one Baton Passer, can't pass Speed</small></div><div class=""><small><em>Sleep Clause Mod:</em> Limit one foe put to sleep</small></div><div class=""><small><em>Species Clause:</em> Limit one of each Pokémon</small></div><div class=""><small><em>OHKO Clause:</em> OHKO moves are banned</small></div><div class=""><small><em>Moody Clause:</em> Moody is banned</small></div><div class=""><small><em>Evasion Moves Clause:</em> Evasion moves are banned</small></div><div class=""><small><em>Endless Battle Clause:</em> Forcing endless battles is banned</small></div><div class=""><small><em>HP Percentage Mod:</em> HP is shown in percentages</small></div><div class=""><small><em>Swagger Clause:</em> Swagger is banned</small></div><div class=""><small><em>Baton Pass Clause:</em> Limit one Baton Passer, can't pass Spe and other stats simultaneously</small></div><div class="chat battle-history"><strong>Brawlolololol's team:</strong> <em style="color:#445566;display:block;">Charizard / Kadabra / Tangela / Sandslash / Hariyama / Regirock</em></div><div class="chat battle-history"><strong>Ashtin Gigas's team:</strong> <em style="color:#445566;display:block;">Vileplume / Tauros / Rhydon / Lanturn / Mesprit / Gurdurr</em></div><div class="spacer battle-history"><br></div><div class="battle-history">Battle started between Brawlolololol and Ashtin Gigas!<br></div><div class="spacer battle-history"><br></div><div class="battle-history">Go! <strong>Charizard</strong>!<br></div><div class="spacer battle-history"><br></div><div class="battle-history">Ashtin Gigas sent out <strong>Rhydon</strong>!<br></div><div class="spacer battle-history"><br></div><h2 class="battle-history">Turn 1</h2><div class="spacer battle-history"><br></div><div class="battle-history">Charizard used <strong>Hidden Power</strong>!<br></div><div class="battle-history"><small>It's super effective!</small><br></div><div class="battle-history"><small>A critical hit!</small><br></div><div class="battle-history"><small>(The opposing Rhydon lost <abbr title="−413/413">100%</abbr> of its health!)</small><br></div><div class="spacer battle-history"><br></div><div class="battle-history">The opposing Rhydon fainted!<br></div><div class="spacer battle-history"><br></div><div class="battle-history">Ashtin Gigas sent out <strong>Lanturn</strong>!<br></div><div class="spacer battle-history"><br></div><h2 class="battle-history">Turn 2</h2><div class="spacer battle-history"><br></div><div class="battle-history">Charizard, come back!<br></div><div class="battle-history">Go! <strong>Tangela</strong>!<br></div><div class="spacer battle-history"><br></div><div class="battle-history">The opposing Lanturn used <strong>Scald</strong>!<br></div><div class="battle-history"><small>It's not very effective...</small><br></div><div class="battle-history"><small>A critical hit!</small><br></div><div class="battle-history"><small>(Tangela lost <abbr title="−114/330">34.5%</abbr> of its health!)</small><br></div><div class="spacer battle-history"><br></div><h2 class="battle-history">Turn 3</h2><div class="spacer battle-history"><br></div><div class="battle-history">Tangela, come back!<br></div><div class="battle-history">Go! <strong>Hariyama</strong>!<br></div><div class="spacer battle-history"><br></div><div class="battle-history">The opposing Lanturn used <strong>Ice Beam</strong>!<br></div><div class="battle-history"><small>(Hariyama lost <abbr title="−62/491">12.6%</abbr> of its health!)</small><br></div><div class="spacer battle-history"><br></div><h2 class="battle-history">Turn 4</h2><div class="spacer battle-history"><br></div><div class="battle-history">The opposing Lanturn used <strong>Volt Switch</strong>!<br></div><div class="battle-history"><small>(Hariyama lost <abbr title="−132/491">26.9%</abbr> of its health!)</small><br></div><div class="spacer battle-history"><br></div><div class="battle-history">The opposing Lanturn went back to Ashtin Gigas!<br></div><div class="battle-history">Ashtin Gigas sent out <strong>Mesprit</strong>!<br></div><div class="spacer battle-history"><br></div><div class="battle-history">Hariyama used <strong>Knock Off</strong>!<br></div><div class="battle-history"><small>It's super effective!</small><br></div><div class="battle-history"><small>(The opposing Mesprit lost <abbr title="−301/301">100%</abbr> of its health!)</small><br></div><div class="battle-history"><small>Hariyama knocked off the opposing Mesprit's Choice Scarf!</small><br></div><div class="spacer battle-history"><br></div><div class="battle-history">The opposing Mesprit fainted!<br></div><div class="spacer battle-history"><br></div><div class="battle-history">Ashtin Gigas sent out <strong>Gurdurr</strong>!<br></div><div class="spacer battle-history"><br></div><h2 class="battle-history">Turn 5</h2><div class="spacer battle-history"><br></div><div class="battle-history">Hariyama, come back!<br></div><div class="battle-history">Go! <strong>Tangela</strong>!<br></div><div class="spacer battle-history"><br></div><div class="battle-history">The opposing Gurdurr used <strong>Knock Off</strong>!<br></div><div class="battle-history"><small>(Tangela lost <abbr title="−60/330">18.2%</abbr> of its health!)</small><br></div><div class="battle-history"><small>The opposing Gurdurr knocked off Tangela's Eviolite!</small><br></div><div class="spacer battle-history"><br></div><h2 class="battle-history">Turn 6</h2><div class="spacer battle-history"><br></div><div class="battle-history">Tangela, come back!<br></div><div class="battle-history">Go! <strong>Charizard</strong>!<br></div><div class="spacer battle-history"><br></div><div class="battle-history">The opposing Gurdurr used <strong>Drain Punch</strong>!<br></div><div class="battle-history"><small>It's not very effective...</small><br></div><div class="battle-history"><small>(Charizard lost <abbr title="−69/297">23.2%</abbr> of its health!)</small><br></div><div class="spacer battle-history"><br></div><h2 class="battle-history">Turn 7</h2><div class="spacer battle-history"><br></div><div class="battle-history">Ashtin Gigas withdrew Gurdurr!<br></div><div class="battle-history">Ashtin Gigas sent out <strong>Lanturn</strong>!<br></div><div class="spacer battle-history"><br></div><div class="battle-history">Charizard used <strong>Hidden Power</strong>!<br></div><div class="battle-history"><small>It's super effective!</small><br></div><div class="battle-history"><small>(The opposing Lanturn lost <abbr title="−148/391">37.9%</abbr> of its health!)</small><br></div><div class="spacer battle-history"><br></div><h2 class="battle-history">Turn 8</h2><div class="spacer battle-history"><br></div><div class="battle-history">Charizard, come back!<br></div><div class="battle-history">Go! <strong>Hariyama</strong>!<br></div><div class="spacer battle-history"><br></div><div class="battle-history">The opposing Lanturn used <strong>Ice Beam</strong>!<br></div><div class="battle-history"><small>(Hariyama lost <abbr title="−61/491">12.4%</abbr> of its health!)</small><br></div><div class="spacer battle-history"><br></div><h2 class="battle-history">Turn 9</h2><div class="spacer battle-history"><br></div><div class="battle-history">The opposing Lanturn used <strong>Scald</strong>!<br></div><div class="battle-history"><small>(Hariyama lost <abbr title="−177/491">36.0%</abbr> of its health!)</small><br></div><div class="spacer battle-history"><br></div><div class="battle-history">Hariyama used <strong>Ice Punch</strong>!<br></div><div class="battle-history"><small>It's not very effective...</small><br></div><div class="battle-history"><small>(The opposing Lanturn lost <abbr title="−114/391">29.2%</abbr> of its health!)</small><br></div><div class="spacer battle-history"><br></div><h2 class="battle-history">Turn 10</h2><div class="spacer battle-history"><br></div><div class="battle-history">The opposing Lanturn used <strong>Scald</strong>!<br></div><div class="battle-history"><small>(Hariyama lost <abbr title="−59/491">12.0%</abbr> of its health!)</small><br></div><div class="spacer battle-history"><br></div><div class="battle-history">Hariyama fainted!<br></div><div class="spacer battle-history"><br></div><div class="battle-history">Go! <strong>Sandslash</strong>!<br></div><div class="spacer battle-history"><br></div><h2 class="battle-history">Turn 11</h2><div class="spacer battle-history"><br></div><div class="battle-history">Sandslash used <strong>Earthquake</strong>!<br></div><div class="battle-history"><small>It's super effective!</small><br></div><div class="battle-history"><small>(The opposing Lanturn lost <abbr title="−129/391">33.0%</abbr> of its health!)</small><br></div><div class="spacer battle-history"><br></div><div class="battle-history">The opposing Lanturn fainted!<br></div><div class="spacer battle-history"><br></div><div class="battle-history">Ashtin Gigas sent out <strong>Vileplume</strong>!<br></div><div class="spacer battle-history"><br></div><h2 class="battle-history">Turn 12</h2><div class="spacer battle-history"><br></div><div class="battle-history">Sandslash used <strong>Swords Dance</strong>!<br></div><div class="battle-history"><small>Sandslash's Attack rose sharply!</small><br></div><div class="spacer battle-history"><br></div><div class="battle-history">The opposing Vileplume used <strong>Giga Drain</strong>!<br></div><div class="battle-history"><small>It's super effective!</small><br></div><div class="battle-history"><small>(Sandslash lost <abbr title="−291/291">100%</abbr> of its health!)</small><br></div><div class="spacer battle-history"><br></div><div class="battle-history">Sandslash fainted!<br></div><div class="chat"><small>Brawlolololol left.</small></div><div class="chat"><small>Brawlolololol joined.</small></div><div class="spacer battle-history"><br></div><div class="battle-history">Go! <strong>Charizard</strong>!<br></div><div class="spacer battle-history"><br></div><h2 class="battle-history">Turn 13</h2><div class="spacer battle-history"><br></div><div class="battle-history">Ashtin Gigas withdrew Vileplume!<br></div><div class="battle-history">Ashtin Gigas sent out <strong>Tauros</strong>!<br></div><div class="spacer battle-history"><br></div><div class="battle-history">Charizard used <strong>Air Slash</strong>!<br></div><div class="battle-history"><small>(The opposing Tauros lost <abbr title="−277/291">95.2%</abbr> of its health!)</small><br></div><div class="spacer battle-history"><br></div><h2 class="battle-history">Turn 14</h2><div class="spacer battle-history"><br></div><div class="battle-history">Charizard, come back!<br></div><div class="battle-history">Go! <strong>Regirock</strong>!<br></div><div class="spacer battle-history"><br></div><div class="battle-history">The opposing Tauros used <strong>Rock Climb</strong>!<br></div><div class="battle-history"><small>It's not very effective...</small><br></div><div class="battle-history"><small>(Regirock lost <abbr title="−55/364">15.1%</abbr> of its health!)</small><br></div><div class="spacer battle-history"><br></div><div class="battle-history"><small>Regirock restored a little HP using its Leftovers!</small><br></div><div class="spacer battle-history"><br></div><h2 class="battle-history">Turn 15</h2><div class="spacer battle-history"><br></div><div class="battle-history">The opposing Tauros used <strong>Earthquake</strong>!<br></div><div class="battle-history"><small>It's super effective!</small><br></div><div class="battle-history"><small>(Regirock lost <abbr title="−133/364">36.5%</abbr> of its health!)</small><br></div><div class="battle-history"><small>The opposing Tauros lost some of its HP!</small><br></div><div class="spacer battle-history"><br></div><div class="battle-history">The opposing Tauros fainted!<br></div><div class="battle-history">Regirock used <strong>Thunder Wave</strong>!<br></div><div class="battle-history"><small>But there was no target...</small><br></div><div class="spacer battle-history"><br></div><div class="battle-history"><small>Regirock restored a little HP using its Leftovers!</small><br></div><div class="spacer battle-history"><br></div><div class="battle-history">Ashtin Gigas sent out <strong>Gurdurr</strong>!<br></div><div class="spacer battle-history"><br></div><h2 class="battle-history">Turn 16</h2><div class="spacer battle-history"><br></div><div class="battle-history">Regirock, come back!<br></div><div class="battle-history">Go! <strong>Charizard</strong>!<br></div><div class="spacer battle-history"><br></div><div class="battle-history">The opposing Gurdurr used <strong>Mach Punch</strong>!<br></div><div class="battle-history"><small>It's not very effective...</small><br></div><div class="battle-history"><small>(Charizard lost <abbr title="−43/297">14.5%</abbr> of its health!)</small><br></div><div class="spacer battle-history"><br></div><h2 class="battle-history">Turn 17</h2><div class="spacer battle-history"><br></div><div class="battle-history">Charizard used <strong>Air Slash</strong>!<br></div><div class="battle-history"><small>It's super effective!</small><br></div><div class="battle-history"><small>(The opposing Gurdurr lost <abbr title="−374/374">100%</abbr> of its health!)</small><br></div><div class="spacer battle-history"><br></div><div class="battle-history">The opposing Gurdurr fainted!<br></div><div class="spacer battle-history"><br></div><div class="battle-history">Ashtin Gigas sent out <strong>Vileplume</strong>!<br></div><div class="spacer battle-history"><br></div><h2 class="battle-history">Turn 18</h2><div class="spacer battle-history"><br></div><div class="battle-history">Charizard used <strong>Air Slash</strong>!<br></div><div class="battle-history"><small>It's super effective!</small><br></div><div class="battle-history"><small>(The opposing Vileplume lost <abbr title="−342/342">100%</abbr> of its health!)</small><br></div><div class="spacer battle-history"><br></div><div class="battle-history">The opposing Vileplume fainted!<br></div><div class="spacer battle-history"><br></div><div class="battle-history"><strong>Brawlolololol</strong> won the battle!<br></div><div class="chat">Brawlolololol's rating: 1317 → <strong>1324</strong><br>(+7 for winning)</div><div class="chat">Ashtin Gigas's rating: 1045 → <strong>1039</strong><br>(-6 for losing)</div><div class="chat chatmessage-ashtingigas"><strong style="color:hsl(28,43%,43.42147322229559%)"><small>★</small><span class="username" data-name="Ashtin Gigas">Ashtin Gigas</span>:</strong> <em>Gg</em></div><div class="chat"><small>Ashtin Gigas left.</small></div></div><div class="inner-preempt"></div></div></div>
</div>
<script>
let daily = Math.floor(Date.now()/1000/60/60/24);document.write('<script src="https://play.pokemonshowdown.com/js/replay-embed.js?version'+daily+'"></'+'script>');
</script>
