<!DOCTYPE html>
<meta charset="utf-8" />
<!-- version 1 -->
<title>NU replay: Lama_Cactus vs. Lman8</title>
<style>
html,body {font-family:Verdana, sans-serif;font-size:10pt;margin:0;padding:0;}body{padding:12px 0;} .battle-log {font-family:Verdana, sans-serif;font-size:10pt;} .battle-log-inline {border:1px solid #AAAAAA;background:#EEF2F5;color:black;max-width:640px;margin:0 auto 80px;padding-bottom:5px;} .battle-log .inner {padding:4px 8px 0px 8px;} .battle-log .inner-preempt {padding:0 8px 4px 8px;} .battle-log .inner-after {margin-top:0.5em;} .battle-log h2 {margin:0.5em -8px;padding:4px 8px;border:1px solid #AAAAAA;background:#E0E7EA;border-left:0;border-right:0;font-family:Verdana, sans-serif;font-size:13pt;} .battle-log .chat {vertical-align:middle;padding:3px 0 3px 0;font-size:8pt;} .battle-log .chat strong {color:#40576A;} .battle-log .chat em {padding:1px 4px 1px 3px;color:#000000;font-style:normal;} .chat.mine {background:rgba(0,0,0,0.05);margin-left:-8px;margin-right:-8px;padding-left:8px;padding-right:8px;} .spoiler {color:#BBBBBB;background:#BBBBBB;padding:0px 3px;} .spoiler:hover, .spoiler:active, .spoiler-shown {color:#000000;background:#E2E2E2;padding:0px 3px;} .spoiler a {color:#BBBBBB;} .spoiler:hover a, .spoiler:active a, .spoiler-shown a {color:#2288CC;} .chat code, .chat .spoiler:hover code, .chat .spoiler:active code, .chat .spoiler-shown code {border:1px solid #C0C0C0;background:#EEEEEE;color:black;padding:0 2px;} .chat .spoiler code {border:1px solid #CCCCCC;background:#CCCCCC;color:#CCCCCC;} .battle-log .rated {padding:3px 4px;} .battle-log .rated strong {color:white;background:#89A;padding:1px 4px;border-radius:4px;} .spacer {margin-top:0.5em;} .message-announce {background:#6688AA;color:white;padding:1px 4px 2px;} .message-announce a, .broadcast-green a, .broadcast-blue a, .broadcast-red a {color:#DDEEFF;} .broadcast-green {background-color:#559955;color:white;padding:2px 4px;} .broadcast-blue {background-color:#6688AA;color:white;padding:2px 4px;} .infobox {border:1px solid #6688AA;padding:2px 4px;} .infobox-limited {max-height:200px;overflow:auto;overflow-x:hidden;} .broadcast-red {background-color:#AA5544;color:white;padding:2px 4px;} .message-learn-canlearn {font-weight:bold;color:#228822;text-decoration:underline;} .message-learn-cannotlearn {font-weight:bold;color:#CC2222;text-decoration:underline;} .message-effect-weak {font-weight:bold;color:#CC2222;} .message-effect-resist {font-weight:bold;color:#6688AA;} .message-effect-immune {font-weight:bold;color:#666666;} .message-learn-list {margin-top:0;margin-bottom:0;} .message-throttle-notice, .message-error {color:#992222;} .message-overflow, .chat small.message-overflow {font-size:0pt;} .message-overflow::before {font-size:9pt;content:'...';} .subtle {color:#3A4A66;}
</style>
<div class="wrapper replay-wrapper" style="max-width:1180px;margin:0 auto">
<input type="hidden" name="replayid" value="nu-573844312" />
<div class="battle"></div><div class="battle-log"></div><div class="replay-controls"></div><div class="replay-controls-2"></div>
<h1 style="font-weight:normal;text-align:center"><strong>NU</strong><br /><a href="http://pokemonshowdown.com/users/lamacactus" class="subtle" target="_blank">Lama_Cactus</a> vs. <a href="http://pokemonshowdown.com/users/lman8" class="subtle" target="_blank">Lman8</a></h1>
<script type="text/plain" class="battle-log-data">|j|Lama_Cactus
|j|Lman8
|player|p1|Lama_Cactus|101
|player|p2|Lman8|66
|gametype|singles
|gen|6
|tier|NU
|seed|7826,60538,47114,40794
|rule|Sleep Clause Mod: Limit one foe put to sleep
|rule|Species Clause: Limit one of each Pokémon
|rule|OHKO Clause: OHKO moves are banned
|rule|Moody Clause: Moody is banned
|rule|Evasion Moves Clause: Evasion moves are banned
|rule|Endless Battle Clause: Forcing endless battles is banned
|rule|HP Percentage Mod: HP is shown in percentages
|clearpoke
|poke|p1|Zangoose, M|item
|poke|p1|Torterra, F|item
|poke|p1|Mantine, F|item
|poke|p1|Mismagius, F|item
|poke|p1|Hitmonchan, M|item
|poke|p1|Rotom-Frost|item
|poke|p2|Arbok, F|item
|poke|p2|Vigoroth, M|item
|poke|p2|Dodrio, F|item
|poke|p2|Lilligant, F|item
|poke|p2|Ursaring, M|item
|poke|p2|Exeggutor, F|item
|rule|Swagger Clause: Swagger is banned
|rule|Baton Pass Clause: Limit one Baton Passer, can't pass Spe and other stats simultaneously
|teampreview
|j|kembe walker
|c|☆Lman8|gl sir hf
|inactive|Battle timer is ON: inactive players will automatically lose when time's up. (requested by Lman8)
|choice|team 2, team 1, team 3, team 4, team 5, team 6|team 1, team 2, team 3, team 4, team 5, team 6
|
|start
|switch|p1a: Torterra|Torterra, F|394\/394
|switch|p2a: Arbok|Arbok, F|262\/262
|-item|p2a: Arbok|Air Balloon
|turn|1
|j|Jazou
|choice|move stealthrock|move gunkshot
|
|move|p2a: Arbok|Gunk Shot|p1a: Torterra
|-damage|p1a: Torterra|288\/394
|move|p1a: Torterra|Stealth Rock|p2a: Arbok
|-sidestart|p2: Lman8|move: Stealth Rock
|
|-heal|p1a: Torterra|312\/394|[from] item: Leftovers
|upkeep
|turn|2
|choice|switch 4|move gunkshot
|
|switch|p1a: Mismagius|Mismagius, F|261\/261
|move|p2a: Arbok|Gunk Shot|p1a: Mismagius
|-resisted|p1a: Mismagius
|-damage|p1a: Mismagius|147\/261
|-status|p1a: Mismagius|psn
|
|-damage|p1a: Mismagius|115\/261 psn|[from] psn
|upkeep
|turn|3
|choice|move thunderbolt|move suckerpunch
|
|move|p2a: Arbok|Sucker Punch|p1a: Mismagius
|-supereffective|p1a: Mismagius
|-damage|p1a: Mismagius|0 fnt
|faint|p1a: Mismagius
|
|upkeep
|choice|switch 3|
|
|switch|p1a: Mantine|Mantine, F|334\/334
|turn|4
|choice|move scald|move gunkshot
|
|move|p2a: Arbok|Gunk Shot|p1a: Mantine
|-damage|p1a: Mantine|108\/334
|move|p1a: Mantine|Scald|p2a: Arbok
|-damage|p2a: Arbok|172\/262
|-enditem|p2a: Arbok|Air Balloon
|
|-heal|p1a: Mantine|128\/334|[from] item: Leftovers
|upkeep
|turn|5
|choice|move toxic|move gunkshot
|
|move|p2a: Arbok|Gunk Shot|p1a: Mantine
|-damage|p1a: Mantine|0 fnt
|faint|p1a: Mantine
|
|upkeep
|choice|switch 4|
|
|switch|p1a: Torterra|Torterra, F|312\/394
|turn|6
|choice|move earthquake|move gunkshot
|
|move|p2a: Arbok|Gunk Shot|p1a: Torterra|[miss]
|-miss|p2a: Arbok|p1a: Torterra
|move|p1a: Torterra|Earthquake|p2a: Arbok
|-supereffective|p2a: Arbok
|-damage|p2a: Arbok|0 fnt
|faint|p2a: Arbok
|
|-heal|p1a: Torterra|336\/394|[from] item: Leftovers
|upkeep
|j|mrcarbonite
|choice||switch 2
|
|switch|p2a: Vigoroth|Vigoroth, M|302\/302
|-damage|p2a: Vigoroth|265\/302|[from] Stealth Rock
|turn|7
|choice|move earthquake|move icepunch
|
|move|p2a: Vigoroth|Ice Punch|p1a: Torterra
|-supereffective|p1a: Torterra
|-damage|p1a: Torterra|140\/394
|move|p1a: Torterra|Earthquake|p2a: Vigoroth
|-damage|p2a: Vigoroth|172\/302
|
|-heal|p1a: Torterra|164\/394|[from] item: Leftovers
|upkeep
|turn|8
|j|SwirlySnake17
|choice|switch 5|move icepunch
|
|switch|p1a: Hitmonchan|Hitmonchan, M|303\/303
|move|p2a: Vigoroth|Ice Punch|p1a: Hitmonchan
|-damage|p1a: Hitmonchan|221\/303
|
|upkeep
|turn|9
|choice|move drainpunch|move return
|
|move|p2a: Vigoroth|Return|p1a: Hitmonchan
|-damage|p1a: Hitmonchan|58\/303
|move|p1a: Hitmonchan|Drain Punch|p2a: Vigoroth
|-supereffective|p2a: Vigoroth
|-damage|p2a: Vigoroth|0 fnt
|-heal|p1a: Hitmonchan|144\/303|[from] drain|[of] p2a: Vigoroth
|faint|p2a: Vigoroth
|
|upkeep
|c| SwirlySnake17|here comes the tanks
|c|☆Lman8|lol
|choice||switch 3
|
|switch|p2a: Dodrio|Dodrio, F|262\/262
|-damage|p2a: Dodrio|197\/262|[from] Stealth Rock
|turn|10
|choice|move icepunch|move doubleedge
|
|move|p2a: Dodrio|Double-Edge|p1a: Hitmonchan
|-damage|p1a: Hitmonchan|0 fnt
|-damage|p2a: Dodrio|149\/262|[from] recoil|[of] p1a: Hitmonchan
|-damage|p2a: Dodrio|123\/262|[from] item: Life Orb
|faint|p1a: Hitmonchan
|
|upkeep
|c| SwirlySnake17|oh wow
|choice|switch 6|
|
|switch|p1a: Rotom|Rotom-Frost|304\/304
|turn|11
|c|☆Lman8|you got fucked
|c| SwirlySnake17|you got it]
|choice|move voltswitch|move knockoff
|
|move|p2a: Dodrio|Knock Off|p1a: Rotom
|-damage|p1a: Rotom|216\/304
|-enditem|p1a: Rotom|Leftovers|[from] move: Knock Off|[of] p2a: Dodrio
|-damage|p2a: Dodrio|97\/262|[from] item: Life Orb
|move|p1a: Rotom|Volt Switch|p2a: Dodrio
|-supereffective|p2a: Dodrio
|-damage|p2a: Dodrio|0 fnt
|faint|p2a: Dodrio
|c| kembe walker|lol
|c|☆Lman8|i got fucke
|choice|switch 2|
|
|switch|p1a: Zangoose|Zangoose, M|288\/288
|
|-status|p1a: Zangoose|tox|[from] item: Toxic Orb
|upkeep
|c|☆Lman8|d
|choice||switch 5
|
|switch|p2a: Ursaring|Ursaring, M|322\/322
|-damage|p2a: Ursaring|282\/322|[from] Stealth Rock
|turn|12
|choice|move closecombat|move closecombat
|
|move|p1a: Zangoose|Close Combat|p2a: Ursaring
|-supereffective|p2a: Ursaring
|-damage|p2a: Ursaring|0 fnt
|-unboost|p1a: Zangoose|def|1
|-unboost|p1a: Zangoose|spd|1
|faint|p2a: Ursaring
|
|-damage|p1a: Zangoose|270\/288 tox|[from] psn
|upkeep
|c| kembe walker|oooooh
|c|☆Lman8|i got fucked again
|choice||switch 4
|
|switch|p2a: Lilligant|Lilligant, F|282\/282
|-damage|p2a: Lilligant|247\/282|[from] Stealth Rock
|turn|13
|choice|move facade|move gigadrain
|
|move|p1a: Zangoose|Facade|p2a: Lilligant
|-damage|p2a: Lilligant|0 fnt
|faint|p2a: Lilligant
|
|-damage|p1a: Zangoose|234\/288 tox|[from] psn
|upkeep
|choice||switch 6
|
|switch|p2a: Exeggutor|Exeggutor, F|394\/394
|-damage|p2a: Exeggutor|345\/394|[from] Stealth Rock
|turn|14
|c|☆Lman8|gg man still have never won a tournament
|choice|move nightslash|move psychic
|
|move|p1a: Zangoose|Night Slash|p2a: Exeggutor
|-supereffective|p2a: Exeggutor
|-damage|p2a: Exeggutor|65\/394
|move|p2a: Exeggutor|Psychic|p1a: Zangoose
|-damage|p1a: Zangoose|0 fnt
|faint|p1a: Zangoose
|
|-heal|p2a: Exeggutor|89\/394|[from] item: Leftovers
|upkeep
|choice|switch 2|
|
|switch|p1a: Rotom|Rotom-Frost|216\/304
|turn|15
|c| SwirlySnake17|wow
|c|☆Lman8|i got fucked again
|choice|move thunderwave|move hiddenpower
|
|move|p1a: Rotom|Thunder Wave|p2a: Exeggutor
|-status|p2a: Exeggutor|par
|move|p2a: Exeggutor|Hidden Power|p1a: Rotom
|-supereffective|p1a: Rotom
|-damage|p1a: Rotom|80\/304
|
|-heal|p2a: Exeggutor|113\/394 par|[from] item: Leftovers
|upkeep
|turn|16
|choice|move voltswitch|move hiddenpower
|
|move|p1a: Rotom|Volt Switch|p2a: Exeggutor
|-resisted|p2a: Exeggutor
|-damage|p2a: Exeggutor|47\/394 par
|choice|switch 5|
|
|switch|p1a: Torterra|Torterra, F|164\/394
|move|p2a: Exeggutor|Hidden Power|p1a: Torterra
|-supereffective|p1a: Torterra
|-damage|p1a: Torterra|0 fnt
|faint|p1a: Torterra
|
|-heal|p2a: Exeggutor|71\/394 par|[from] item: Leftovers
|upkeep
|choice|switch 5|
|
|switch|p1a: Rotom|Rotom-Frost|80\/304
|turn|17
|c| SwirlySnake17|ooh baby a triple
|c| SwirlySnake17|wait what
|c| SwirlySnake17|its close
|c|☆Lman8|final stand lama who will win
|c| SwirlySnake17|prob lama ur paralyzed
|choice|move confuseray|move hiddenpower
|
|move|p1a: Rotom|Confuse Ray|p2a: Exeggutor
|-start|p2a: Exeggutor|confusion
|-activate|p2a: Exeggutor|confusion
|-damage|p2a: Exeggutor|37\/394 par|[from] confusion
|
|-heal|p2a: Exeggutor|61\/394 par|[from] item: Leftovers
|upkeep
|turn|18
|c|☆Lman8|shit gg
|c|☆Lama_Cactus|gg
|c|☆Lman8|and confused
|choice|move voltswitch|move hiddenpower
|
|move|p1a: Rotom|Volt Switch|p2a: Exeggutor
|-resisted|p2a: Exeggutor
|-damage|p2a: Exeggutor|0 fnt
|faint|p2a: Exeggutor
|
|win|Lama_Cactus
|l|Jazou
|c|☆Lman8|gg bro
|c|☆Lama_Cactus|gg</script>
</div>
<div class="battle-log battle-log-inline"><div class="inner"><div class="battle-options"></div><div class="inner"><div class="chat"><small>Lama_Cactus joined.</small></div><div class="chat"><small>Lman8 joined.</small></div><div class=""><small>Format:</small> <br><strong>NU</strong></div><div class=""><small><em>Sleep Clause Mod:</em> Limit one foe put to sleep</small></div><div class=""><small><em>Species Clause:</em> Limit one of each Pokémon</small></div><div class=""><small><em>OHKO Clause:</em> OHKO moves are banned</small></div><div class=""><small><em>Moody Clause:</em> Moody is banned</small></div><div class=""><small><em>Evasion Moves Clause:</em> Evasion moves are banned</small></div><div class=""><small><em>Endless Battle Clause:</em> Forcing endless battles is banned</small></div><div class=""><small><em>HP Percentage Mod:</em> HP is shown in percentages</small></div><div class=""><small><em>Swagger Clause:</em> Swagger is banned</small></div><div class=""><small><em>Baton Pass Clause:</em> Limit one Baton Passer, can't pass Spe and other stats simultaneously</small></div><div class="chat battle-history"><strong>Lama_Cactus's team:</strong> <em style="color:#445566;display:block;">Zangoose / Torterra / Mantine / Mismagius / Hitmonchan / Rotom-Frost</em></div><div class="chat battle-history"><strong>Lman8's team:</strong> <em style="color:#445566;display:block;">Arbok / Vigoroth / Dodrio / Lilligant / Ursaring / Exeggutor</em></div><div class="chat"><small>kembe walker joined.</small></div><div class="chat chatmessage-lman8"><strong style="color:hsl(84,41%,35%)"><small>☆</small><span class="username" data-name="Lman8">Lman8</span>:</strong> <em>gl sir hf</em></div><div class="chat message-error">Battle timer is ON: inactive players will automatically lose when time's up. (requested by Lman8)</div><div class="spacer battle-history"><br></div><div class="battle-history">Battle started between Lama_Cactus and Lman8!<br></div><div class="spacer battle-history"><br></div><div class="battle-history">Go! <strong>Torterra</strong>!<br></div><div class="spacer battle-history"><br></div><div class="battle-history">Lman8 sent out <strong>Arbok</strong>!<br></div><div class="battle-history"><small>The opposing Arbok floats in the air with its Air Balloon!</small><br></div><div class="spacer battle-history"><br></div><h2 class="battle-history">Turn 1</h2><div class="chat"><small>Jazou joined.</small></div><div class="spacer battle-history"><br></div><div class="battle-history">The opposing Arbok used <strong>Gunk Shot</strong>!<br></div><div class="battle-history"><small>(Torterra lost <abbr title="−106/394">26.9%</abbr> of its health!)</small><br></div><div class="spacer battle-history"><br></div><div class="battle-history">Torterra used <strong>Stealth Rock</strong>!<br></div><div class="battle-history"><small>Pointed stones float in the air around the opposing team!</small><br></div><div class="spacer battle-history"><br></div><div class="battle-history"><small>Torterra restored a little HP using its Leftovers!</small><br></div><div class="spacer battle-history"><br></div><h2 class="battle-history">Turn 2</h2><div class="spacer battle-history"><br></div><div class="battle-history">Torterra, come back!<br></div><div class="battle-history">Go! <strong>Mismagius</strong>!<br></div><div class="spacer battle-history"><br></div><div class="battle-history">The opposing Arbok used <strong>Gunk Shot</strong>!<br></div><div class="battle-history"><small>It's not very effective...</small><br></div><div class="battle-history"><small>(Mismagius lost <abbr title="−114/261">43.7%</abbr> of its health!)</small><br></div><div class="battle-history"><small>Mismagius was poisoned!</small><br></div><div class="spacer battle-history"><br></div><div class="battle-history"><small>Mismagius was hurt by poison!</small><br></div><div class="spacer battle-history"><br></div><h2 class="battle-history">Turn 3</h2><div class="spacer battle-history"><br></div><div class="battle-history">The opposing Arbok used <strong>Sucker Punch</strong>!<br></div><div class="battle-history"><small>It's super effective!</small><br></div><div class="battle-history"><small>(Mismagius lost <abbr title="−115/261">44.1%</abbr> of its health!)</small><br></div><div class="spacer battle-history"><br></div><div class="battle-history">Mismagius fainted!<br></div><div class="spacer battle-history"><br></div><div class="battle-history">Go! <strong>Mantine</strong>!<br></div><div class="spacer battle-history"><br></div><h2 class="battle-history">Turn 4</h2><div class="spacer battle-history"><br></div><div class="battle-history">The opposing Arbok used <strong>Gunk Shot</strong>!<br></div><div class="battle-history"><small>(Mantine lost <abbr title="−226/334">67.7%</abbr> of its health!)</small><br></div><div class="spacer battle-history"><br></div><div class="battle-history">Mantine used <strong>Scald</strong>!<br></div><div class="battle-history"><small>(The opposing Arbok lost <abbr title="−90/262">34.4%</abbr> of its health!)</small><br></div><div class="battle-history"><small>The opposing Arbok's Air Balloon popped!</small><br></div><div class="spacer battle-history"><br></div><div class="battle-history"><small>Mantine restored a little HP using its Leftovers!</small><br></div><div class="spacer battle-history"><br></div><h2 class="battle-history">Turn 5</h2><div class="spacer battle-history"><br></div><div class="battle-history">The opposing Arbok used <strong>Gunk Shot</strong>!<br></div><div class="battle-history"><small>(Mantine lost <abbr title="−128/334">38.3%</abbr> of its health!)</small><br></div><div class="spacer battle-history"><br></div><div class="battle-history">Mantine fainted!<br></div><div class="spacer battle-history"><br></div><div class="battle-history">Go! <strong>Torterra</strong>!<br></div><div class="spacer battle-history"><br></div><h2 class="battle-history">Turn 6</h2><div class="spacer battle-history"><br></div><div class="battle-history">The opposing Arbok used <strong>Gunk Shot</strong>!<br></div><div class="battle-history"><small>Torterra avoided the attack!</small><br></div><div class="spacer battle-history"><br></div><div class="battle-history">Torterra used <strong>Earthquake</strong>!<br></div><div class="battle-history"><small>It's super effective!</small><br></div><div class="battle-history"><small>(The opposing Arbok lost <abbr title="−172/262">65.6%</abbr> of its health!)</small><br></div><div class="spacer battle-history"><br></div><div class="battle-history">The opposing Arbok fainted!<br></div><div class="spacer battle-history"><br></div><div class="battle-history"><small>Torterra restored a little HP using its Leftovers!</small><br></div><div class="chat"><small>mrcarbonite joined.</small></div><div class="spacer battle-history"><br></div><div class="battle-history">Lman8 sent out <strong>Vigoroth</strong>!<br></div><div class="battle-history"><small>Pointed stones dug into the opposing Vigoroth!</small><br></div><div class="spacer battle-history"><br></div><h2 class="battle-history">Turn 7</h2><div class="spacer battle-history"><br></div><div class="battle-history">The opposing Vigoroth used <strong>Ice Punch</strong>!<br></div><div class="battle-history"><small>It's super effective!</small><br></div><div class="battle-history"><small>(Torterra lost <abbr title="−196/394">49.7%</abbr> of its health!)</small><br></div><div class="spacer battle-history"><br></div><div class="battle-history">Torterra used <strong>Earthquake</strong>!<br></div><div class="battle-history"><small>(The opposing Vigoroth lost <abbr title="−93/302">30.8%</abbr> of its health!)</small><br></div><div class="spacer battle-history"><br></div><div class="battle-history"><small>Torterra restored a little HP using its Leftovers!</small><br></div><div class="spacer battle-history"><br></div><h2 class="battle-history">Turn 8</h2><div class="chat"><small>SwirlySnake17 joined.</small></div><div class="spacer battle-history"><br></div><div class="battle-history">Torterra, come back!<br></div><div class="battle-history">Go! <strong>Hitmonchan</strong>!<br></div><div class="spacer battle-history"><br></div><div class="battle-history">The opposing Vigoroth used <strong>Ice Punch</strong>!<br></div><div class="battle-history"><small>(Hitmonchan lost <abbr title="−82/303">27.1%</abbr> of its health!)</small><br></div><div class="spacer battle-history"><br></div><h2 class="battle-history">Turn 9</h2><div class="spacer battle-history"><br></div><div class="battle-history">The opposing Vigoroth used <strong>Return</strong>!<br></div><div class="battle-history"><small>(Hitmonchan lost <abbr title="−163/303">53.8%</abbr> of its health!)</small><br></div><div class="spacer battle-history"><br></div><div class="battle-history">Hitmonchan used <strong>Drain Punch</strong>!<br></div><div class="battle-history"><small>It's super effective!</small><br></div><div class="battle-history"><small>(The opposing Vigoroth lost <abbr title="−172/302">57.0%</abbr> of its health!)</small><br></div><div class="battle-history"><small>The opposing Vigoroth had its energy drained!</small><br></div><div class="spacer battle-history"><br></div><div class="battle-history">The opposing Vigoroth fainted!<br></div><div class="chat chatmessage-swirlysnake17"><strong style="color:hsl(287,76%,48.04802874657271%)"><small> </small><span class="username" data-name="SwirlySnake17">SwirlySnake17</span>:</strong> <em>here comes the tanks</em></div><div class="chat chatmessage-lman8"><strong style="color:hsl(84,41%,35%)"><small>☆</small><span class="username" data-name="Lman8">Lman8</span>:</strong> <em>lol</em></div><div class="spacer battle-history"><br></div><div class="battle-history">Lman8 sent out <strong>Dodrio</strong>!<br></div><div class="battle-history"><small>Pointed stones dug into the opposing Dodrio!</small><br></div><div class="spacer battle-history"><br></div><h2 class="battle-history">Turn 10</h2><div class="spacer battle-history"><br></div><div class="battle-history">The opposing Dodrio used <strong>Double-Edge</strong>!<br></div><div class="battle-history"><small>(Hitmonchan lost <abbr title="−144/303">47.5%</abbr> of its health!)</small><br></div><div class="battle-history"><small>The opposing Dodrio is damaged by the recoil!</small><br></div><div class="battle-history"><small>The opposing Dodrio lost some of its HP!</small><br></div><div class="spacer battle-history"><br></div><div class="battle-history">Hitmonchan fainted!<br></div><div class="chat chatmessage-swirlysnake17"><strong style="color:hsl(287,76%,48.04802874657271%)"><small> </small><span class="username" data-name="SwirlySnake17">SwirlySnake17</span>:</strong> <em>oh wow</em></div><div class="spacer battle-history"><br></div><div class="battle-history">Go! Rotom (<strong>Rotom-Frost</strong>)!<br></div><div class="spacer battle-history"><br></div><h2 class="battle-history">Turn 11</h2><div class="chat chatmessage-lman8"><strong style="color:hsl(84,41%,35%)"><small>☆</small><span class="username" data-name="Lman8">Lman8</span>:</strong> <em>you got fucked</em></div><div class="chat chatmessage-swirlysnake17"><strong style="color:hsl(287,76%,48.04802874657271%)"><small> </small><span class="username" data-name="SwirlySnake17">SwirlySnake17</span>:</strong> <em>you got it]</em></div><div class="spacer battle-history"><br></div><div class="battle-history">The opposing Dodrio used <strong>Knock Off</strong>!<br></div><div class="battle-history"><small>(Rotom lost <abbr title="−88/304">28.9%</abbr> of its health!)</small><br></div><div class="battle-history"><small>The opposing Dodrio knocked off Rotom's Leftovers!</small><br></div><div class="battle-history"><small>The opposing Dodrio lost some of its HP!</small><br></div><div class="spacer battle-history"><br></div><div class="battle-history">Rotom used <strong>Volt Switch</strong>!<br></div><div class="battle-history"><small>It's super effective!</small><br></div><div class="battle-history"><small>(The opposing Dodrio lost <abbr title="−97/262">37.0%</abbr> of its health!)</small><br></div><div class="spacer battle-history"><br></div><div class="battle-history">The opposing Dodrio fainted!<br></div><div class="chat chatmessage-kembewalker"><strong style="color:hsl(129,45%,43%)"><small> </small><span class="username" data-name="kembe walker">kembe walker</span>:</strong> <em>lol</em></div><div class="chat chatmessage-lman8"><strong style="color:hsl(84,41%,35%)"><small>☆</small><span class="username" data-name="Lman8">Lman8</span>:</strong> <em>i got fucke</em></div><div class="spacer battle-history"><br></div><div class="battle-history">Rotom went back to Lama_Cactus!<br></div><div class="battle-history">Go! <strong>Zangoose</strong>!<br></div><div class="spacer battle-history"><br></div><div class="battle-history"><small>Zangoose was badly poisoned!</small><br></div><div class="chat chatmessage-lman8"><strong style="color:hsl(84,41%,35%)"><small>☆</small><span class="username" data-name="Lman8">Lman8</span>:</strong> <em>d</em></div><div class="spacer battle-history"><br></div><div class="battle-history">Lman8 sent out <strong>Ursaring</strong>!<br></div><div class="battle-history"><small>Pointed stones dug into the opposing Ursaring!</small><br></div><div class="spacer battle-history"><br></div><h2 class="battle-history">Turn 12</h2><div class="spacer battle-history"><br></div><div class="battle-history">Zangoose used <strong>Close Combat</strong>!<br></div><div class="battle-history"><small>It's super effective!</small><br></div><div class="battle-history"><small>(The opposing Ursaring lost <abbr title="−282/322">87.6%</abbr> of its health!)</small><br></div><div class="battle-history"><small>Zangoose's Defense fell!</small><br></div><div class="battle-history"><small>Zangoose's Special Defense fell!</small><br></div><div class="spacer battle-history"><br></div><div class="battle-history">The opposing Ursaring fainted!<br></div><div class="spacer battle-history"><br></div><div class="battle-history"><small>Zangoose was hurt by poison!</small><br></div><div class="chat chatmessage-kembewalker"><strong style="color:hsl(129,45%,43%)"><small> </small><span class="username" data-name="kembe walker">kembe walker</span>:</strong> <em>oooooh</em></div><div class="chat chatmessage-lman8"><strong style="color:hsl(84,41%,35%)"><small>☆</small><span class="username" data-name="Lman8">Lman8</span>:</strong> <em>i got fucked again</em></div><div class="spacer battle-history"><br></div><div class="battle-history">Lman8 sent out <strong>Lilligant</strong>!<br></div><div class="battle-history"><small>Pointed stones dug into the opposing Lilligant!</small><br></div><div class="spacer battle-history"><br></div><h2 class="battle-history">Turn 13</h2><div class="spacer battle-history"><br></div><div class="battle-history">Zangoose used <strong>Facade</strong>!<br></div><div class="battle-history"><small>(The opposing Lilligant lost <abbr title="−247/282">87.6%</abbr> of its health!)</small><br></div><div class="spacer battle-history"><br></div><div class="battle-history">The opposing Lilligant fainted!<br></div><div class="spacer battle-history"><br></div><div class="battle-history"><small>Zangoose was hurt by poison!</small><br></div><div class="spacer battle-history"><br></div><div class="battle-history">Lman8 sent out <strong>Exeggutor</strong>!<br></div><div class="battle-history"><small>Pointed stones dug into the opposing Exeggutor!</small><br></div><div class="spacer battle-history"><br></div><h2 class="battle-history">Turn 14</h2><div class="chat chatmessage-lman8"><strong style="color:hsl(84,41%,35%)"><small>☆</small><span class="username" data-name="Lman8">Lman8</span>:</strong> <em>gg man still have never won a tournament</em></div><div class="spacer battle-history"><br></div><div class="battle-history">Zangoose used <strong>Night Slash</strong>!<br></div><div class="battle-history"><small>It's super effective!</small><br></div><div class="battle-history"><small>(The opposing Exeggutor lost <abbr title="−280/394">71.1%</abbr> of its health!)</small><br></div><div class="spacer battle-history"><br></div><div class="battle-history">The opposing Exeggutor used <strong>Psychic</strong>!<br></div><div class="battle-history"><small>(Zangoose lost <abbr title="−234/288">81.3%</abbr> of its health!)</small><br></div><div class="spacer battle-history"><br></div><div class="battle-history">Zangoose fainted!<br></div><div class="spacer battle-history"><br></div><div class="battle-history"><small>The opposing Exeggutor restored a little HP using its Leftovers!</small><br></div><div class="spacer battle-history"><br></div><div class="battle-history">Go! Rotom (<strong>Rotom-Frost</strong>)!<br></div><div class="spacer battle-history"><br></div><h2 class="battle-history">Turn 15</h2><div class="chat chatmessage-swirlysnake17"><strong style="color:hsl(287,76%,48.04802874657271%)"><small> </small><span class="username" data-name="SwirlySnake17">SwirlySnake17</span>:</strong> <em>wow</em></div><div class="chat chatmessage-lman8"><strong style="color:hsl(84,41%,35%)"><small>☆</small><span class="username" data-name="Lman8">Lman8</span>:</strong> <em>i got fucked again</em></div><div class="spacer battle-history"><br></div><div class="battle-history">Rotom used <strong>Thunder Wave</strong>!<br></div><div class="battle-history"><small>The opposing Exeggutor is paralyzed! It may be unable to move!</small><br></div><div class="spacer battle-history"><br></div><div class="battle-history">The opposing Exeggutor used <strong>Hidden Power</strong>!<br></div><div class="battle-history"><small>It's super effective!</small><br></div><div class="battle-history"><small>(Rotom lost <abbr title="−136/304">44.7%</abbr> of its health!)</small><br></div><div class="spacer battle-history"><br></div><div class="battle-history"><small>The opposing Exeggutor restored a little HP using its Leftovers!</small><br></div><div class="spacer battle-history"><br></div><h2 class="battle-history">Turn 16</h2><div class="spacer battle-history"><br></div><div class="battle-history">Rotom used <strong>Volt Switch</strong>!<br></div><div class="battle-history"><small>It's not very effective...</small><br></div><div class="battle-history"><small>(The opposing Exeggutor lost <abbr title="−66/394">16.8%</abbr> of its health!)</small><br></div><div class="spacer battle-history"><br></div><div class="battle-history">Rotom went back to Lama_Cactus!<br></div><div class="battle-history">Go! <strong>Torterra</strong>!<br></div><div class="spacer battle-history"><br></div><div class="battle-history">The opposing Exeggutor used <strong>Hidden Power</strong>!<br></div><div class="battle-history"><small>It's super effective!</small><br></div><div class="battle-history"><small>(Torterra lost <abbr title="−164/394">41.6%</abbr> of its health!)</small><br></div><div class="spacer battle-history"><br></div><div class="battle-history">Torterra fainted!<br></div><div class="spacer battle-history"><br></div><div class="battle-history"><small>The opposing Exeggutor restored a little HP using its Leftovers!</small><br></div><div class="spacer battle-history"><br></div><div class="battle-history">Go! Rotom (<strong>Rotom-Frost</strong>)!<br></div><div class="spacer battle-history"><br></div><h2 class="battle-history">Turn 17</h2><div class="chat chatmessage-swirlysnake17"><strong style="color:hsl(287,76%,48.04802874657271%)"><small> </small><span class="username" data-name="SwirlySnake17">SwirlySnake17</span>:</strong> <em>ooh baby a triple</em></div><div class="chat chatmessage-swirlysnake17"><strong style="color:hsl(287,76%,48.04802874657271%)"><small> </small><span class="username" data-name="SwirlySnake17">SwirlySnake17</span>:</strong> <em>wait what</em></div><div class="chat chatmessage-swirlysnake17"><strong style="color:hsl(287,76%,48.04802874657271%)"><small> </small><span class="username" data-name="SwirlySnake17">SwirlySnake17</span>:</strong> <em>its close</em></div><div class="chat chatmessage-lman8"><strong style="color:hsl(84,41%,35%)"><small>☆</small><span class="username" data-name="Lman8">Lman8</span>:</strong> <em>final stand lama who will win</em></div><div class="chat chatmessage-swirlysnake17"><strong style="color:hsl(287,76%,48.04802874657271%)"><small> </small><span class="username" data-name="SwirlySnake17">SwirlySnake17</span>:</strong> <em>prob lama ur paralyzed</em></div><div class="spacer battle-history"><br></div><div class="battle-history">Rotom used <strong>Confuse Ray</strong>!<br></div><div class="battle-history"><small>The opposing Exeggutor became confused!</small><br></div><div class="spacer battle-history"><br></div><div class="battle-history"><small>The opposing Exeggutor is confused!</small><br></div><div class="battle-history">It hurt itself in its confusion!<br></div><div class="spacer battle-history"><br></div><div class="battle-history"><small>The opposing Exeggutor restored a little HP using its Leftovers!</small><br></div><div class="spacer battle-history"><br></div><h2 class="battle-history">Turn 18</h2><div class="chat chatmessage-lman8"><strong style="color:hsl(84,41%,35%)"><small>☆</small><span class="username" data-name="Lman8">Lman8</span>:</strong> <em>shit gg</em></div><div class="chat chatmessage-lamacactus"><strong style="color:hsl(137,72%,37.42648107034978%)"><small>☆</small><span class="username" data-name="Lama_Cactus">Lama_Cactus</span>:</strong> <em>gg</em></div><div class="chat chatmessage-lman8"><strong style="color:hsl(84,41%,35%)"><small>☆</small><span class="username" data-name="Lman8">Lman8</span>:</strong> <em>and confused</em></div><div class="spacer battle-history"><br></div><div class="battle-history">Rotom used <strong>Volt Switch</strong>!<br></div><div class="battle-history"><small>It's not very effective...</small><br></div><div class="battle-history"><small>(The opposing Exeggutor lost <abbr title="−61/394">15.5%</abbr> of its health!)</small><br></div><div class="spacer battle-history"><br></div><div class="battle-history">The opposing Exeggutor fainted!<br></div><div class="spacer battle-history"><br></div><div class="battle-history"><strong>Lama_Cactus</strong> won the battle!<br></div><div class="chat"><small>Jazou left.</small></div><div class="chat chatmessage-lman8"><strong style="color:hsl(84,41%,35%)"><small>☆</small><span class="username" data-name="Lman8">Lman8</span>:</strong> <em>gg bro</em></div><div class="chat chatmessage-lamacactus"><strong style="color:hsl(137,72%,37.42648107034978%)"><small>☆</small><span class="username" data-name="Lama_Cactus">Lama_Cactus</span>:</strong> <em>gg</em></div></div><div class="inner-preempt"></div></div></div>
</div>
<script>
let daily = Math.floor(Date.now()/1000/60/60/24);document.write('<script src="https://play.pokemonshowdown.com/js/replay-embed.js?version'+daily+'"></'+'script>');
</script>
