<!DOCTYPE html>
<meta charset="utf-8" />
<!-- version 1 -->
<title>NU replay: Swoobat Sucks vs. LordMichaelCraig</title>
<style>
html,body {font-family:Verdana, sans-serif;font-size:10pt;margin:0;padding:0;}body{padding:12px 0;} .battle-log {font-family:Verdana, sans-serif;font-size:10pt;} .battle-log-inline {border:1px solid #AAAAAA;background:#EEF2F5;color:black;max-width:640px;margin:0 auto 80px;padding-bottom:5px;} .battle-log .inner {padding:4px 8px 0px 8px;} .battle-log .inner-preempt {padding:0 8px 4px 8px;} .battle-log .inner-after {margin-top:0.5em;} .battle-log h2 {margin:0.5em -8px;padding:4px 8px;border:1px solid #AAAAAA;background:#E0E7EA;border-left:0;border-right:0;font-family:Verdana, sans-serif;font-size:13pt;} .battle-log .chat {vertical-align:middle;padding:3px 0 3px 0;font-size:8pt;} .battle-log .chat strong {color:#40576A;} .battle-log .chat em {padding:1px 4px 1px 3px;color:#000000;font-style:normal;} .chat.mine {background:rgba(0,0,0,0.05);margin-left:-8px;margin-right:-8px;padding-left:8px;padding-right:8px;} .spoiler {color:#BBBBBB;background:#BBBBBB;padding:0px 3px;} .spoiler:hover, .spoiler:active, .spoiler-shown {color:#000000;background:#E2E2E2;padding:0px 3px;} .spoiler a {color:#BBBBBB;} .spoiler:hover a, .spoiler:active a, .spoiler-shown a {color:#2288CC;} .chat code, .chat .spoiler:hover code, .chat .spoiler:active code, .chat .spoiler-shown code {border:1px solid #C0C0C0;background:#EEEEEE;color:black;padding:0 2px;} .chat .spoiler code {border:1px solid #CCCCCC;background:#CCCCCC;color:#CCCCCC;} .battle-log .rated {padding:3px 4px;} .battle-log .rated strong {color:white;background:#89A;padding:1px 4px;border-radius:4px;} .spacer {margin-top:0.5em;} .message-announce {background:#6688AA;color:white;padding:1px 4px 2px;} .message-announce a, .broadcast-green a, .broadcast-blue a, .broadcast-red a {color:#DDEEFF;} .broadcast-green {background-color:#559955;color:white;padding:2px 4px;} .broadcast-blue {background-color:#6688AA;color:white;padding:2px 4px;} .infobox {border:1px solid #6688AA;padding:2px 4px;} .infobox-limited {max-height:200px;overflow:auto;overflow-x:hidden;} .broadcast-red {background-color:#AA5544;color:white;padding:2px 4px;} .message-learn-canlearn {font-weight:bold;color:#228822;text-decoration:underline;} .message-learn-cannotlearn {font-weight:bold;color:#CC2222;text-decoration:underline;} .message-effect-weak {font-weight:bold;color:#CC2222;} .message-effect-resist {font-weight:bold;color:#6688AA;} .message-effect-immune {font-weight:bold;color:#666666;} .message-learn-list {margin-top:0;margin-bottom:0;} .message-throttle-notice, .message-error {color:#992222;} .message-overflow, .chat small.message-overflow {font-size:0pt;} .message-overflow::before {font-size:9pt;content:'...';} .subtle {color:#3A4A66;}
</style>
<div class="wrapper replay-wrapper" style="max-width:1180px;margin:0 auto">
<input type="hidden" name="replayid" value="nu-561599132" />
<div class="battle"></div><div class="battle-log"></div><div class="replay-controls"></div><div class="replay-controls-2"></div>
<h1 style="font-weight:normal;text-align:center"><strong>NU</strong><br /><a href="http://pokemonshowdown.com/users/swoobatsucks" class="subtle" target="_blank">Swoobat Sucks</a> vs. <a href="http://pokemonshowdown.com/users/lordmichaelcraig" class="subtle" target="_blank">LordMichaelCraig</a></h1>
<script type="text/plain" class="battle-log-data">|j|Swoobat Sucks
|j|LordMichaelCraig
|player|p1|Swoobat Sucks|168
|player|p2|LordMichaelCraig|70
|gametype|singles
|gen|6
|tier|NU
|rated
|seed|20203,31374,37981,37438
|rule|Sleep Clause Mod: Limit one foe put to sleep
|rule|Species Clause: Limit one of each Pokémon
|rule|OHKO Clause: OHKO moves are banned
|rule|Moody Clause: Moody is banned
|rule|Evasion Moves Clause: Evasion moves are banned
|rule|Endless Battle Clause: Forcing endless battles is banned
|rule|HP Percentage Mod: HP is shown in percentages
|clearpoke
|poke|p1|Archeops, M|item
|poke|p1|Hitmonchan, M|item
|poke|p1|Rotom|item
|poke|p1|Cacturne, F|item
|poke|p1|Piloswine, M|item
|poke|p1|Musharna, M|item
|poke|p2|Barbaracle, M|item
|poke|p2|Altaria, M|item
|poke|p2|Musharna, F|item
|poke|p2|Audino, M|item
|poke|p2|Mawile, F|item
|poke|p2|Hariyama, F|item
|rule|Swagger Clause: Swagger is banned
|rule|Baton Pass Clause: Limit one Baton Passer, can't pass Spe and other stats simultaneously
|teampreview
|choice|team 1, team 2, team 3, team 4, team 5, team 6|team 1, team 2, team 3, team 4, team 5, team 6
|
|start
|switch|p1a: Archeops|Archeops, M|291\/291
|switch|p2a: Barbaracle|Barbaracle, M|285\/285
|turn|1
|choice|move earthquake|move shellsmash
|
|move|p1a: Archeops|Earthquake|p2a: Barbaracle
|-supereffective|p2a: Barbaracle
|-enditem|p2a: Barbaracle|Focus Sash
|-damage|p2a: Barbaracle|1\/285
|move|p2a: Barbaracle|Shell Smash|p2a: Barbaracle
|-unboost|p2a: Barbaracle|def|1
|-unboost|p2a: Barbaracle|spd|1
|-boost|p2a: Barbaracle|atk|2
|-boost|p2a: Barbaracle|spa|2
|-boost|p2a: Barbaracle|spe|2
|
|upkeep
|turn|2
|choice|switch 4|move razorshell
|
|switch|p1a: Cacturne|Cacturne, F|281\/281
|move|p2a: Barbaracle|Razor Shell|p1a: Cacturne
|-immune|p1a: Cacturne|[msg]|[from] ability: Water Absorb
|
|upkeep
|turn|3
|choice|move suckerpunch|switch 5
|
|switch|p2a: Mawile|Mawile, F|303\/303
|-ability|p2a: Mawile|Intimidate|boost
|-unboost|p1a: Cacturne|atk|1
|move|p1a: Cacturne|Sucker Punch|p2a: Mawile|[still]
|-fail|p1a: Cacturne
|
|upkeep
|turn|4
|choice|switch 5|move swordsdance
|
|switch|p1a: Piloswine|Piloswine, M|394\/394
|move|p2a: Mawile|Swords Dance|p2a: Mawile
|-boost|p2a: Mawile|atk|2
|
|upkeep
|turn|5
|choice|move earthquake|move ironhead
|
|move|p1a: Piloswine|Earthquake|p2a: Mawile
|-supereffective|p2a: Mawile
|-damage|p2a: Mawile|0 fnt
|faint|p2a: Mawile
|
|upkeep
|choice||switch 2
|
|switch|p2a: Altaria|Altaria, M|291\/291
|turn|6
|choice|move stealthrock|switch 4
|
|switch|p2a: Audino|Audino, M|409\/409
|move|p1a: Piloswine|Stealth Rock|p2a: Audino
|-sidestart|p2: LordMichaelCraig|move: Stealth Rock
|
|upkeep
|turn|7
|choice|move earthquake|move calmmind mega
|
|detailschange|p2a: Audino|Audino-Mega, M
|-mega|p2a: Audino|Audino|Audinite
|move|p1a: Piloswine|Earthquake|p2a: Audino
|-crit|p2a: Audino
|-damage|p2a: Audino|220\/409
|move|p2a: Audino|Calm Mind|p2a: Audino
|-boost|p2a: Audino|spa|1
|-boost|p2a: Audino|spd|1
|
|upkeep
|turn|8
|choice|move iciclecrash|move drainingkiss
|
|move|p1a: Piloswine|Icicle Crash|p2a: Audino
|-damage|p2a: Audino|111\/409
|move|p2a: Audino|Draining Kiss|p1a: Piloswine
|-damage|p1a: Piloswine|280\/394
|-heal|p2a: Audino|197\/409|[from] drain|[of] p1a: Piloswine
|
|upkeep
|turn|9
|choice|move earthquake|move drainingkiss
|
|move|p1a: Piloswine|Earthquake|p2a: Audino
|-damage|p2a: Audino|52\/409
|move|p2a: Audino|Draining Kiss|p1a: Piloswine
|-damage|p1a: Piloswine|166\/394
|-heal|p2a: Audino|138\/409|[from] drain|[of] p1a: Piloswine
|
|upkeep
|turn|10
|choice|move earthquake|move hypervoice
|
|move|p1a: Piloswine|Earthquake|p2a: Audino
|-damage|p2a: Audino|0 fnt
|faint|p2a: Audino
|
|upkeep
|choice||switch 6
|
|switch|p2a: Hariyama|Hariyama, F|429\/429
|-damage|p2a: Hariyama|403\/429|[from] Stealth Rock
|turn|11
|choice|move earthquake|move heavyslam
|
|move|p1a: Piloswine|Earthquake|p2a: Hariyama
|-damage|p2a: Hariyama|162\/429
|move|p2a: Hariyama|Heavy Slam|p1a: Piloswine
|-supereffective|p1a: Piloswine
|-damage|p1a: Piloswine|0 fnt
|faint|p1a: Piloswine
|
|-status|p2a: Hariyama|brn|[from] item: Flame Orb
|upkeep
|choice|switch 2|
|
|switch|p1a: Hitmonchan|Hitmonchan, M|241\/241
|turn|12
|choice|move closecombat|move closecombat
|
|move|p1a: Hitmonchan|Close Combat|p2a: Hariyama
|-damage|p2a: Hariyama|0 fnt
|-unboost|p1a: Hitmonchan|def|1
|-unboost|p1a: Hitmonchan|spd|1
|faint|p2a: Hariyama
|
|upkeep
|choice||switch 4
|
|switch|p2a: Altaria|Altaria, M|291\/291
|-damage|p2a: Altaria|219\/291|[from] Stealth Rock
|turn|13
|choice|move icepunch|move dragondance
|
|move|p1a: Hitmonchan|Ice Punch|p2a: Altaria
|-supereffective|p2a: Altaria
|-damage|p2a: Altaria|0 fnt
|faint|p2a: Altaria
|
|upkeep
|choice||switch 3
|
|switch|p2a: Musharna|Musharna, F|373\/373
|-damage|p2a: Musharna|327\/373|[from] Stealth Rock
|turn|14
|choice|switch 5|move psyshock
|
|switch|p1a: Cacturne|Cacturne, F|281\/281
|move|p2a: Musharna|Psyshock|p1a: Cacturne
|-immune|p1a: Cacturne|[msg]
|
|-heal|p2a: Musharna|350\/373|[from] item: Leftovers
|upkeep
|turn|15
|choice|move darkpulse|move dazzlinggleam
|
|move|p1a: Cacturne|Dark Pulse|p2a: Musharna
|-supereffective|p2a: Musharna
|-damage|p2a: Musharna|22\/373
|-damage|p1a: Cacturne|253\/281|[from] item: Life Orb
|move|p2a: Musharna|Dazzling Gleam|p1a: Cacturne
|-supereffective|p1a: Cacturne
|-damage|p1a: Cacturne|15\/281
|
|-heal|p2a: Musharna|45\/373|[from] item: Leftovers
|upkeep
|turn|16
|choice|move gigadrain|move rest
|
|move|p1a: Cacturne|Giga Drain|p2a: Musharna
|-crit|p2a: Musharna
|-damage|p2a: Musharna|0 fnt
|-heal|p1a: Cacturne|38\/281|[from] drain|[of] p2a: Musharna
|-damage|p1a: Cacturne|10\/281|[from] item: Life Orb
|faint|p2a: Musharna
|
|upkeep
|c|☆Swoobat Sucks|gg
|j|PursuitOfHappiny
|choice||switch 5
|
|switch|p2a: Barbaracle|Barbaracle, M|1\/285
|-damage|p2a: Barbaracle|0 fnt|[from] Stealth Rock
|faint|p2a: Barbaracle
|
|win|Swoobat Sucks
|c|☆LordMichaelCraig|gg
|raw|Swoobat Sucks's rating: 1042 &rarr; <strong>1072<\/strong><br \/>(+30 for winning)
|raw|LordMichaelCraig's rating: 1000 &rarr; <strong>1000<\/strong><br \/>(+0 for losing)
|l|LordMichaelCraig
|l|PursuitOfHappiny</script>
</div>
<div class="battle-log battle-log-inline"><div class="inner"><div class="battle-options"></div><div class="inner"><div class="chat"><small>Swoobat Sucks joined.</small></div><div class="chat"><small>LordMichaelCraig joined.</small></div><div class=""><small>Format:</small> <br><strong>NU</strong></div><div class="rated"><strong>Rated battle</strong></div><div class=""><small><em>Sleep Clause Mod:</em> Limit one foe put to sleep</small></div><div class=""><small><em>Species Clause:</em> Limit one of each Pokémon</small></div><div class=""><small><em>OHKO Clause:</em> OHKO moves are banned</small></div><div class=""><small><em>Moody Clause:</em> Moody is banned</small></div><div class=""><small><em>Evasion Moves Clause:</em> Evasion moves are banned</small></div><div class=""><small><em>Endless Battle Clause:</em> Forcing endless battles is banned</small></div><div class=""><small><em>HP Percentage Mod:</em> HP is shown in percentages</small></div><div class=""><small><em>Swagger Clause:</em> Swagger is banned</small></div><div class=""><small><em>Baton Pass Clause:</em> Limit one Baton Passer, can't pass Spe and other stats simultaneously</small></div><div class="chat battle-history"><strong>Swoobat Sucks's team:</strong> <em style="color:#445566;display:block;">Archeops / Hitmonchan / Rotom / Cacturne / Piloswine / Musharna</em></div><div class="chat battle-history"><strong>LordMichaelCraig's team:</strong> <em style="color:#445566;display:block;">Barbaracle / Altaria / Musharna / Audino / Mawile / Hariyama</em></div><div class="spacer battle-history"><br></div><div class="battle-history">Battle started between Swoobat Sucks and LordMichaelCraig!<br></div><div class="spacer battle-history"><br></div><div class="battle-history">Go! <strong>Archeops</strong>!<br></div><div class="spacer battle-history"><br></div><div class="battle-history">LordMichaelCraig sent out <strong>Barbaracle</strong>!<br></div><div class="spacer battle-history"><br></div><h2 class="battle-history">Turn 1</h2><div class="spacer battle-history"><br></div><div class="battle-history">Archeops used <strong>Earthquake</strong>!<br></div><div class="battle-history"><small>It's super effective!</small><br></div><div class="battle-history"><small>The opposing Barbaracle hung on using its Focus Sash!</small><br></div><div class="battle-history"><small>(The opposing Barbaracle lost <abbr title="−284/285">99.6%</abbr> of its health!)</small><br></div><div class="spacer battle-history"><br></div><div class="battle-history">The opposing Barbaracle used <strong>Shell Smash</strong>!<br></div><div class="battle-history"><small>The opposing Barbaracle's Defense fell!</small><br></div><div class="battle-history"><small>The opposing Barbaracle's Special Defense fell!</small><br></div><div class="battle-history"><small>The opposing Barbaracle's Attack rose sharply!</small><br></div><div class="battle-history"><small>The opposing Barbaracle's Special Attack rose sharply!</small><br></div><div class="battle-history"><small>The opposing Barbaracle's Speed rose sharply!</small><br></div><div class="spacer battle-history"><br></div><h2 class="battle-history">Turn 2</h2><div class="spacer battle-history"><br></div><div class="battle-history">Archeops, come back!<br></div><div class="battle-history">Go! <strong>Cacturne</strong>!<br></div><div class="spacer battle-history"><br></div><div class="battle-history">The opposing Barbaracle used <strong>Razor Shell</strong>!<br></div><div class="battle-history"><small>[Cacturne's Water Absorb]</small><br><small>It doesn't affect Cacturne...</small><br></div><div class="spacer battle-history"><br></div><h2 class="battle-history">Turn 3</h2><div class="spacer battle-history"><br></div><div class="battle-history">LordMichaelCraig withdrew Barbaracle!<br></div><div class="battle-history">LordMichaelCraig sent out <strong>Mawile</strong>!<br></div><div class="battle-history"><small>[The opposing Mawile's Intimidate]</small><br></div><div class="battle-history"><small>Cacturne's Attack fell!</small><br></div><div class="spacer battle-history"><br></div><div class="battle-history">Cacturne used <strong>Sucker Punch</strong>!<br></div><div class="battle-history"><small>But it failed!</small><br></div><div class="spacer battle-history"><br></div><h2 class="battle-history">Turn 4</h2><div class="spacer battle-history"><br></div><div class="battle-history">Cacturne, come back!<br></div><div class="battle-history">Go! <strong>Piloswine</strong>!<br></div><div class="spacer battle-history"><br></div><div class="battle-history">The opposing Mawile used <strong>Swords Dance</strong>!<br></div><div class="battle-history"><small>The opposing Mawile's Attack rose sharply!</small><br></div><div class="spacer battle-history"><br></div><h2 class="battle-history">Turn 5</h2><div class="spacer battle-history"><br></div><div class="battle-history">Piloswine used <strong>Earthquake</strong>!<br></div><div class="battle-history"><small>It's super effective!</small><br></div><div class="battle-history"><small>(The opposing Mawile lost <abbr title="−303/303">100%</abbr> of its health!)</small><br></div><div class="spacer battle-history"><br></div><div class="battle-history">The opposing Mawile fainted!<br></div><div class="spacer battle-history"><br></div><div class="battle-history">LordMichaelCraig sent out <strong>Altaria</strong>!<br></div><div class="spacer battle-history"><br></div><h2 class="battle-history">Turn 6</h2><div class="spacer battle-history"><br></div><div class="battle-history">LordMichaelCraig withdrew Altaria!<br></div><div class="battle-history">LordMichaelCraig sent out <strong>Audino</strong>!<br></div><div class="spacer battle-history"><br></div><div class="battle-history">Piloswine used <strong>Stealth Rock</strong>!<br></div><div class="battle-history"><small>Pointed stones float in the air around the opposing team!</small><br></div><div class="spacer battle-history"><br></div><h2 class="battle-history">Turn 7</h2><div class="spacer battle-history"><br></div><div class="battle-history"><small>The opposing Audino's Audinite is reacting to LordMichaelCraig's Mega Bracelet!</small><br>The opposing Audino has Mega Evolved into Mega Audino!<br></div><div class="spacer battle-history"><br></div><div class="battle-history">Piloswine used <strong>Earthquake</strong>!<br></div><div class="battle-history"><small>A critical hit!</small><br></div><div class="battle-history"><small>(The opposing Audino lost <abbr title="−189/409">46.2%</abbr> of its health!)</small><br></div><div class="spacer battle-history"><br></div><div class="battle-history">The opposing Audino used <strong>Calm Mind</strong>!<br></div><div class="battle-history"><small>The opposing Audino's Special Attack rose!</small><br></div><div class="battle-history"><small>The opposing Audino's Special Defense rose!</small><br></div><div class="spacer battle-history"><br></div><h2 class="battle-history">Turn 8</h2><div class="spacer battle-history"><br></div><div class="battle-history">Piloswine used <strong>Icicle Crash</strong>!<br></div><div class="battle-history"><small>(The opposing Audino lost <abbr title="−109/409">26.7%</abbr> of its health!)</small><br></div><div class="spacer battle-history"><br></div><div class="battle-history">The opposing Audino used <strong>Draining Kiss</strong>!<br></div><div class="battle-history"><small>(Piloswine lost <abbr title="−114/394">28.9%</abbr> of its health!)</small><br></div><div class="battle-history"><small>Piloswine had its energy drained!</small><br></div><div class="spacer battle-history"><br></div><h2 class="battle-history">Turn 9</h2><div class="spacer battle-history"><br></div><div class="battle-history">Piloswine used <strong>Earthquake</strong>!<br></div><div class="battle-history"><small>(The opposing Audino lost <abbr title="−145/409">35.5%</abbr> of its health!)</small><br></div><div class="spacer battle-history"><br></div><div class="battle-history">The opposing Audino used <strong>Draining Kiss</strong>!<br></div><div class="battle-history"><small>(Piloswine lost <abbr title="−114/394">28.9%</abbr> of its health!)</small><br></div><div class="battle-history"><small>Piloswine had its energy drained!</small><br></div><div class="spacer battle-history"><br></div><h2 class="battle-history">Turn 10</h2><div class="spacer battle-history"><br></div><div class="battle-history">Piloswine used <strong>Earthquake</strong>!<br></div><div class="battle-history"><small>(The opposing Audino lost <abbr title="−138/409">33.7%</abbr> of its health!)</small><br></div><div class="spacer battle-history"><br></div><div class="battle-history">The opposing Audino fainted!<br></div><div class="spacer battle-history"><br></div><div class="battle-history">LordMichaelCraig sent out <strong>Hariyama</strong>!<br></div><div class="battle-history"><small>Pointed stones dug into the opposing Hariyama!</small><br></div><div class="spacer battle-history"><br></div><h2 class="battle-history">Turn 11</h2><div class="spacer battle-history"><br></div><div class="battle-history">Piloswine used <strong>Earthquake</strong>!<br></div><div class="battle-history"><small>(The opposing Hariyama lost <abbr title="−241/429">56.2%</abbr> of its health!)</small><br></div><div class="spacer battle-history"><br></div><div class="battle-history">The opposing Hariyama used <strong>Heavy Slam</strong>!<br></div><div class="battle-history"><small>It's super effective!</small><br></div><div class="battle-history"><small>(Piloswine lost <abbr title="−166/394">42.1%</abbr> of its health!)</small><br></div><div class="spacer battle-history"><br></div><div class="battle-history">Piloswine fainted!<br></div><div class="spacer battle-history"><br></div><div class="battle-history"><small>The opposing Hariyama was burned!</small><br></div><div class="spacer battle-history"><br></div><div class="battle-history">Go! <strong>Hitmonchan</strong>!<br></div><div class="spacer battle-history"><br></div><h2 class="battle-history">Turn 12</h2><div class="spacer battle-history"><br></div><div class="battle-history">Hitmonchan used <strong>Close Combat</strong>!<br></div><div class="battle-history"><small>(The opposing Hariyama lost <abbr title="−162/429">37.8%</abbr> of its health!)</small><br></div><div class="battle-history"><small>Hitmonchan's Defense fell!</small><br></div><div class="battle-history"><small>Hitmonchan's Special Defense fell!</small><br></div><div class="spacer battle-history"><br></div><div class="battle-history">The opposing Hariyama fainted!<br></div><div class="spacer battle-history"><br></div><div class="battle-history">LordMichaelCraig sent out <strong>Altaria</strong>!<br></div><div class="battle-history"><small>Pointed stones dug into the opposing Altaria!</small><br></div><div class="spacer battle-history"><br></div><h2 class="battle-history">Turn 13</h2><div class="spacer battle-history"><br></div><div class="battle-history">Hitmonchan used <strong>Ice Punch</strong>!<br></div><div class="battle-history"><small>It's super effective!</small><br></div><div class="battle-history"><small>(The opposing Altaria lost <abbr title="−219/291">75.3%</abbr> of its health!)</small><br></div><div class="spacer battle-history"><br></div><div class="battle-history">The opposing Altaria fainted!<br></div><div class="spacer battle-history"><br></div><div class="battle-history">LordMichaelCraig sent out <strong>Musharna</strong>!<br></div><div class="battle-history"><small>Pointed stones dug into the opposing Musharna!</small><br></div><div class="spacer battle-history"><br></div><h2 class="battle-history">Turn 14</h2><div class="spacer battle-history"><br></div><div class="battle-history">Hitmonchan, come back!<br></div><div class="battle-history">Go! <strong>Cacturne</strong>!<br></div><div class="spacer battle-history"><br></div><div class="battle-history">The opposing Musharna used <strong>Psyshock</strong>!<br></div><div class="battle-history"><small>It doesn't affect Cacturne...</small><br></div><div class="spacer battle-history"><br></div><div class="battle-history"><small>The opposing Musharna restored a little HP using its Leftovers!</small><br></div><div class="spacer battle-history"><br></div><h2 class="battle-history">Turn 15</h2><div class="spacer battle-history"><br></div><div class="battle-history">Cacturne used <strong>Dark Pulse</strong>!<br></div><div class="battle-history"><small>It's super effective!</small><br></div><div class="battle-history"><small>(The opposing Musharna lost <abbr title="−328/373">87.9%</abbr> of its health!)</small><br></div><div class="battle-history"><small>Cacturne lost some of its HP!</small><br></div><div class="spacer battle-history"><br></div><div class="battle-history">The opposing Musharna used <strong>Dazzling Gleam</strong>!<br></div><div class="battle-history"><small>It's super effective!</small><br></div><div class="battle-history"><small>(Cacturne lost <abbr title="−238/281">84.7%</abbr> of its health!)</small><br></div><div class="spacer battle-history"><br></div><div class="battle-history"><small>The opposing Musharna restored a little HP using its Leftovers!</small><br></div><div class="spacer battle-history"><br></div><h2 class="battle-history">Turn 16</h2><div class="spacer battle-history"><br></div><div class="battle-history">Cacturne used <strong>Giga Drain</strong>!<br></div><div class="battle-history"><small>A critical hit!</small><br></div><div class="battle-history"><small>(The opposing Musharna lost <abbr title="−45/373">12.1%</abbr> of its health!)</small><br></div><div class="battle-history"><small>The opposing Musharna had its energy drained!</small><br></div><div class="battle-history"><small>Cacturne lost some of its HP!</small><br></div><div class="spacer battle-history"><br></div><div class="battle-history">The opposing Musharna fainted!<br></div><div class="chat chatmessage-swoobatsucks"><strong style="color:hsl(181,55%,46.8536774868571%)"><small>☆</small><span class="username" data-name="Swoobat Sucks">Swoobat Sucks</span>:</strong> <em>gg</em></div><div class="chat"><small>PursuitOfHappiny joined.</small></div><div class="spacer battle-history"><br></div><div class="battle-history">LordMichaelCraig sent out <strong>Barbaracle</strong>!<br></div><div class="battle-history"><small>Pointed stones dug into the opposing Barbaracle!</small><br></div><div class="spacer battle-history"><br></div><div class="battle-history">The opposing Barbaracle fainted!<br></div><div class="spacer battle-history"><br></div><div class="battle-history"><strong>Swoobat Sucks</strong> won the battle!<br></div><div class="chat chatmessage-lordmichaelcraig"><strong style="color:hsl(153,51%,32.2751794494377%)"><small>☆</small><span class="username" data-name="LordMichaelCraig">LordMichaelCraig</span>:</strong> <em>gg</em></div><div class="chat">Swoobat Sucks's rating: 1042 → <strong>1072</strong><br>(+30 for winning)</div><div class="chat">LordMichaelCraig's rating: 1000 → <strong>1000</strong><br>(+0 for losing)</div><div class="chat"><small>LordMichaelCraig left.</small></div><div class="chat"><small>PursuitOfHappiny left.</small></div></div><div class="inner-preempt"></div></div></div>
</div>
<script>
let daily = Math.floor(Date.now()/1000/60/60/24);document.write('<script src="https://play.pokemonshowdown.com/js/replay-embed.js?version'+daily+'"></'+'script>');
</script>
