<!DOCTYPE html>
<meta charset="utf-8" />
<!-- version 1 -->
<title>NU replay: Shadowtags vs. Shadestep!!</title>
<style>
html,body {font-family:Verdana, sans-serif;font-size:10pt;margin:0;padding:0;}body{padding:12px 0;} .battle-log {font-family:Verdana, sans-serif;font-size:10pt;} .battle-log-inline {border:1px solid #AAAAAA;background:#EEF2F5;color:black;max-width:640px;margin:0 auto 80px;padding-bottom:5px;} .battle-log .inner {padding:4px 8px 0px 8px;} .battle-log .inner-preempt {padding:0 8px 4px 8px;} .battle-log .inner-after {margin-top:0.5em;} .battle-log h2 {margin:0.5em -8px;padding:4px 8px;border:1px solid #AAAAAA;background:#E0E7EA;border-left:0;border-right:0;font-family:Verdana, sans-serif;font-size:13pt;} .battle-log .chat {vertical-align:middle;padding:3px 0 3px 0;font-size:8pt;} .battle-log .chat strong {color:#40576A;} .battle-log .chat em {padding:1px 4px 1px 3px;color:#000000;font-style:normal;} .chat.mine {background:rgba(0,0,0,0.05);margin-left:-8px;margin-right:-8px;padding-left:8px;padding-right:8px;} .spoiler {color:#BBBBBB;background:#BBBBBB;padding:0px 3px;} .spoiler:hover, .spoiler:active, .spoiler-shown {color:#000000;background:#E2E2E2;padding:0px 3px;} .spoiler a {color:#BBBBBB;} .spoiler:hover a, .spoiler:active a, .spoiler-shown a {color:#2288CC;} .chat code, .chat .spoiler:hover code, .chat .spoiler:active code, .chat .spoiler-shown code {border:1px solid #C0C0C0;background:#EEEEEE;color:black;padding:0 2px;} .chat .spoiler code {border:1px solid #CCCCCC;background:#CCCCCC;color:#CCCCCC;} .battle-log .rated {padding:3px 4px;} .battle-log .rated strong {color:white;background:#89A;padding:1px 4px;border-radius:4px;} .spacer {margin-top:0.5em;} .message-announce {background:#6688AA;color:white;padding:1px 4px 2px;} .message-announce a, .broadcast-green a, .broadcast-blue a, .broadcast-red a {color:#DDEEFF;} .broadcast-green {background-color:#559955;color:white;padding:2px 4px;} .broadcast-blue {background-color:#6688AA;color:white;padding:2px 4px;} .infobox {border:1px solid #6688AA;padding:2px 4px;} .infobox-limited {max-height:200px;overflow:auto;overflow-x:hidden;} .broadcast-red {background-color:#AA5544;color:white;padding:2px 4px;} .message-learn-canlearn {font-weight:bold;color:#228822;text-decoration:underline;} .message-learn-cannotlearn {font-weight:bold;color:#CC2222;text-decoration:underline;} .message-effect-weak {font-weight:bold;color:#CC2222;} .message-effect-resist {font-weight:bold;color:#6688AA;} .message-effect-immune {font-weight:bold;color:#666666;} .message-learn-list {margin-top:0;margin-bottom:0;} .message-throttle-notice, .message-error {color:#992222;} .message-overflow, .chat small.message-overflow {font-size:0pt;} .message-overflow::before {font-size:9pt;content:'...';} .subtle {color:#3A4A66;}
</style>
<div class="wrapper replay-wrapper" style="max-width:1180px;margin:0 auto">
<input type="hidden" name="replayid" value="nu-564062937" />
<div class="battle"></div><div class="battle-log"></div><div class="replay-controls"></div><div class="replay-controls-2"></div>
<h1 style="font-weight:normal;text-align:center"><strong>NU</strong><br /><a href="http://pokemonshowdown.com/users/shadowtags" class="subtle" target="_blank">Shadowtags</a> vs. <a href="http://pokemonshowdown.com/users/shadestep" class="subtle" target="_blank">Shadestep!!</a></h1>
<script type="text/plain" class="battle-log-data">|j|Shadowtags
|j|Shadestep!!
|player|p1|Shadowtags|#shadowtags
|player|p2|Shadestep!!|237
|gametype|singles
|gen|6
|tier|NU
|seed|47057,41497,40447,14365
|rule|Sleep Clause Mod: Limit one foe put to sleep
|rule|Species Clause: Limit one of each Pokémon
|rule|OHKO Clause: OHKO moves are banned
|rule|Moody Clause: Moody is banned
|rule|Evasion Moves Clause: Evasion moves are banned
|rule|Endless Battle Clause: Forcing endless battles is banned
|rule|HP Percentage Mod: HP is shown in percentages
|clearpoke
|poke|p1|Lilligant, F|item
|poke|p1|Hariyama, F|item
|poke|p1|Weezing, M|item
|poke|p1|Samurott, M|item
|poke|p1|Steelix, M|item
|poke|p1|Pyroar, F|item
|poke|p2|Kangaskhan, F|item
|poke|p2|Gourgeist-*, M|item
|poke|p2|Garbodor, F|item
|poke|p2|Jynx, F|item
|poke|p2|Archeops, M|
|poke|p2|Rhydon, F|item
|rule|Swagger Clause: Swagger is banned
|rule|Baton Pass Clause: Limit one Baton Passer, can't pass Spe and other stats simultaneously
|teampreview
|c|☆Shadestep!!|nice team
|c|☆Shadestep!!|:D
|c|☆Shadowtags|tnx
|choice|team 5, team 2, team 3, team 4, team 1, team 6|team 5, team 2, team 3, team 4, team 1, team 6
|
|start
|switch|p1a: Steelix|Steelix, M|353\/353
|switch|p2a: Archeops|Archeops, M|353\/353
|turn|1
|choice|move heavyslam|move knockoff
|
|move|p2a: Archeops|Knock Off|p1a: Steelix
|-damage|p1a: Steelix|299\/353
|-enditem|p1a: Steelix|Leftovers|[from] move: Knock Off|[of] p2a: Archeops
|move|p1a: Steelix|Heavy Slam|p2a: Archeops
|-supereffective|p2a: Archeops
|-damage|p2a: Archeops|0 fnt
|faint|p2a: Archeops
|
|upkeep
|c|☆Shadowtags|worth
|choice||switch 2
|
|switch|p2a: Gourgeist|Gourgeist-Super, M|374\/374
|turn|2
|choice|move stealthrock|move leechseed
|
|move|p2a: Gourgeist|Leech Seed|p1a: Steelix
|-start|p1a: Steelix|move: Leech Seed
|move|p1a: Steelix|Stealth Rock|p2a: Gourgeist
|-sidestart|p2: Shadestep!!|move: Stealth Rock
|
|-damage|p1a: Steelix|255\/353|[from] Leech Seed|[of] p2a: Gourgeist
|upkeep
|turn|3
|choice|switch 6|move leechseed
|
|switch|p1a: Pyroar|Pyroar, F|313\/313
|-ability|p1a: Pyroar|Unnerve|p2: Shadestep!!
|move|p2a: Gourgeist|Leech Seed|p1a: Pyroar
|-start|p1a: Pyroar|move: Leech Seed
|
|-damage|p1a: Pyroar|274\/313|[from] Leech Seed|[of] p2a: Gourgeist
|upkeep
|turn|4
|choice|move fireblast|switch 6
|
|switch|p2a: Rhydon|Rhydon, F|414\/414
|-damage|p2a: Rhydon|389\/414|[from] Stealth Rock
|move|p1a: Pyroar|Fire Blast|p2a: Rhydon|[miss]
|-miss|p1a: Pyroar|p2a: Rhydon
|
|-damage|p1a: Pyroar|235\/313|[from] Leech Seed|[of] p2a: Rhydon
|-heal|p2a: Rhydon|414\/414|[silent]
|upkeep
|turn|5
|choice|switch 3|move stealthrock
|
|switch|p1a: Weezing|Weezing, M|333\/333
|move|p2a: Rhydon|Stealth Rock|p1a: Weezing
|-sidestart|p1: Shadowtags|move: Stealth Rock
|
|upkeep
|turn|6
|choice|move willowisp|switch 4
|
|switch|p2a: Jynx|Jynx, F|271\/271
|-damage|p2a: Jynx|204\/271|[from] Stealth Rock
|move|p1a: Weezing|Will-O-Wisp|p2a: Jynx
|-status|p2a: Jynx|brn
|
|-damage|p2a: Jynx|171\/271 brn|[from] brn
|upkeep
|turn|7
|choice|switch 6|move icebeam
|
|switch|p1a: Steelix|Steelix, M|255\/353
|-damage|p1a: Steelix|244\/353|[from] Stealth Rock
|move|p2a: Jynx|Ice Beam|p1a: Steelix
|-damage|p1a: Steelix|82\/353
|
|-damage|p2a: Jynx|138\/271 brn|[from] brn
|upkeep
|turn|8
|choice|switch 2|move icebeam
|
|switch|p1a: Hariyama|Hariyama, F|429\/429
|-damage|p1a: Hariyama|403\/429|[from] Stealth Rock
|move|p2a: Jynx|Ice Beam|p1a: Hariyama
|-damage|p1a: Hariyama|351\/429
|-status|p1a: Hariyama|frz
|
|-damage|p2a: Jynx|105\/271 brn|[from] brn
|upkeep
|turn|9
|c|☆Shadowtags|,,,
|choice|switch 2|switch 3
|
|switch|p2a: Garbodor|Garbodor, F|363\/363
|-damage|p2a: Garbodor|318\/363|[from] Stealth Rock
|switch|p1a: Steelix|Steelix, M|82\/353
|-damage|p1a: Steelix|71\/353|[from] Stealth Rock
|
|upkeep
|turn|10
|c|☆Shadestep!!|only way to win
|choice|move earthquake|move toxicspikes
|
|move|p2a: Garbodor|Toxic Spikes|p1a: Steelix
|-sidestart|p1: Shadowtags|move: Toxic Spikes
|move|p1a: Steelix|Earthquake|p2a: Garbodor
|-supereffective|p2a: Garbodor
|-crit|p2a: Garbodor
|-damage|p2a: Garbodor|0 fnt
|faint|p2a: Garbodor
|
|upkeep
|c|☆Shadestep!!|.......
|c|☆Shadestep!!|noob
|c|☆Shadowtags|ev'd to kill
|choice||switch 5
|
|switch|p2a: Kangaskhan|Kangaskhan, F|351\/351
|-damage|p2a: Kangaskhan|308\/351|[from] Stealth Rock
|turn|11
|choice|move toxic|move earthquake
|
|move|p2a: Kangaskhan|Earthquake|p1a: Steelix
|-supereffective|p1a: Steelix
|-damage|p1a: Steelix|0 fnt
|faint|p1a: Steelix
|
|upkeep
|choice|switch 6|
|
|switch|p1a: Weezing|Weezing, M|333\/333
|-damage|p1a: Weezing|292\/333|[from] Stealth Rock
|turn|12
|c|☆Shadestep!!|did u know there's a rapper called
|c|☆Shadestep!!|big L
|choice|move sludgebomb|switch 3
|
|switch|p2a: Jynx|Jynx, F|105\/271 brn
|-damage|p2a: Jynx|38\/271 brn|[from] Stealth Rock
|move|p1a: Weezing|Sludge Bomb|p2a: Jynx
|-damage|p2a: Jynx|0 fnt
|faint|p2a: Jynx
|
|-heal|p1a: Weezing|312\/333|[from] item: Black Sludge
|upkeep
|c|☆Shadowtags|y
|choice||switch 6
|
|switch|p2a: Gourgeist|Gourgeist-Super, M|374\/374
|-damage|p2a: Gourgeist|328\/374|[from] Stealth Rock
|-item|p1a: Weezing|Black Sludge|[from] ability: Frisk|[of] p2a: Gourgeist|[identify]
|turn|13
|c|☆Shadowtags|rapped in the 90's i believe
|c|☆Shadestep!!|kek
|c|☆Shadestep!!|really makes you think
|c|☆Shadestep!!|y
|choice|move toxicspikes|move leechseed
|
|move|p1a: Weezing|Toxic Spikes|p2a: Gourgeist
|-sidestart|p2: Shadestep!!|move: Toxic Spikes
|move|p2a: Gourgeist|Leech Seed|p1a: Weezing
|-start|p1a: Weezing|move: Leech Seed
|
|-heal|p1a: Weezing|332\/333|[from] item: Black Sludge
|-damage|p1a: Weezing|291\/333|[from] Leech Seed|[of] p2a: Gourgeist
|-heal|p2a: Gourgeist|369\/374|[silent]
|upkeep
|turn|14
|choice|switch 2|move leechseed
|
|switch|p1a: Hariyama|Hariyama, F|351\/429 frz
|-damage|p1a: Hariyama|325\/429 frz|[from] Stealth Rock
|move|p2a: Gourgeist|Leech Seed|p1a: Hariyama
|-start|p1a: Hariyama|move: Leech Seed
|
|-damage|p1a: Hariyama|272\/429 frz|[from] Leech Seed|[of] p2a: Gourgeist
|-heal|p2a: Gourgeist|374\/374|[silent]
|upkeep
|turn|15
|choice|move knockoff|move foulplay
|
|cant|p1a: Hariyama|frz
|move|p2a: Gourgeist|Foul Play|p1a: Hariyama
|-resisted|p1a: Hariyama
|-damage|p1a: Hariyama|178\/429 frz
|
|-damage|p1a: Hariyama|125\/429 frz|[from] Leech Seed|[of] p2a: Gourgeist
|upkeep
|turn|16
|choice|move knockoff|move leechseed
|
|move|p2a: Gourgeist|Leech Seed|p1a: Hariyama|[miss]
|-miss|p2a: Gourgeist|p1a: Hariyama
|cant|p1a: Hariyama|frz
|
|-damage|p1a: Hariyama|72\/429 frz|[from] Leech Seed|[of] p2a: Gourgeist
|upkeep
|turn|17
|choice|move knockoff|move foulplay
|
|cant|p1a: Hariyama|frz
|move|p2a: Gourgeist|Foul Play|p1a: Hariyama
|-resisted|p1a: Hariyama
|-damage|p1a: Hariyama|0 fnt
|faint|p1a: Hariyama
|
|upkeep
|choice|switch 3|
|
|switch|p1a: Pyroar|Pyroar, F|235\/313
|-ability|p1a: Pyroar|Unnerve|p2: Shadestep!!
|-damage|p1a: Pyroar|157\/313|[from] Stealth Rock
|-status|p1a: Pyroar|psn
|turn|18
|choice|move overheat|switch 4
|
|switch|p2a: Rhydon|Rhydon, F|414\/414
|-status|p2a: Rhydon|psn
|-damage|p2a: Rhydon|389\/414 psn|[from] Stealth Rock
|move|p1a: Pyroar|Overheat|p2a: Rhydon
|-resisted|p2a: Rhydon
|-damage|p2a: Rhydon|268\/414 psn
|-unboost|p1a: Pyroar|spa|2
|
|-damage|p1a: Pyroar|118\/313 psn|[from] psn
|-damage|p2a: Rhydon|217\/414 psn|[from] psn
|upkeep
|turn|19
|choice|switch 2|move rockblast
|
|switch|p1a: Weezing|Weezing, M|291\/333
|-damage|p1a: Weezing|250\/333|[from] Stealth Rock
|move|p2a: Rhydon|Rock Blast|p1a: Weezing
|-damage|p1a: Weezing|222\/333
|-damage|p1a: Weezing|195\/333
|-hitcount|p1a: Weezing|2
|
|-heal|p1a: Weezing|215\/333|[from] item: Black Sludge
|-damage|p2a: Rhydon|166\/414 psn|[from] psn
|upkeep
|turn|20
|choice|move toxicspikes|move rockblast
|
|move|p1a: Weezing|Toxic Spikes|p2a: Rhydon
|-sidestart|p2: Shadestep!!|move: Toxic Spikes
|move|p2a: Rhydon|Rock Blast|p1a: Weezing
|-damage|p1a: Weezing|185\/333
|-damage|p1a: Weezing|155\/333
|-damage|p1a: Weezing|125\/333
|-hitcount|p1a: Weezing|3
|
|-heal|p1a: Weezing|145\/333|[from] item: Black Sludge
|-damage|p2a: Rhydon|115\/414 psn|[from] psn
|upkeep
|turn|21
|choice|switch 4|move rockblast
|
|switch|p1a: Samurott|Samurott, M|331\/331
|-status|p1a: Samurott|psn
|-damage|p1a: Samurott|290\/331 psn|[from] Stealth Rock
|move|p2a: Rhydon|Rock Blast|p1a: Samurott
|-damage|p1a: Samurott|242\/331 psn
|-damage|p1a: Samurott|197\/331 psn
|-damage|p1a: Samurott|148\/331 psn
|-damage|p1a: Samurott|99\/331 psn
|-damage|p1a: Samurott|53\/331 psn
|-hitcount|p1a: Samurott|5
|
|-damage|p1a: Samurott|12\/331 psn|[from] psn
|-damage|p2a: Rhydon|64\/414 psn|[from] psn
|upkeep
|turn|22
|choice|move aquajet|move swordsdance
|
|move|p1a: Samurott|Aqua Jet|p2a: Rhydon
|-supereffective|p2a: Rhydon
|-damage|p2a: Rhydon|0 fnt
|faint|p2a: Rhydon
|
|-damage|p1a: Samurott|0 fnt|[from] psn
|upkeep
|faint|p1a: Samurott
|choice|switch 4|switch 3
|
|switch|p2a: Kangaskhan|Kangaskhan, F|308\/351
|switch|p1a: Weezing|Weezing, M|145\/333
|-damage|p2a: Kangaskhan|265\/351|[from] Stealth Rock
|-status|p2a: Kangaskhan|tox
|-damage|p1a: Weezing|104\/333|[from] Stealth Rock
|turn|23
|choice|move sludgebomb|move doubleedge
|
|move|p2a: Kangaskhan|Double-Edge|p1a: Weezing
|-damage|p1a: Weezing|0 fnt
|-damage|p2a: Kangaskhan|231\/351 tox|[from] recoil|[of] p1a: Weezing
|faint|p1a: Weezing
|
|-damage|p2a: Kangaskhan|210\/351 tox|[from] psn
|upkeep
|c|☆Shadowtags|u jolly?
|choice|switch 5|
|
|switch|p1a: Lilligant|Lilligant, F|281\/281
|-status|p1a: Lilligant|psn
|-damage|p1a: Lilligant|246\/281 psn|[from] Stealth Rock
|-enditem|p1a: Lilligant|Lum Berry|[eat]
|-curestatus|p1a: Lilligant|psn|[msg]
|turn|24
|c|☆Shadestep!!|y
|choice|move gigadrain|switch 4
|
|switch|p2a: Gourgeist|Gourgeist-Super, M|374\/374
|-status|p2a: Gourgeist|tox
|-damage|p2a: Gourgeist|328\/374 tox|[from] Stealth Rock
|move|p1a: Lilligant|Giga Drain|p2a: Gourgeist
|-resisted|p2a: Gourgeist
|-damage|p2a: Gourgeist|252\/374 tox
|-heal|p1a: Lilligant|281\/281|[from] drain|[of] p2a: Gourgeist
|
|-damage|p2a: Gourgeist|229\/374 tox|[from] psn
|upkeep
|turn|25
|choice|move quiverdance|move willowisp
|
|move|p1a: Lilligant|Quiver Dance|p1a: Lilligant
|-boost|p1a: Lilligant|spa|1
|-boost|p1a: Lilligant|spd|1
|-boost|p1a: Lilligant|spe|1
|move|p2a: Gourgeist|Will-O-Wisp|p1a: Lilligant
|-status|p1a: Lilligant|brn
|
|-damage|p1a: Lilligant|246\/281 brn|[from] brn
|-damage|p2a: Gourgeist|183\/374 tox|[from] psn
|upkeep
|turn|26
|choice|move gigadrain|move foulplay
|
|move|p1a: Lilligant|Giga Drain|p2a: Gourgeist
|-resisted|p2a: Gourgeist
|-damage|p2a: Gourgeist|72\/374 tox
|-heal|p1a: Lilligant|281\/281 brn|[from] drain|[of] p2a: Gourgeist
|move|p2a: Gourgeist|Foul Play|p1a: Lilligant
|-damage|p1a: Lilligant|236\/281 brn
|
|-damage|p1a: Lilligant|201\/281 brn|[from] brn
|-damage|p2a: Gourgeist|3\/374 tox|[from] psn
|upkeep
|turn|27
|choice|move gigadrain|move foulplay
|
|move|p1a: Lilligant|Giga Drain|p2a: Gourgeist
|-resisted|p2a: Gourgeist
|-damage|p2a: Gourgeist|0 fnt
|-heal|p1a: Lilligant|203\/281 brn|[from] drain|[of] p2a: Gourgeist
|faint|p2a: Gourgeist
|
|-damage|p1a: Lilligant|168\/281 brn|[from] brn
|upkeep
|choice||switch 4
|
|switch|p2a: Kangaskhan|Kangaskhan, F|210\/351 tox
|-damage|p2a: Kangaskhan|167\/351 tox|[from] Stealth Rock
|turn|28
|choice|move gigadrain|move fakeout
|
|move|p2a: Kangaskhan|Fake Out|p1a: Lilligant
|-damage|p1a: Lilligant|62\/281 brn
|cant|p1a: Lilligant|flinch
|
|-damage|p1a: Lilligant|27\/281 brn|[from] brn
|-damage|p2a: Kangaskhan|146\/351 tox|[from] psn
|upkeep
|turn|29
|choice|move quiverdance|move suckerpunch
|
|move|p2a: Kangaskhan|Sucker Punch|p1a: Lilligant|[still]
|-fail|p2a: Kangaskhan
|move|p1a: Lilligant|Quiver Dance|p1a: Lilligant
|-boost|p1a: Lilligant|spa|1
|-boost|p1a: Lilligant|spd|1
|-boost|p1a: Lilligant|spe|1
|
|-damage|p1a: Lilligant|0 fnt|[from] brn
|-damage|p2a: Kangaskhan|104\/351 tox|[from] psn
|upkeep
|faint|p1a: Lilligant
|c|☆Shadestep!!|gg
|choice|switch 2|
|
|switch|p1a: Pyroar|Pyroar, F|118\/313 psn
|-ability|p1a: Pyroar|Unnerve|p2: Shadestep!!
|-damage|p1a: Pyroar|40\/313 psn|[from] Stealth Rock
|turn|30
|c|☆Shadowtags|gg
|c|☆Shadestep!!|close one
|c|☆Shadowtags|team sucks
|c|☆Shadowtags|alas
|c|☆Shadestep!!|y
|choice|move overheat|move suckerpunch
|
|move|p2a: Kangaskhan|Sucker Punch|p1a: Pyroar
|-damage|p1a: Pyroar|0 fnt
|faint|p1a: Pyroar
|
|win|Shadestep!!
|c|☆Shadestep!!|its mine
|c|☆Shadestep!!|kek
|c|☆Shadowtags|that was the joke
|c|☆Shadowtags|!</script>
</div>
<div class="battle-log battle-log-inline"><div class="inner"><div class="battle-options"></div><div class="inner"><div class="chat"><small>Shadowtags joined.</small></div><div class="chat"><small>Shadestep!! joined.</small></div><div class=""><small>Format:</small> <br><strong>NU</strong></div><div class=""><small><em>Sleep Clause Mod:</em> Limit one foe put to sleep</small></div><div class=""><small><em>Species Clause:</em> Limit one of each Pokémon</small></div><div class=""><small><em>OHKO Clause:</em> OHKO moves are banned</small></div><div class=""><small><em>Moody Clause:</em> Moody is banned</small></div><div class=""><small><em>Evasion Moves Clause:</em> Evasion moves are banned</small></div><div class=""><small><em>Endless Battle Clause:</em> Forcing endless battles is banned</small></div><div class=""><small><em>HP Percentage Mod:</em> HP is shown in percentages</small></div><div class=""><small><em>Swagger Clause:</em> Swagger is banned</small></div><div class=""><small><em>Baton Pass Clause:</em> Limit one Baton Passer, can't pass Spe and other stats simultaneously</small></div><div class="chat battle-history"><strong>Shadowtags's team:</strong> <em style="color:#445566;display:block;">Lilligant / Hariyama / Weezing / Samurott / Steelix / Pyroar</em></div><div class="chat battle-history"><strong>Shadestep!!'s team:</strong> <em style="color:#445566;display:block;">Kangaskhan / Gourgeist-* / Garbodor / Jynx / Archeops / Rhydon</em></div><div class="chat chatmessage-shadestep"><strong style="color:hsl(348,69%,49.13556749513967%)"><small>☆</small><span class="username" data-name="Shadestep!!">Shadestep!!</span>:</strong> <em>nice team</em></div><div class="chat chatmessage-shadestep"><strong style="color:hsl(348,69%,49.13556749513967%)"><small>☆</small><span class="username" data-name="Shadestep!!">Shadestep!!</span>:</strong> <em>:D</em></div><div class="chat chatmessage-shadowtags"><strong style="color:hsl(126,46%,34%)"><small>☆</small><span class="username" data-name="Shadowtags">Shadowtags</span>:</strong> <em>tnx</em></div><div class="spacer battle-history"><br></div><div class="battle-history">Battle started between Shadowtags and Shadestep!!!<br></div><div class="spacer battle-history"><br></div><div class="battle-history">Go! <strong>Steelix</strong>!<br></div><div class="spacer battle-history"><br></div><div class="battle-history">Shadestep!! sent out <strong>Archeops</strong>!<br></div><div class="spacer battle-history"><br></div><h2 class="battle-history">Turn 1</h2><div class="spacer battle-history"><br></div><div class="battle-history">The opposing Archeops used <strong>Knock Off</strong>!<br></div><div class="battle-history"><small>(Steelix lost <abbr title="−54/353">15.3%</abbr> of its health!)</small><br></div><div class="battle-history"><small>The opposing Archeops knocked off Steelix's Leftovers!</small><br></div><div class="spacer battle-history"><br></div><div class="battle-history">Steelix used <strong>Heavy Slam</strong>!<br></div><div class="battle-history"><small>It's super effective!</small><br></div><div class="battle-history"><small>(The opposing Archeops lost <abbr title="−353/353">100%</abbr> of its health!)</small><br></div><div class="spacer battle-history"><br></div><div class="battle-history">The opposing Archeops fainted!<br></div><div class="chat chatmessage-shadowtags"><strong style="color:hsl(126,46%,34%)"><small>☆</small><span class="username" data-name="Shadowtags">Shadowtags</span>:</strong> <em>worth</em></div><div class="spacer battle-history"><br></div><div class="battle-history">Shadestep!! sent out Gourgeist (<strong>Gourgeist-Super</strong>)!<br></div><div class="spacer battle-history"><br></div><h2 class="battle-history">Turn 2</h2><div class="spacer battle-history"><br></div><div class="battle-history">The opposing Gourgeist used <strong>Leech Seed</strong>!<br></div><div class="battle-history"><small>Steelix was seeded!</small><br></div><div class="spacer battle-history"><br></div><div class="battle-history">Steelix used <strong>Stealth Rock</strong>!<br></div><div class="battle-history"><small>Pointed stones float in the air around the opposing team!</small><br></div><div class="spacer battle-history"><br></div><div class="battle-history"><small>Steelix's health is sapped by Leech Seed!</small><br></div><div class="spacer battle-history"><br></div><h2 class="battle-history">Turn 3</h2><div class="spacer battle-history"><br></div><div class="battle-history">Steelix, come back!<br></div><div class="battle-history">Go! <strong>Pyroar</strong>!<br></div><div class="battle-history"><small>[Pyroar's Unnerve]</small><br><small>The opposing team is too nervous to eat Berries!</small><br></div><div class="spacer battle-history"><br></div><div class="battle-history">The opposing Gourgeist used <strong>Leech Seed</strong>!<br></div><div class="battle-history"><small>Pyroar was seeded!</small><br></div><div class="spacer battle-history"><br></div><div class="battle-history"><small>Pyroar's health is sapped by Leech Seed!</small><br></div><div class="spacer battle-history"><br></div><h2 class="battle-history">Turn 4</h2><div class="spacer battle-history"><br></div><div class="battle-history">Shadestep!! withdrew Gourgeist!<br></div><div class="battle-history">Shadestep!! sent out <strong>Rhydon</strong>!<br></div><div class="battle-history"><small>Pointed stones dug into the opposing Rhydon!</small><br></div><div class="spacer battle-history"><br></div><div class="battle-history">Pyroar used <strong>Fire Blast</strong>!<br></div><div class="battle-history"><small>The opposing Rhydon avoided the attack!</small><br></div><div class="spacer battle-history"><br></div><div class="battle-history"><small>Pyroar's health is sapped by Leech Seed!</small><br></div><div class="spacer battle-history"><br></div><h2 class="battle-history">Turn 5</h2><div class="spacer battle-history"><br></div><div class="battle-history">Pyroar, come back!<br></div><div class="battle-history">Go! <strong>Weezing</strong>!<br></div><div class="spacer battle-history"><br></div><div class="battle-history">The opposing Rhydon used <strong>Stealth Rock</strong>!<br></div><div class="battle-history"><small>Pointed stones float in the air around your team!</small><br></div><div class="spacer battle-history"><br></div><h2 class="battle-history">Turn 6</h2><div class="spacer battle-history"><br></div><div class="battle-history">Shadestep!! withdrew Rhydon!<br></div><div class="battle-history">Shadestep!! sent out <strong>Jynx</strong>!<br></div><div class="battle-history"><small>Pointed stones dug into the opposing Jynx!</small><br></div><div class="spacer battle-history"><br></div><div class="battle-history">Weezing used <strong>Will-O-Wisp</strong>!<br></div><div class="battle-history"><small>The opposing Jynx was burned!</small><br></div><div class="spacer battle-history"><br></div><div class="battle-history"><small>The opposing Jynx was hurt by its burn!</small><br></div><div class="spacer battle-history"><br></div><h2 class="battle-history">Turn 7</h2><div class="spacer battle-history"><br></div><div class="battle-history">Weezing, come back!<br></div><div class="battle-history">Go! <strong>Steelix</strong>!<br></div><div class="battle-history"><small>Pointed stones dug into Steelix!</small><br></div><div class="spacer battle-history"><br></div><div class="battle-history">The opposing Jynx used <strong>Ice Beam</strong>!<br></div><div class="battle-history"><small>(Steelix lost <abbr title="−162/353">45.9%</abbr> of its health!)</small><br></div><div class="spacer battle-history"><br></div><div class="battle-history"><small>The opposing Jynx was hurt by its burn!</small><br></div><div class="spacer battle-history"><br></div><h2 class="battle-history">Turn 8</h2><div class="spacer battle-history"><br></div><div class="battle-history">Steelix, come back!<br></div><div class="battle-history">Go! <strong>Hariyama</strong>!<br></div><div class="battle-history"><small>Pointed stones dug into Hariyama!</small><br></div><div class="spacer battle-history"><br></div><div class="battle-history">The opposing Jynx used <strong>Ice Beam</strong>!<br></div><div class="battle-history"><small>(Hariyama lost <abbr title="−52/429">12.1%</abbr> of its health!)</small><br></div><div class="battle-history"><small>Hariyama was frozen solid!</small><br></div><div class="spacer battle-history"><br></div><div class="battle-history"><small>The opposing Jynx was hurt by its burn!</small><br></div><div class="spacer battle-history"><br></div><h2 class="battle-history">Turn 9</h2><div class="chat chatmessage-shadowtags"><strong style="color:hsl(126,46%,34%)"><small>☆</small><span class="username" data-name="Shadowtags">Shadowtags</span>:</strong> <em>,,,</em></div><div class="spacer battle-history"><br></div><div class="battle-history">Shadestep!! withdrew Jynx!<br></div><div class="battle-history">Shadestep!! sent out <strong>Garbodor</strong>!<br></div><div class="battle-history"><small>Pointed stones dug into the opposing Garbodor!</small><br></div><div class="spacer battle-history"><br></div><div class="battle-history">Hariyama, come back!<br></div><div class="battle-history">Go! <strong>Steelix</strong>!<br></div><div class="battle-history"><small>Pointed stones dug into Steelix!</small><br></div><div class="spacer battle-history"><br></div><h2 class="battle-history">Turn 10</h2><div class="chat chatmessage-shadestep"><strong style="color:hsl(348,69%,49.13556749513967%)"><small>☆</small><span class="username" data-name="Shadestep!!">Shadestep!!</span>:</strong> <em>only way to win</em></div><div class="spacer battle-history"><br></div><div class="battle-history">The opposing Garbodor used <strong>Toxic Spikes</strong>!<br></div><div class="battle-history"><small>Poison spikes were scattered on the ground all around your team!</small><br></div><div class="spacer battle-history"><br></div><div class="battle-history">Steelix used <strong>Earthquake</strong>!<br></div><div class="battle-history"><small>It's super effective!</small><br></div><div class="battle-history"><small>A critical hit!</small><br></div><div class="battle-history"><small>(The opposing Garbodor lost <abbr title="−318/363">87.6%</abbr> of its health!)</small><br></div><div class="spacer battle-history"><br></div><div class="battle-history">The opposing Garbodor fainted!<br></div><div class="chat chatmessage-shadestep"><strong style="color:hsl(348,69%,49.13556749513967%)"><small>☆</small><span class="username" data-name="Shadestep!!">Shadestep!!</span>:</strong> <em>.......</em></div><div class="chat chatmessage-shadestep"><strong style="color:hsl(348,69%,49.13556749513967%)"><small>☆</small><span class="username" data-name="Shadestep!!">Shadestep!!</span>:</strong> <em>noob</em></div><div class="chat chatmessage-shadowtags"><strong style="color:hsl(126,46%,34%)"><small>☆</small><span class="username" data-name="Shadowtags">Shadowtags</span>:</strong> <em>ev'd to kill</em></div><div class="spacer battle-history"><br></div><div class="battle-history">Shadestep!! sent out <strong>Kangaskhan</strong>!<br></div><div class="battle-history"><small>Pointed stones dug into the opposing Kangaskhan!</small><br></div><div class="spacer battle-history"><br></div><h2 class="battle-history">Turn 11</h2><div class="spacer battle-history"><br></div><div class="battle-history">The opposing Kangaskhan used <strong>Earthquake</strong>!<br></div><div class="battle-history"><small>It's super effective!</small><br></div><div class="battle-history"><small>(Steelix lost <abbr title="−71/353">20.1%</abbr> of its health!)</small><br></div><div class="spacer battle-history"><br></div><div class="battle-history">Steelix fainted!<br></div><div class="spacer battle-history"><br></div><div class="battle-history">Go! <strong>Weezing</strong>!<br></div><div class="battle-history"><small>Pointed stones dug into Weezing!</small><br></div><div class="spacer battle-history"><br></div><h2 class="battle-history">Turn 12</h2><div class="chat chatmessage-shadestep"><strong style="color:hsl(348,69%,49.13556749513967%)"><small>☆</small><span class="username" data-name="Shadestep!!">Shadestep!!</span>:</strong> <em>did u know there's a rapper called</em></div><div class="chat chatmessage-shadestep"><strong style="color:hsl(348,69%,49.13556749513967%)"><small>☆</small><span class="username" data-name="Shadestep!!">Shadestep!!</span>:</strong> <em>big L</em></div><div class="spacer battle-history"><br></div><div class="battle-history">Shadestep!! withdrew Kangaskhan!<br></div><div class="battle-history">Shadestep!! sent out <strong>Jynx</strong>!<br></div><div class="battle-history"><small>Pointed stones dug into the opposing Jynx!</small><br></div><div class="spacer battle-history"><br></div><div class="battle-history">Weezing used <strong>Sludge Bomb</strong>!<br></div><div class="battle-history"><small>(The opposing Jynx lost <abbr title="−38/271">14.0%</abbr> of its health!)</small><br></div><div class="spacer battle-history"><br></div><div class="battle-history">The opposing Jynx fainted!<br></div><div class="spacer battle-history"><br></div><div class="battle-history"><small>Weezing restored a little HP using its Black Sludge!</small><br></div><div class="chat chatmessage-shadowtags"><strong style="color:hsl(126,46%,34%)"><small>☆</small><span class="username" data-name="Shadowtags">Shadowtags</span>:</strong> <em>y</em></div><div class="spacer battle-history"><br></div><div class="battle-history">Shadestep!! sent out Gourgeist (<strong>Gourgeist-Super</strong>)!<br></div><div class="battle-history"><small>Pointed stones dug into the opposing Gourgeist!</small><br></div><div class="battle-history"><small>[The opposing Gourgeist's Frisk]</small><br><small>The opposing Gourgeist frisked Weezing and found its Black Sludge!</small><br></div><div class="spacer battle-history"><br></div><h2 class="battle-history">Turn 13</h2><div class="chat chatmessage-shadowtags"><strong style="color:hsl(126,46%,34%)"><small>☆</small><span class="username" data-name="Shadowtags">Shadowtags</span>:</strong> <em>rapped in the 90's i believe</em></div><div class="chat chatmessage-shadestep"><strong style="color:hsl(348,69%,49.13556749513967%)"><small>☆</small><span class="username" data-name="Shadestep!!">Shadestep!!</span>:</strong> <em>kek</em></div><div class="chat chatmessage-shadestep"><strong style="color:hsl(348,69%,49.13556749513967%)"><small>☆</small><span class="username" data-name="Shadestep!!">Shadestep!!</span>:</strong> <em>really makes you think</em></div><div class="chat chatmessage-shadestep"><strong style="color:hsl(348,69%,49.13556749513967%)"><small>☆</small><span class="username" data-name="Shadestep!!">Shadestep!!</span>:</strong> <em>y</em></div><div class="spacer battle-history"><br></div><div class="battle-history">Weezing used <strong>Toxic Spikes</strong>!<br></div><div class="battle-history"><small>Poison spikes were scattered on the ground all around the opposing team!</small><br></div><div class="spacer battle-history"><br></div><div class="battle-history">The opposing Gourgeist used <strong>Leech Seed</strong>!<br></div><div class="battle-history"><small>Weezing was seeded!</small><br></div><div class="spacer battle-history"><br></div><div class="battle-history"><small>Weezing restored a little HP using its Black Sludge!</small><br></div><div class="battle-history"><small>Weezing's health is sapped by Leech Seed!</small><br></div><div class="spacer battle-history"><br></div><h2 class="battle-history">Turn 14</h2><div class="spacer battle-history"><br></div><div class="battle-history">Weezing, come back!<br></div><div class="battle-history">Go! <strong>Hariyama</strong>!<br></div><div class="battle-history"><small>Pointed stones dug into Hariyama!</small><br></div><div class="spacer battle-history"><br></div><div class="battle-history">The opposing Gourgeist used <strong>Leech Seed</strong>!<br></div><div class="battle-history"><small>Hariyama was seeded!</small><br></div><div class="spacer battle-history"><br></div><div class="battle-history"><small>Hariyama's health is sapped by Leech Seed!</small><br></div><div class="spacer battle-history"><br></div><h2 class="battle-history">Turn 15</h2><div class="spacer battle-history"><br></div><div class="battle-history">Hariyama is frozen solid!<br></div><div class="spacer battle-history"><br></div><div class="battle-history">The opposing Gourgeist used <strong>Foul Play</strong>!<br></div><div class="battle-history"><small>It's not very effective...</small><br></div><div class="battle-history"><small>(Hariyama lost <abbr title="−94/429">21.9%</abbr> of its health!)</small><br></div><div class="spacer battle-history"><br></div><div class="battle-history"><small>Hariyama's health is sapped by Leech Seed!</small><br></div><div class="spacer battle-history"><br></div><h2 class="battle-history">Turn 16</h2><div class="spacer battle-history"><br></div><div class="battle-history">The opposing Gourgeist used <strong>Leech Seed</strong>!<br></div><div class="battle-history"><small>Hariyama avoided the attack!</small><br></div><div class="spacer battle-history"><br></div><div class="battle-history">Hariyama is frozen solid!<br></div><div class="spacer battle-history"><br></div><div class="battle-history"><small>Hariyama's health is sapped by Leech Seed!</small><br></div><div class="spacer battle-history"><br></div><h2 class="battle-history">Turn 17</h2><div class="spacer battle-history"><br></div><div class="battle-history">Hariyama is frozen solid!<br></div><div class="spacer battle-history"><br></div><div class="battle-history">The opposing Gourgeist used <strong>Foul Play</strong>!<br></div><div class="battle-history"><small>It's not very effective...</small><br></div><div class="battle-history"><small>(Hariyama lost <abbr title="−72/429">16.8%</abbr> of its health!)</small><br></div><div class="spacer battle-history"><br></div><div class="battle-history">Hariyama fainted!<br></div><div class="spacer battle-history"><br></div><div class="battle-history">Go! <strong>Pyroar</strong>!<br></div><div class="battle-history"><small>[Pyroar's Unnerve]</small><br><small>The opposing team is too nervous to eat Berries!</small><br></div><div class="battle-history"><small>Pointed stones dug into Pyroar!</small><br></div><div class="battle-history"><small>Pyroar was poisoned!</small><br></div><div class="spacer battle-history"><br></div><h2 class="battle-history">Turn 18</h2><div class="spacer battle-history"><br></div><div class="battle-history">Shadestep!! withdrew Gourgeist!<br></div><div class="battle-history">Shadestep!! sent out <strong>Rhydon</strong>!<br></div><div class="battle-history"><small>The opposing Rhydon was poisoned!</small><br></div><div class="battle-history"><small>Pointed stones dug into the opposing Rhydon!</small><br></div><div class="spacer battle-history"><br></div><div class="battle-history">Pyroar used <strong>Overheat</strong>!<br></div><div class="battle-history"><small>It's not very effective...</small><br></div><div class="battle-history"><small>(The opposing Rhydon lost <abbr title="−121/414">29.2%</abbr> of its health!)</small><br></div><div class="battle-history"><small>Pyroar's Special Attack fell harshly!</small><br></div><div class="spacer battle-history"><br></div><div class="battle-history"><small>Pyroar was hurt by poison!</small><br></div><div class="battle-history"><small>The opposing Rhydon was hurt by poison!</small><br></div><div class="spacer battle-history"><br></div><h2 class="battle-history">Turn 19</h2><div class="spacer battle-history"><br></div><div class="battle-history">Pyroar, come back!<br></div><div class="battle-history">Go! <strong>Weezing</strong>!<br></div><div class="battle-history"><small>Pointed stones dug into Weezing!</small><br></div><div class="spacer battle-history"><br></div><div class="battle-history">The opposing Rhydon used <strong>Rock Blast</strong>!<br></div><div class="battle-history"><small>(Weezing lost <abbr title="−28/333">8.4%</abbr> of its health!)</small><br></div><div class="battle-history"><small>(Weezing lost <abbr title="−27/333">8.1%</abbr> of its health!)</small><br></div><div class="battle-history"><small>Hit 2 times!</small><br></div><div class="spacer battle-history"><br></div><div class="battle-history"><small>Weezing restored a little HP using its Black Sludge!</small><br></div><div class="battle-history"><small>The opposing Rhydon was hurt by poison!</small><br></div><div class="spacer battle-history"><br></div><h2 class="battle-history">Turn 20</h2><div class="spacer battle-history"><br></div><div class="battle-history">Weezing used <strong>Toxic Spikes</strong>!<br></div><div class="battle-history"><small>Poison spikes were scattered on the ground all around the opposing team!</small><br></div><div class="spacer battle-history"><br></div><div class="battle-history">The opposing Rhydon used <strong>Rock Blast</strong>!<br></div><div class="battle-history"><small>(Weezing lost <abbr title="−30/333">9.0%</abbr> of its health!)</small><br></div><div class="battle-history"><small>(Weezing lost <abbr title="−30/333">9.0%</abbr> of its health!)</small><br></div><div class="battle-history"><small>(Weezing lost <abbr title="−30/333">9.0%</abbr> of its health!)</small><br></div><div class="battle-history"><small>Hit 3 times!</small><br></div><div class="spacer battle-history"><br></div><div class="battle-history"><small>Weezing restored a little HP using its Black Sludge!</small><br></div><div class="battle-history"><small>The opposing Rhydon was hurt by poison!</small><br></div><div class="spacer battle-history"><br></div><h2 class="battle-history">Turn 21</h2><div class="spacer battle-history"><br></div><div class="battle-history">Weezing, come back!<br></div><div class="battle-history">Go! <strong>Samurott</strong>!<br></div><div class="battle-history"><small>Samurott was poisoned!</small><br></div><div class="battle-history"><small>Pointed stones dug into Samurott!</small><br></div><div class="spacer battle-history"><br></div><div class="battle-history">The opposing Rhydon used <strong>Rock Blast</strong>!<br></div><div class="battle-history"><small>(Samurott lost <abbr title="−48/331">14.5%</abbr> of its health!)</small><br></div><div class="battle-history"><small>(Samurott lost <abbr title="−45/331">13.6%</abbr> of its health!)</small><br></div><div class="battle-history"><small>(Samurott lost <abbr title="−49/331">14.8%</abbr> of its health!)</small><br></div><div class="battle-history"><small>(Samurott lost <abbr title="−49/331">14.8%</abbr> of its health!)</small><br></div><div class="battle-history"><small>(Samurott lost <abbr title="−46/331">13.9%</abbr> of its health!)</small><br></div><div class="battle-history"><small>Hit 5 times!</small><br></div><div class="spacer battle-history"><br></div><div class="battle-history"><small>Samurott was hurt by poison!</small><br></div><div class="battle-history"><small>The opposing Rhydon was hurt by poison!</small><br></div><div class="spacer battle-history"><br></div><h2 class="battle-history">Turn 22</h2><div class="spacer battle-history"><br></div><div class="battle-history">Samurott used <strong>Aqua Jet</strong>!<br></div><div class="battle-history"><small>It's super effective!</small><br></div><div class="battle-history"><small>(The opposing Rhydon lost <abbr title="−64/414">15.5%</abbr> of its health!)</small><br></div><div class="spacer battle-history"><br></div><div class="battle-history">The opposing Rhydon fainted!<br></div><div class="spacer battle-history"><br></div><div class="battle-history"><small>Samurott was hurt by poison!</small><br></div><div class="spacer battle-history"><br></div><div class="battle-history">Samurott fainted!<br></div><div class="spacer battle-history"><br></div><div class="battle-history">Shadestep!! sent out <strong>Kangaskhan</strong>!<br></div><div class="spacer battle-history"><br></div><div class="battle-history">Go! <strong>Weezing</strong>!<br></div><div class="battle-history"><small>Pointed stones dug into the opposing Kangaskhan!</small><br></div><div class="battle-history"><small>The opposing Kangaskhan was badly poisoned!</small><br></div><div class="battle-history"><small>Pointed stones dug into Weezing!</small><br></div><div class="spacer battle-history"><br></div><h2 class="battle-history">Turn 23</h2><div class="spacer battle-history"><br></div><div class="battle-history">The opposing Kangaskhan used <strong>Double-Edge</strong>!<br></div><div class="battle-history"><small>(Weezing lost <abbr title="−104/333">31.2%</abbr> of its health!)</small><br></div><div class="battle-history"><small>The opposing Kangaskhan is damaged by the recoil!</small><br></div><div class="spacer battle-history"><br></div><div class="battle-history">Weezing fainted!<br></div><div class="spacer battle-history"><br></div><div class="battle-history"><small>The opposing Kangaskhan was hurt by poison!</small><br></div><div class="chat chatmessage-shadowtags"><strong style="color:hsl(126,46%,34%)"><small>☆</small><span class="username" data-name="Shadowtags">Shadowtags</span>:</strong> <em>u jolly?</em></div><div class="spacer battle-history"><br></div><div class="battle-history">Go! <strong>Lilligant</strong>!<br></div><div class="battle-history"><small>Lilligant was poisoned!</small><br></div><div class="battle-history"><small>Pointed stones dug into Lilligant!</small><br></div><div class="battle-history"><small>Lilligant ate its Lum Berry!</small><br></div><div class="battle-history"><small>Lilligant was cured of its poisoning.</small><br></div><div class="spacer battle-history"><br></div><h2 class="battle-history">Turn 24</h2><div class="chat chatmessage-shadestep"><strong style="color:hsl(348,69%,49.13556749513967%)"><small>☆</small><span class="username" data-name="Shadestep!!">Shadestep!!</span>:</strong> <em>y</em></div><div class="spacer battle-history"><br></div><div class="battle-history">Shadestep!! withdrew Kangaskhan!<br></div><div class="battle-history">Shadestep!! sent out Gourgeist (<strong>Gourgeist-Super</strong>)!<br></div><div class="battle-history"><small>The opposing Gourgeist was badly poisoned!</small><br></div><div class="battle-history"><small>Pointed stones dug into the opposing Gourgeist!</small><br></div><div class="spacer battle-history"><br></div><div class="battle-history">Lilligant used <strong>Giga Drain</strong>!<br></div><div class="battle-history"><small>It's not very effective...</small><br></div><div class="battle-history"><small>(The opposing Gourgeist lost <abbr title="−76/374">20.3%</abbr> of its health!)</small><br></div><div class="battle-history"><small>The opposing Gourgeist had its energy drained!</small><br></div><div class="spacer battle-history"><br></div><div class="battle-history"><small>The opposing Gourgeist was hurt by poison!</small><br></div><div class="spacer battle-history"><br></div><h2 class="battle-history">Turn 25</h2><div class="spacer battle-history"><br></div><div class="battle-history">Lilligant used <strong>Quiver Dance</strong>!<br></div><div class="battle-history"><small>Lilligant's Special Attack rose!</small><br></div><div class="battle-history"><small>Lilligant's Special Defense rose!</small><br></div><div class="battle-history"><small>Lilligant's Speed rose!</small><br></div><div class="spacer battle-history"><br></div><div class="battle-history">The opposing Gourgeist used <strong>Will-O-Wisp</strong>!<br></div><div class="battle-history"><small>Lilligant was burned!</small><br></div><div class="spacer battle-history"><br></div><div class="battle-history"><small>Lilligant was hurt by its burn!</small><br></div><div class="battle-history"><small>The opposing Gourgeist was hurt by poison!</small><br></div><div class="spacer battle-history"><br></div><h2 class="battle-history">Turn 26</h2><div class="spacer battle-history"><br></div><div class="battle-history">Lilligant used <strong>Giga Drain</strong>!<br></div><div class="battle-history"><small>It's not very effective...</small><br></div><div class="battle-history"><small>(The opposing Gourgeist lost <abbr title="−111/374">29.7%</abbr> of its health!)</small><br></div><div class="battle-history"><small>The opposing Gourgeist had its energy drained!</small><br></div><div class="spacer battle-history"><br></div><div class="battle-history">The opposing Gourgeist used <strong>Foul Play</strong>!<br></div><div class="battle-history"><small>(Lilligant lost <abbr title="−45/281">16.0%</abbr> of its health!)</small><br></div><div class="spacer battle-history"><br></div><div class="battle-history"><small>Lilligant was hurt by its burn!</small><br></div><div class="battle-history"><small>The opposing Gourgeist was hurt by poison!</small><br></div><div class="spacer battle-history"><br></div><h2 class="battle-history">Turn 27</h2><div class="spacer battle-history"><br></div><div class="battle-history">Lilligant used <strong>Giga Drain</strong>!<br></div><div class="battle-history"><small>It's not very effective...</small><br></div><div class="battle-history"><small>(The opposing Gourgeist lost <abbr title="−3/374">0.8%</abbr> of its health!)</small><br></div><div class="battle-history"><small>The opposing Gourgeist had its energy drained!</small><br></div><div class="spacer battle-history"><br></div><div class="battle-history">The opposing Gourgeist fainted!<br></div><div class="spacer battle-history"><br></div><div class="battle-history"><small>Lilligant was hurt by its burn!</small><br></div><div class="spacer battle-history"><br></div><div class="battle-history">Shadestep!! sent out <strong>Kangaskhan</strong>!<br></div><div class="battle-history"><small>Pointed stones dug into the opposing Kangaskhan!</small><br></div><div class="spacer battle-history"><br></div><h2 class="battle-history">Turn 28</h2><div class="spacer battle-history"><br></div><div class="battle-history">The opposing Kangaskhan used <strong>Fake Out</strong>!<br></div><div class="battle-history"><small>(Lilligant lost <abbr title="−106/281">37.7%</abbr> of its health!)</small><br></div><div class="spacer battle-history"><br></div><div class="battle-history">Lilligant flinched and couldn't move!<br></div><div class="spacer battle-history"><br></div><div class="battle-history"><small>Lilligant was hurt by its burn!</small><br></div><div class="battle-history"><small>The opposing Kangaskhan was hurt by poison!</small><br></div><div class="spacer battle-history"><br></div><h2 class="battle-history">Turn 29</h2><div class="spacer battle-history"><br></div><div class="battle-history">The opposing Kangaskhan used <strong>Sucker Punch</strong>!<br></div><div class="battle-history"><small>But it failed!</small><br></div><div class="spacer battle-history"><br></div><div class="battle-history">Lilligant used <strong>Quiver Dance</strong>!<br></div><div class="battle-history"><small>Lilligant's Special Attack rose!</small><br></div><div class="battle-history"><small>Lilligant's Special Defense rose!</small><br></div><div class="battle-history"><small>Lilligant's Speed rose!</small><br></div><div class="spacer battle-history"><br></div><div class="battle-history"><small>Lilligant was hurt by its burn!</small><br></div><div class="battle-history"><small>The opposing Kangaskhan was hurt by poison!</small><br></div><div class="spacer battle-history"><br></div><div class="battle-history">Lilligant fainted!<br></div><div class="chat chatmessage-shadestep"><strong style="color:hsl(348,69%,49.13556749513967%)"><small>☆</small><span class="username" data-name="Shadestep!!">Shadestep!!</span>:</strong> <em>gg</em></div><div class="spacer battle-history"><br></div><div class="battle-history">Go! <strong>Pyroar</strong>!<br></div><div class="battle-history"><small>[Pyroar's Unnerve]</small><br><small>The opposing team is too nervous to eat Berries!</small><br></div><div class="battle-history"><small>Pointed stones dug into Pyroar!</small><br></div><div class="spacer battle-history"><br></div><h2 class="battle-history">Turn 30</h2><div class="chat chatmessage-shadowtags"><strong style="color:hsl(126,46%,34%)"><small>☆</small><span class="username" data-name="Shadowtags">Shadowtags</span>:</strong> <em>gg</em></div><div class="chat chatmessage-shadestep"><strong style="color:hsl(348,69%,49.13556749513967%)"><small>☆</small><span class="username" data-name="Shadestep!!">Shadestep!!</span>:</strong> <em>close one</em></div><div class="chat chatmessage-shadowtags"><strong style="color:hsl(126,46%,34%)"><small>☆</small><span class="username" data-name="Shadowtags">Shadowtags</span>:</strong> <em>team sucks</em></div><div class="chat chatmessage-shadowtags"><strong style="color:hsl(126,46%,34%)"><small>☆</small><span class="username" data-name="Shadowtags">Shadowtags</span>:</strong> <em>alas</em></div><div class="chat chatmessage-shadestep"><strong style="color:hsl(348,69%,49.13556749513967%)"><small>☆</small><span class="username" data-name="Shadestep!!">Shadestep!!</span>:</strong> <em>y</em></div><div class="spacer battle-history"><br></div><div class="battle-history">The opposing Kangaskhan used <strong>Sucker Punch</strong>!<br></div><div class="battle-history"><small>(Pyroar lost <abbr title="−40/313">12.8%</abbr> of its health!)</small><br></div><div class="spacer battle-history"><br></div><div class="battle-history">Pyroar fainted!<br></div><div class="spacer battle-history"><br></div><div class="battle-history"><strong>Shadestep!!</strong> won the battle!<br></div><div class="chat chatmessage-shadestep"><strong style="color:hsl(348,69%,49.13556749513967%)"><small>☆</small><span class="username" data-name="Shadestep!!">Shadestep!!</span>:</strong> <em>its mine</em></div><div class="chat chatmessage-shadestep"><strong style="color:hsl(348,69%,49.13556749513967%)"><small>☆</small><span class="username" data-name="Shadestep!!">Shadestep!!</span>:</strong> <em>kek</em></div><div class="chat chatmessage-shadowtags"><strong style="color:hsl(126,46%,34%)"><small>☆</small><span class="username" data-name="Shadowtags">Shadowtags</span>:</strong> <em>that was the joke</em></div><div class="chat chatmessage-shadowtags"><strong style="color:hsl(126,46%,34%)"><small>☆</small><span class="username" data-name="Shadowtags">Shadowtags</span>:</strong> <em>!</em></div></div><div class="inner-preempt"></div></div></div>
</div>
<script>
let daily = Math.floor(Date.now()/1000/60/60/24);document.write('<script src="https://play.pokemonshowdown.com/js/replay-embed.js?version'+daily+'"></'+'script>');
</script>
