<!DOCTYPE html>
<meta charset="utf-8" />
<!-- version 1 -->
<title>NU replay: uhgftghjknhg vs. Dandroid7</title>
<style>
html,body {font-family:Verdana, sans-serif;font-size:10pt;margin:0;padding:0;}body{padding:12px 0;} .battle-log {font-family:Verdana, sans-serif;font-size:10pt;} .battle-log-inline {border:1px solid #AAAAAA;background:#EEF2F5;color:black;max-width:640px;margin:0 auto 80px;padding-bottom:5px;} .battle-log .inner {padding:4px 8px 0px 8px;} .battle-log .inner-preempt {padding:0 8px 4px 8px;} .battle-log .inner-after {margin-top:0.5em;} .battle-log h2 {margin:0.5em -8px;padding:4px 8px;border:1px solid #AAAAAA;background:#E0E7EA;border-left:0;border-right:0;font-family:Verdana, sans-serif;font-size:13pt;} .battle-log .chat {vertical-align:middle;padding:3px 0 3px 0;font-size:8pt;} .battle-log .chat strong {color:#40576A;} .battle-log .chat em {padding:1px 4px 1px 3px;color:#000000;font-style:normal;} .chat.mine {background:rgba(0,0,0,0.05);margin-left:-8px;margin-right:-8px;padding-left:8px;padding-right:8px;} .spoiler {color:#BBBBBB;background:#BBBBBB;padding:0px 3px;} .spoiler:hover, .spoiler:active, .spoiler-shown {color:#000000;background:#E2E2E2;padding:0px 3px;} .spoiler a {color:#BBBBBB;} .spoiler:hover a, .spoiler:active a, .spoiler-shown a {color:#2288CC;} .chat code, .chat .spoiler:hover code, .chat .spoiler:active code, .chat .spoiler-shown code {border:1px solid #C0C0C0;background:#EEEEEE;color:black;padding:0 2px;} .chat .spoiler code {border:1px solid #CCCCCC;background:#CCCCCC;color:#CCCCCC;} .battle-log .rated {padding:3px 4px;} .battle-log .rated strong {color:white;background:#89A;padding:1px 4px;border-radius:4px;} .spacer {margin-top:0.5em;} .message-announce {background:#6688AA;color:white;padding:1px 4px 2px;} .message-announce a, .broadcast-green a, .broadcast-blue a, .broadcast-red a {color:#DDEEFF;} .broadcast-green {background-color:#559955;color:white;padding:2px 4px;} .broadcast-blue {background-color:#6688AA;color:white;padding:2px 4px;} .infobox {border:1px solid #6688AA;padding:2px 4px;} .infobox-limited {max-height:200px;overflow:auto;overflow-x:hidden;} .broadcast-red {background-color:#AA5544;color:white;padding:2px 4px;} .message-learn-canlearn {font-weight:bold;color:#228822;text-decoration:underline;} .message-learn-cannotlearn {font-weight:bold;color:#CC2222;text-decoration:underline;} .message-effect-weak {font-weight:bold;color:#CC2222;} .message-effect-resist {font-weight:bold;color:#6688AA;} .message-effect-immune {font-weight:bold;color:#666666;} .message-learn-list {margin-top:0;margin-bottom:0;} .message-throttle-notice, .message-error {color:#992222;} .message-overflow, .chat small.message-overflow {font-size:0pt;} .message-overflow::before {font-size:9pt;content:'...';} .subtle {color:#3A4A66;}
</style>
<div class="wrapper replay-wrapper" style="max-width:1180px;margin:0 auto">
<input type="hidden" name="replayid" value="nu-505674309" />
<div class="battle"></div><div class="battle-log"></div><div class="replay-controls"></div><div class="replay-controls-2"></div>
<h1 style="font-weight:normal;text-align:center"><strong>NU</strong><br /><a href="http://pokemonshowdown.com/users/uhgftghjknhg" class="subtle" target="_blank">uhgftghjknhg</a> vs. <a href="http://pokemonshowdown.com/users/dandroid7" class="subtle" target="_blank">Dandroid7</a></h1>
<script type="text/plain" class="battle-log-data">|j|uhgftghjknhg
|j|Dandroid7
|player|p1|uhgftghjknhg|2
|player|p2|Dandroid7|206
|gametype|singles
|gen|6
|tier|NU
|rated
|seed|40823,24117,15018,59067
|rule|Sleep Clause Mod: Limit one foe put to sleep
|rule|Species Clause: Limit one of each Pokémon
|rule|OHKO Clause: OHKO moves are banned
|rule|Moody Clause: Moody is banned
|rule|Evasion Moves Clause: Evasion moves are banned
|rule|Endless Battle Clause: Forcing endless battles is banned
|rule|HP Percentage Mod: HP is shown in percentages
|clearpoke
|poke|p1|Hypno, M|item
|poke|p1|Klinklang|item
|poke|p1|Jumpluff, M|item
|poke|p1|Walrein, F|item
|poke|p1|Meowstic-F, F|item
|poke|p1|Duosion, F|item
|poke|p2|Klinklang|item
|poke|p2|Audino, M|item
|poke|p2|Quagsire, M|item
|poke|p2|Mismagius, M|item
|poke|p2|Claydol|item
|poke|p2|Fraxure, M|item
|rule|Swagger Clause: Swagger is banned
|rule|Baton Pass Clause: Limit one Baton Passer, can't pass Spe and other stats simultaneously
|teampreview
|choice|team 3, team 2, team 1, team 4, team 5, team 6|team 1, team 2, team 3, team 4, team 5, team 6
|
|start
|switch|p1a: Jumpluff|Jumpluff, M|354\/354
|switch|p2a: Klinklang|Klinklang|323\/323
|turn|1
|choice|switch 3|move shiftgear
|
|switch|p1a: Hypno|Hypno, M|312\/312
|move|p2a: Klinklang|Shift Gear|p2a: Klinklang
|-boost|p2a: Klinklang|spe|2
|-boost|p2a: Klinklang|atk|1
|
|upkeep
|turn|2
|choice|move poweruppunch|move geargrind
|
|move|p2a: Klinklang|Gear Grind|p1a: Hypno
|-damage|p1a: Hypno|199\/312
|-damage|p1a: Hypno|86\/312
|-hitcount|p1a: Hypno|2
|-damage|p2a: Klinklang|291\/323|[from] item: Life Orb
|move|p1a: Hypno|Power-Up Punch|p2a: Klinklang
|-supereffective|p2a: Klinklang
|-damage|p2a: Klinklang|225\/323
|-boost|p1a: Hypno|atk|1
|
|upkeep
|turn|3
|choice|move drainpunch|move geargrind
|
|move|p2a: Klinklang|Gear Grind|p1a: Hypno
|-damage|p1a: Hypno|0 fnt
|-hitcount|p1a: Hypno|1
|-damage|p2a: Klinklang|193\/323|[from] item: Life Orb
|faint|p1a: Hypno
|
|upkeep
|choice|switch 4|
|
|switch|p1a: Walrein|Walrein, F|362\/362
|turn|4
|choice|move roar|move voltswitch
|
|move|p2a: Klinklang|Volt Switch|p1a: Walrein
|-supereffective|p1a: Walrein
|-damage|p1a: Walrein|268\/362
|-damage|p2a: Klinklang|161\/323|[from] item: Life Orb
|choice||switch 3
|
|switch|p2a: Quagsire|Quagsire, M|394\/394
|move|p1a: Walrein|Roar|p2a: Quagsire
|drag|p2a: Klinklang|Klinklang|161\/323
|
|-heal|p1a: Walrein|290\/362|[from] item: Leftovers
|upkeep
|turn|5
|choice|move stockpile|move voltswitch
|
|move|p2a: Klinklang|Volt Switch|p1a: Walrein
|-supereffective|p1a: Walrein
|-damage|p1a: Walrein|194\/362
|-damage|p2a: Klinklang|129\/323|[from] item: Life Orb
|choice||switch 2
|
|switch|p2a: Audino|Audino, M|410\/410
|move|p1a: Walrein|Stockpile|p1a: Walrein
|-start|p1a: Walrein|stockpile1
|-boost|p1a: Walrein|def|1
|-boost|p1a: Walrein|spd|1
|
|-heal|p1a: Walrein|216\/362|[from] item: Leftovers
|upkeep
|turn|6
|choice|move roar|move wish
|
|move|p2a: Audino|Wish|p2a: Audino
|move|p1a: Walrein|Roar|p2a: Audino
|drag|p2a: Claydol|Claydol|324\/324
|
|-heal|p1a: Walrein|238\/362|[from] item: Leftovers
|upkeep
|turn|7
|choice|move aquaring|switch 2
|
|switch|p2a: Klinklang|Klinklang|129\/323
|move|p1a: Walrein|Aqua Ring|p1a: Walrein
|-start|p1a: Walrein|Aqua Ring
|
|-heal|p2a: Klinklang|323\/323|[from] move: Wish|[wisher] Audino
|-heal|p1a: Walrein|260\/362|[from] item: Leftovers
|-heal|p1a: Walrein|282\/362|[from] Aqua Ring
|upkeep
|turn|8
|choice|move roar|switch 3
|
|switch|p2a: Quagsire|Quagsire, M|394\/394
|move|p1a: Walrein|Roar|p2a: Quagsire
|drag|p2a: Fraxure|Fraxure, M|297\/297
|-ability|p2a: Fraxure|Mold Breaker
|
|-heal|p1a: Walrein|304\/362|[from] item: Leftovers
|-heal|p1a: Walrein|326\/362|[from] Aqua Ring
|upkeep
|turn|9
|choice|switch 3|move roar
|
|switch|p1a: Jumpluff|Jumpluff, M|354\/354
|move|p2a: Fraxure|Roar|p1a: Jumpluff
|drag|p1a: Klinklang|Klinklang|262\/262
|
|upkeep
|turn|10
|choice|move geargrind|move dig
|
|move|p1a: Klinklang|Gear Grind|p2a: Fraxure
|-damage|p2a: Fraxure|180\/297
|-damage|p1a: Klinklang|219\/262|[from] item: Rocky Helmet|[of] p2a: Fraxure
|-damage|p2a: Fraxure|66\/297
|-damage|p1a: Klinklang|176\/262|[from] item: Rocky Helmet|[of] p2a: Fraxure
|-hitcount|p2a: Fraxure|2
|move|p2a: Fraxure|Dig|p1a: Klinklang|[still]
|-prepare|p2a: Fraxure|Dig|p1a: Klinklang
|
|-heal|p1a: Klinklang|192\/262|[from] item: Leftovers
|upkeep
|turn|11
|choice|switch 2|move dig 1
|
|switch|p1a: Jumpluff|Jumpluff, M|354\/354
|move|p2a: Fraxure|Dig|p1a: Jumpluff|[from]lockedmove
|-immune|p1a: Jumpluff|[msg]
|
|upkeep
|turn|12
|choice|move toxic|move poisonjab
|
|move|p1a: Jumpluff|Toxic|p2a: Fraxure
|-status|p2a: Fraxure|tox
|move|p2a: Fraxure|Poison Jab|p1a: Jumpluff
|-supereffective|p1a: Jumpluff
|-damage|p1a: Jumpluff|186\/354
|-status|p1a: Jumpluff|psn
|
|-heal|p1a: Jumpluff|208\/354 psn|[from] item: Leftovers
|-damage|p1a: Jumpluff|164\/354 psn|[from] psn
|-damage|p2a: Fraxure|48\/297 tox|[from] psn
|upkeep
|turn|13
|choice|move synthesis|switch 5
|
|switch|p2a: Audino|Audino, M|410\/410
|move|p1a: Jumpluff|Synthesis|p1a: Jumpluff
|-heal|p1a: Jumpluff|341\/354 psn
|
|-heal|p1a: Jumpluff|354\/354 psn|[from] item: Leftovers
|-damage|p1a: Jumpluff|310\/354 psn|[from] psn
|upkeep
|turn|14
|choice|move infestation|move flamethrower mega
|
|detailschange|p2a: Audino|Audino-Mega, M
|-mega|p2a: Audino|Audino|Audinite
|move|p1a: Jumpluff|Infestation|p2a: Audino
|-resisted|p2a: Audino
|-damage|p2a: Audino|407\/410
|-activate|p2a: Audino|move: Infestation|[of] p1a: Jumpluff
|move|p2a: Audino|Flamethrower|p1a: Jumpluff
|-supereffective|p1a: Jumpluff
|-damage|p1a: Jumpluff|182\/354 psn
|
|-heal|p1a: Jumpluff|204\/354 psn|[from] item: Leftovers
|-damage|p1a: Jumpluff|160\/354 psn|[from] psn
|-damage|p2a: Audino|356\/410|[from] move: Infestation|[partiallytrapped]
|upkeep
|turn|15
|choice|move toxic|move healbell
|
|move|p1a: Jumpluff|Toxic|p2a: Audino
|-status|p2a: Audino|tox
|move|p2a: Audino|Heal Bell|p2a: Audino
|-activate|p2a: Audino|move: Heal Bell
|-curestatus|p2a: Audino|tox|[msg]
|-curestatus|p2: Fraxure|tox|[msg]
|
|-heal|p1a: Jumpluff|182\/354 psn|[from] item: Leftovers
|-damage|p1a: Jumpluff|138\/354 psn|[from] psn
|-damage|p2a: Audino|305\/410|[from] move: Infestation|[partiallytrapped]
|upkeep
|turn|16
|choice|move synthesis|move drainingkiss
|
|move|p1a: Jumpluff|Synthesis|p1a: Jumpluff
|-heal|p1a: Jumpluff|315\/354 psn
|move|p2a: Audino|Draining Kiss|p1a: Jumpluff
|-damage|p1a: Jumpluff|263\/354 psn
|-heal|p2a: Audino|344\/410|[from] drain|[of] p1a: Jumpluff
|
|-heal|p1a: Jumpluff|285\/354 psn|[from] item: Leftovers
|-damage|p1a: Jumpluff|241\/354 psn|[from] psn
|-damage|p2a: Audino|293\/410|[from] move: Infestation|[partiallytrapped]
|upkeep
|turn|17
|choice|move leechseed|move flamethrower
|
|move|p1a: Jumpluff|Leech Seed|p2a: Audino
|-start|p2a: Audino|move: Leech Seed
|move|p2a: Audino|Flamethrower|p1a: Jumpluff
|-supereffective|p1a: Jumpluff
|-damage|p1a: Jumpluff|127\/354 psn
|
|-heal|p1a: Jumpluff|149\/354 psn|[from] item: Leftovers
|-damage|p2a: Audino|242\/410|[from] Leech Seed|[of] p1a: Jumpluff
|-heal|p1a: Jumpluff|200\/354 psn|[silent]
|-damage|p1a: Jumpluff|156\/354 psn|[from] psn
|-damage|p2a: Audino|191\/410|[from] move: Infestation|[partiallytrapped]
|upkeep
|turn|18
|choice|move synthesis|move wish
|
|move|p1a: Jumpluff|Synthesis|p1a: Jumpluff
|-heal|p1a: Jumpluff|333\/354 psn
|move|p2a: Audino|Wish|p2a: Audino
|
|-heal|p1a: Jumpluff|354\/354 psn|[from] item: Leftovers
|-damage|p2a: Audino|140\/410|[from] Leech Seed|[of] p1a: Jumpluff
|-damage|p1a: Jumpluff|310\/354 psn|[from] psn
|-damage|p2a: Audino|89\/410|[from] move: Infestation|[partiallytrapped]
|upkeep
|turn|19
|choice|move toxic|move wish
|
|move|p1a: Jumpluff|Toxic|p2a: Audino
|-status|p2a: Audino|tox
|move|p2a: Audino|Wish|p2a: Audino
|-fail|p2a: Audino
|
|-heal|p2a: Audino|294\/410 tox|[from] move: Wish|[wisher] Audino
|-heal|p1a: Jumpluff|332\/354 psn|[from] item: Leftovers
|-damage|p2a: Audino|243\/410 tox|[from] Leech Seed|[of] p1a: Jumpluff
|-heal|p1a: Jumpluff|354\/354 psn|[silent]
|-damage|p1a: Jumpluff|310\/354 psn|[from] psn
|-damage|p2a: Audino|218\/410 tox|[from] psn
|-end|p2a: Audino|Infestation|[partiallytrapped]
|upkeep
|turn|20
|choice|move infestation|move wish
|
|move|p1a: Jumpluff|Infestation|p2a: Audino
|-resisted|p2a: Audino
|-damage|p2a: Audino|215\/410 tox
|-activate|p2a: Audino|move: Infestation|[of] p1a: Jumpluff
|move|p2a: Audino|Wish|p2a: Audino
|
|-heal|p1a: Jumpluff|332\/354 psn|[from] item: Leftovers
|-damage|p2a: Audino|164\/410 tox|[from] Leech Seed|[of] p1a: Jumpluff
|-heal|p1a: Jumpluff|354\/354 psn|[silent]
|-damage|p1a: Jumpluff|310\/354 psn|[from] psn
|-damage|p2a: Audino|114\/410 tox|[from] psn
|-damage|p2a: Audino|63\/410 tox|[from] move: Infestation|[partiallytrapped]
|upkeep
|turn|21
|choice|move infestation|move healbell
|
|move|p1a: Jumpluff|Infestation|p2a: Audino
|-resisted|p2a: Audino
|-damage|p2a: Audino|59\/410 tox
|move|p2a: Audino|Heal Bell|p2a: Audino
|-activate|p2a: Audino|move: Heal Bell
|-curestatus|p2a: Audino|tox|[msg]
|
|-heal|p2a: Audino|264\/410|[from] move: Wish|[wisher] Audino
|-heal|p1a: Jumpluff|332\/354 psn|[from] item: Leftovers
|-damage|p2a: Audino|213\/410|[from] Leech Seed|[of] p1a: Jumpluff
|-heal|p1a: Jumpluff|354\/354 psn|[silent]
|-damage|p1a: Jumpluff|310\/354 psn|[from] psn
|-damage|p2a: Audino|162\/410|[from] move: Infestation|[partiallytrapped]
|upkeep
|turn|22
|choice|move toxic|move wish
|
|move|p1a: Jumpluff|Toxic|p2a: Audino
|-status|p2a: Audino|tox
|move|p2a: Audino|Wish|p2a: Audino
|
|-heal|p1a: Jumpluff|332\/354 psn|[from] item: Leftovers
|-damage|p2a: Audino|111\/410 tox|[from] Leech Seed|[of] p1a: Jumpluff
|-heal|p1a: Jumpluff|354\/354 psn|[silent]
|-damage|p1a: Jumpluff|310\/354 psn|[from] psn
|-damage|p2a: Audino|86\/410 tox|[from] psn
|-damage|p2a: Audino|35\/410 tox|[from] move: Infestation|[partiallytrapped]
|upkeep
|turn|23
|choice|switch 2|move healbell
|
|switch|p1a: Klinklang|Klinklang|192\/262
|move|p2a: Audino|Heal Bell|p2a: Audino
|-activate|p2a: Audino|move: Heal Bell
|-curestatus|p2a: Audino|tox|[msg]
|
|-heal|p2a: Audino|240\/410|[from] move: Wish|[wisher] Audino
|-heal|p1a: Klinklang|208\/262|[from] item: Leftovers
|-damage|p2a: Audino|189\/410|[from] Leech Seed|[of] p1a: Klinklang
|-heal|p1a: Klinklang|259\/262|[silent]
|upkeep
|turn|24
|choice|move shiftgear|move flamethrower
|
|move|p1a: Klinklang|Shift Gear|p1a: Klinklang
|-boost|p1a: Klinklang|spe|2
|-boost|p1a: Klinklang|atk|1
|move|p2a: Audino|Flamethrower|p1a: Klinklang
|-supereffective|p1a: Klinklang
|-damage|p1a: Klinklang|131\/262
|-status|p1a: Klinklang|brn
|
|-heal|p1a: Klinklang|147\/262 brn|[from] item: Leftovers
|-damage|p2a: Audino|138\/410|[from] Leech Seed|[of] p1a: Klinklang
|-heal|p1a: Klinklang|198\/262 brn|[silent]
|-damage|p1a: Klinklang|166\/262 brn|[from] brn
|upkeep
|turn|25
|choice|move geargrind|switch 4
|
|switch|p2a: Mismagius|Mismagius, M|261\/261
|move|p1a: Klinklang|Gear Grind|p2a: Mismagius
|-damage|p2a: Mismagius|176\/261
|-damage|p2a: Mismagius|88\/261
|-hitcount|p2a: Mismagius|2
|
|-heal|p1a: Klinklang|182\/262 brn|[from] item: Leftovers
|-damage|p1a: Klinklang|150\/262 brn|[from] brn
|upkeep
|turn|26
|choice|move geargrind|move destinybond
|
|move|p1a: Klinklang|Gear Grind|p2a: Mismagius
|-damage|p2a: Mismagius|0 fnt
|-hitcount|p2a: Mismagius|1
|faint|p2a: Mismagius
|
|-heal|p1a: Klinklang|166\/262 brn|[from] item: Leftovers
|-damage|p1a: Klinklang|134\/262 brn|[from] brn
|upkeep
|choice||switch 6
|
|switch|p2a: Quagsire|Quagsire, M|394\/394
|turn|27
|choice|move return|move scald
|
|move|p1a: Klinklang|Return|p2a: Quagsire
|-damage|p2a: Quagsire|340\/394
|move|p2a: Quagsire|Scald|p1a: Klinklang
|-damage|p1a: Klinklang|52\/262 brn
|
|-heal|p1a: Klinklang|68\/262 brn|[from] item: Leftovers
|-heal|p2a: Quagsire|364\/394|[from] item: Leftovers
|-damage|p1a: Klinklang|36\/262 brn|[from] brn
|upkeep
|turn|28
|choice|move return|move scald
|
|move|p1a: Klinklang|Return|p2a: Quagsire
|-damage|p2a: Quagsire|311\/394
|move|p2a: Quagsire|Scald|p1a: Klinklang
|-damage|p1a: Klinklang|0 fnt
|faint|p1a: Klinklang
|
|-heal|p2a: Quagsire|335\/394|[from] item: Leftovers
|upkeep
|choice|switch 2|
|
|switch|p1a: Jumpluff|Jumpluff, M|310\/354 psn
|turn|29
|choice|move infestation|switch 2
|
|switch|p2a: Claydol|Claydol|324\/324
|move|p1a: Jumpluff|Infestation|p2a: Claydol
|-supereffective|p2a: Claydol
|-damage|p2a: Claydol|304\/324
|-activate|p2a: Claydol|move: Infestation|[of] p1a: Jumpluff
|
|-heal|p1a: Jumpluff|332\/354 psn|[from] item: Leftovers
|-heal|p2a: Claydol|324\/324|[from] item: Leftovers
|-damage|p1a: Jumpluff|288\/354 psn|[from] psn
|-damage|p2a: Claydol|284\/324|[from] move: Infestation|[partiallytrapped]
|upkeep
|turn|30
|choice|move toxic|move stealthrock
|
|move|p1a: Jumpluff|Toxic|p2a: Claydol
|-status|p2a: Claydol|tox
|move|p2a: Claydol|Stealth Rock|p1a: Jumpluff
|-sidestart|p1: uhgftghjknhg|move: Stealth Rock
|
|-heal|p1a: Jumpluff|310\/354 psn|[from] item: Leftovers
|-heal|p2a: Claydol|304\/324 tox|[from] item: Leftovers
|-damage|p1a: Jumpluff|266\/354 psn|[from] psn
|-damage|p2a: Claydol|284\/324 tox|[from] psn
|-damage|p2a: Claydol|244\/324 tox|[from] move: Infestation|[partiallytrapped]
|upkeep
|turn|31
|choice|move leechseed|move rapidspin
|
|move|p1a: Jumpluff|Leech Seed|p2a: Claydol
|-start|p2a: Claydol|move: Leech Seed
|move|p2a: Claydol|Rapid Spin|p1a: Jumpluff
|-damage|p1a: Jumpluff|255\/354 psn
|-end|p2a: Claydol|Leech Seed|[from] move: Rapid Spin|[of] p2a: Claydol
|-end|p2a: Claydol|Infestation|[partiallytrapped]
|
|-heal|p1a: Jumpluff|277\/354 psn|[from] item: Leftovers
|-heal|p2a: Claydol|264\/324 tox|[from] item: Leftovers
|-damage|p1a: Jumpluff|233\/354 psn|[from] psn
|-damage|p2a: Claydol|224\/324 tox|[from] psn
|upkeep
|turn|32
|choice|move leechseed|switch 2
|
|switch|p2a: Quagsire|Quagsire, M|335\/394
|move|p1a: Jumpluff|Leech Seed|p2a: Quagsire
|-start|p2a: Quagsire|move: Leech Seed
|
|-heal|p1a: Jumpluff|255\/354 psn|[from] item: Leftovers
|-heal|p2a: Quagsire|359\/394|[from] item: Leftovers
|-damage|p2a: Quagsire|310\/394|[from] Leech Seed|[of] p1a: Jumpluff
|-heal|p1a: Jumpluff|304\/354 psn|[silent]
|-damage|p1a: Jumpluff|260\/354 psn|[from] psn
|upkeep
|turn|33
|choice|move infestation|move scald
|
|move|p1a: Jumpluff|Infestation|p2a: Quagsire
|-damage|p2a: Quagsire|299\/394
|-activate|p2a: Quagsire|move: Infestation|[of] p1a: Jumpluff
|move|p2a: Quagsire|Scald|p1a: Jumpluff
|-resisted|p1a: Jumpluff
|-damage|p1a: Jumpluff|224\/354 psn
|
|-heal|p1a: Jumpluff|246\/354 psn|[from] item: Leftovers
|-heal|p2a: Quagsire|323\/394|[from] item: Leftovers
|-damage|p2a: Quagsire|274\/394|[from] Leech Seed|[of] p1a: Jumpluff
|-heal|p1a: Jumpluff|295\/354 psn|[silent]
|-damage|p1a: Jumpluff|251\/354 psn|[from] psn
|-damage|p2a: Quagsire|225\/394|[from] move: Infestation|[partiallytrapped]
|upkeep
|turn|34
|choice|move toxic|move toxic
|
|move|p1a: Jumpluff|Toxic|p2a: Quagsire
|-status|p2a: Quagsire|tox
|move|p2a: Quagsire|Toxic|p1a: Jumpluff
|-fail|p1a: Jumpluff
|
|-heal|p1a: Jumpluff|273\/354 psn|[from] item: Leftovers
|-heal|p2a: Quagsire|249\/394 tox|[from] item: Leftovers
|-damage|p2a: Quagsire|200\/394 tox|[from] Leech Seed|[of] p1a: Jumpluff
|-heal|p1a: Jumpluff|322\/354 psn|[silent]
|-damage|p1a: Jumpluff|278\/354 psn|[from] psn
|-damage|p2a: Quagsire|176\/394 tox|[from] psn
|-damage|p2a: Quagsire|127\/394 tox|[from] move: Infestation|[partiallytrapped]
|upkeep
|turn|35
|choice|move synthesis|move recover
|
|move|p1a: Jumpluff|Synthesis|p1a: Jumpluff
|-heal|p1a: Jumpluff|354\/354 psn
|move|p2a: Quagsire|Recover|p2a: Quagsire
|-heal|p2a: Quagsire|324\/394 tox
|
|-heal|p2a: Quagsire|348\/394 tox|[from] item: Leftovers
|-damage|p2a: Quagsire|299\/394 tox|[from] Leech Seed|[of] p1a: Jumpluff
|-damage|p1a: Jumpluff|310\/354 psn|[from] psn
|-damage|p2a: Quagsire|251\/394 tox|[from] psn
|-damage|p2a: Quagsire|202\/394 tox|[from] move: Infestation|[partiallytrapped]
|upkeep
|turn|36
|choice|move infestation|move recover
|
|move|p1a: Jumpluff|Infestation|p2a: Quagsire
|-damage|p2a: Quagsire|192\/394 tox
|move|p2a: Quagsire|Recover|p2a: Quagsire
|-heal|p2a: Quagsire|389\/394 tox
|
|-heal|p1a: Jumpluff|332\/354 psn|[from] item: Leftovers
|-heal|p2a: Quagsire|394\/394 tox|[from] item: Leftovers
|-damage|p2a: Quagsire|345\/394 tox|[from] Leech Seed|[of] p1a: Jumpluff
|-heal|p1a: Jumpluff|354\/354 psn|[silent]
|-damage|p1a: Jumpluff|310\/354 psn|[from] psn
|-damage|p2a: Quagsire|273\/394 tox|[from] psn
|-damage|p2a: Quagsire|224\/394 tox|[from] move: Infestation|[partiallytrapped]
|upkeep
|turn|37
|choice|move infestation|move recover
|
|move|p1a: Jumpluff|Infestation|p2a: Quagsire
|-damage|p2a: Quagsire|213\/394 tox
|move|p2a: Quagsire|Recover|p2a: Quagsire
|-heal|p2a: Quagsire|394\/394 tox
|
|-heal|p1a: Jumpluff|332\/354 psn|[from] item: Leftovers
|-damage|p2a: Quagsire|345\/394 tox|[from] Leech Seed|[of] p1a: Jumpluff
|-heal|p1a: Jumpluff|354\/354 psn|[silent]
|-damage|p1a: Jumpluff|310\/354 psn|[from] psn
|-damage|p2a: Quagsire|249\/394 tox|[from] psn
|-damage|p2a: Quagsire|200\/394 tox|[from] move: Infestation|[partiallytrapped]
|upkeep
|turn|38
|choice|move infestation|move recover
|
|move|p1a: Jumpluff|Infestation|p2a: Quagsire
|-damage|p2a: Quagsire|189\/394 tox
|move|p2a: Quagsire|Recover|p2a: Quagsire
|-heal|p2a: Quagsire|386\/394 tox
|
|-heal|p1a: Jumpluff|332\/354 psn|[from] item: Leftovers
|-heal|p2a: Quagsire|394\/394 tox|[from] item: Leftovers
|-damage|p2a: Quagsire|345\/394 tox|[from] Leech Seed|[of] p1a: Jumpluff
|-heal|p1a: Jumpluff|354\/354 psn|[silent]
|-damage|p1a: Jumpluff|310\/354 psn|[from] psn
|-damage|p2a: Quagsire|225\/394 tox|[from] psn
|-end|p2a: Quagsire|Infestation|[partiallytrapped]
|upkeep
|turn|39
|choice|move infestation|switch 3
|
|switch|p2a: Klinklang|Klinklang|323\/323
|move|p1a: Jumpluff|Infestation|p2a: Klinklang
|-resisted|p2a: Klinklang
|-damage|p2a: Klinklang|319\/323
|-activate|p2a: Klinklang|move: Infestation|[of] p1a: Jumpluff
|
|-heal|p1a: Jumpluff|332\/354 psn|[from] item: Leftovers
|-damage|p1a: Jumpluff|288\/354 psn|[from] psn
|-damage|p2a: Klinklang|279\/323|[from] move: Infestation|[partiallytrapped]
|upkeep
|turn|40
|choice|move leechseed|move geargrind
|
|move|p1a: Jumpluff|Leech Seed|p2a: Klinklang
|-start|p2a: Klinklang|move: Leech Seed
|move|p2a: Klinklang|Gear Grind|p1a: Jumpluff
|-damage|p1a: Jumpluff|213\/354 psn
|-damage|p1a: Jumpluff|142\/354 psn
|-hitcount|p1a: Jumpluff|2
|-damage|p2a: Klinklang|247\/323|[from] item: Life Orb
|
|-heal|p1a: Jumpluff|164\/354 psn|[from] item: Leftovers
|-damage|p2a: Klinklang|207\/323|[from] Leech Seed|[of] p1a: Jumpluff
|-heal|p1a: Jumpluff|204\/354 psn|[silent]
|-damage|p1a: Jumpluff|160\/354 psn|[from] psn
|-damage|p2a: Klinklang|167\/323|[from] move: Infestation|[partiallytrapped]
|upkeep
|turn|41
|choice|move synthesis|move geargrind
|
|move|p1a: Jumpluff|Synthesis|p1a: Jumpluff
|-heal|p1a: Jumpluff|337\/354 psn
|move|p2a: Klinklang|Gear Grind|p1a: Jumpluff
|-damage|p1a: Jumpluff|267\/354 psn
|-crit|p1a: Jumpluff
|-damage|p1a: Jumpluff|164\/354 psn
|-hitcount|p1a: Jumpluff|2
|-damage|p2a: Klinklang|135\/323|[from] item: Life Orb
|
|-heal|p1a: Jumpluff|186\/354 psn|[from] item: Leftovers
|-damage|p2a: Klinklang|95\/323|[from] Leech Seed|[of] p1a: Jumpluff
|-heal|p1a: Jumpluff|226\/354 psn|[silent]
|-damage|p1a: Jumpluff|182\/354 psn|[from] psn
|-damage|p2a: Klinklang|55\/323|[from] move: Infestation|[partiallytrapped]
|upkeep
|turn|42
|choice|move infestation|move voltswitch
|
|move|p1a: Jumpluff|Infestation|p2a: Klinklang
|-resisted|p2a: Klinklang
|-damage|p2a: Klinklang|51\/323
|move|p2a: Klinklang|Volt Switch|p1a: Jumpluff
|-damage|p1a: Jumpluff|125\/354 psn
|-damage|p2a: Klinklang|19\/323|[from] item: Life Orb
|choice||switch 4
|
|switch|p2a: Audino|Audino-Mega, M|138\/410
|
|-heal|p1a: Jumpluff|147\/354 psn|[from] item: Leftovers
|-damage|p1a: Jumpluff|103\/354 psn|[from] psn
|upkeep
|turn|43
|choice|move synthesis|move flamethrower
|
|move|p1a: Jumpluff|Synthesis|p1a: Jumpluff
|-heal|p1a: Jumpluff|280\/354 psn
|move|p2a: Audino|Flamethrower|p1a: Jumpluff
|-supereffective|p1a: Jumpluff
|-damage|p1a: Jumpluff|166\/354 psn
|
|-heal|p1a: Jumpluff|188\/354 psn|[from] item: Leftovers
|-damage|p1a: Jumpluff|144\/354 psn|[from] psn
|upkeep
|turn|44
|choice|move leechseed|move wish
|
|move|p1a: Jumpluff|Leech Seed|p2a: Audino
|-start|p2a: Audino|move: Leech Seed
|move|p2a: Audino|Wish|p2a: Audino
|
|-heal|p1a: Jumpluff|166\/354 psn|[from] item: Leftovers
|-damage|p2a: Audino|87\/410|[from] Leech Seed|[of] p1a: Jumpluff
|-heal|p1a: Jumpluff|217\/354 psn|[silent]
|-damage|p1a: Jumpluff|173\/354 psn|[from] psn
|upkeep
|turn|45
|choice|move infestation|move flamethrower
|
|move|p1a: Jumpluff|Infestation|p2a: Audino
|-resisted|p2a: Audino
|-damage|p2a: Audino|84\/410
|-activate|p2a: Audino|move: Infestation|[of] p1a: Jumpluff
|move|p2a: Audino|Flamethrower|p1a: Jumpluff
|-supereffective|p1a: Jumpluff
|-damage|p1a: Jumpluff|55\/354 psn
|
|-heal|p2a: Audino|289\/410|[from] move: Wish|[wisher] Audino
|-heal|p1a: Jumpluff|77\/354 psn|[from] item: Leftovers
|-damage|p2a: Audino|238\/410|[from] Leech Seed|[of] p1a: Jumpluff
|-heal|p1a: Jumpluff|128\/354 psn|[silent]
|-damage|p1a: Jumpluff|84\/354 psn|[from] psn
|-damage|p2a: Audino|187\/410|[from] move: Infestation|[partiallytrapped]
|upkeep
|turn|46
|choice|move synthesis|move wish
|
|move|p1a: Jumpluff|Synthesis|p1a: Jumpluff
|-heal|p1a: Jumpluff|261\/354 psn
|move|p2a: Audino|Wish|p2a: Audino
|
|-heal|p1a: Jumpluff|283\/354 psn|[from] item: Leftovers
|-damage|p2a: Audino|136\/410|[from] Leech Seed|[of] p1a: Jumpluff
|-heal|p1a: Jumpluff|334\/354 psn|[silent]
|-damage|p1a: Jumpluff|290\/354 psn|[from] psn
|-damage|p2a: Audino|85\/410|[from] move: Infestation|[partiallytrapped]
|upkeep
|turn|47
|choice|move toxic|move flamethrower
|
|move|p1a: Jumpluff|Toxic|p2a: Audino
|-status|p2a: Audino|tox
|move|p2a: Audino|Flamethrower|p1a: Jumpluff
|-supereffective|p1a: Jumpluff
|-damage|p1a: Jumpluff|176\/354 psn
|
|-heal|p2a: Audino|290\/410 tox|[from] move: Wish|[wisher] Audino
|-heal|p1a: Jumpluff|198\/354 psn|[from] item: Leftovers
|-damage|p2a: Audino|239\/410 tox|[from] Leech Seed|[of] p1a: Jumpluff
|-heal|p1a: Jumpluff|249\/354 psn|[silent]
|-damage|p1a: Jumpluff|205\/354 psn|[from] psn
|-damage|p2a: Audino|214\/410 tox|[from] psn
|-damage|p2a: Audino|163\/410 tox|[from] move: Infestation|[partiallytrapped]
|upkeep
|turn|48
|choice|switch 6|move wish
|
|switch|p1a: Duosion|Duosion, F|292\/292
|move|p2a: Audino|Wish|p2a: Audino
|
|-damage|p2a: Audino|112\/410 tox|[from] Leech Seed|[of] p1a: Duosion
|-damage|p2a: Audino|62\/410 tox|[from] psn
|upkeep
|turn|49
|choice|move calmmind|switch 5
|
|switch|p2a: Fraxure|Fraxure, M|48\/297
|-ability|p2a: Fraxure|Mold Breaker
|move|p1a: Duosion|Calm Mind|p1a: Duosion
|-boost|p1a: Duosion|spa|1
|-boost|p1a: Duosion|spd|1
|
|-heal|p2a: Fraxure|253\/297|[from] move: Wish|[wisher] Audino
|upkeep
|turn|50
|choice|move acidarmor|move roar
|
|move|p1a: Duosion|Acid Armor|p1a: Duosion
|-boost|p1a: Duosion|def|2
|move|p2a: Fraxure|Roar|p1a: Duosion
|drag|p1a: Meowstic|Meowstic-F, F|290\/290
|-damage|p1a: Meowstic|254\/290|[from] Stealth Rock
|
|-heal|p1a: Meowstic|272\/290|[from] item: Leftovers
|upkeep
|turn|51
|choice|move psyshock|move poisonjab
|
|move|p1a: Meowstic|Psyshock|p2a: Fraxure
|-damage|p2a: Fraxure|90\/297
|move|p2a: Fraxure|Poison Jab|p1a: Meowstic
|-damage|p1a: Meowstic|174\/290
|-status|p1a: Meowstic|psn
|
|-heal|p1a: Meowstic|192\/290 psn|[from] item: Leftovers
|-damage|p1a: Meowstic|156\/290 psn|[from] psn
|upkeep
|turn|52
|choice|move psyshock|move dragonclaw
|
|move|p1a: Meowstic|Psyshock|p2a: Fraxure
|-damage|p2a: Fraxure|0 fnt
|faint|p2a: Fraxure
|
|-heal|p1a: Meowstic|174\/290 psn|[from] item: Leftovers
|-damage|p1a: Meowstic|138\/290 psn|[from] psn
|upkeep
|choice||switch 3
|
|switch|p2a: Quagsire|Quagsire, M|225\/394 tox
|turn|53
|choice|move psyshock|move recover
|
|move|p1a: Meowstic|Psyshock|p2a: Quagsire
|-damage|p2a: Quagsire|111\/394 tox
|move|p2a: Quagsire|Recover|p2a: Quagsire
|-heal|p2a: Quagsire|308\/394 tox
|
|-heal|p1a: Meowstic|156\/290 psn|[from] item: Leftovers
|-heal|p2a: Quagsire|332\/394 tox|[from] item: Leftovers
|-damage|p1a: Meowstic|120\/290 psn|[from] psn
|-damage|p2a: Quagsire|308\/394 tox|[from] psn
|upkeep
|turn|54
|l|uhgftghjknhg
|player|p1
|-message|uhgftghjknhg lost due to inactivity.
|
|win|Dandroid7
|player|p2</script>
</div>
<div class="battle-log battle-log-inline"><div class="inner"><div class="battle-options"></div><div class="inner"><div class="chat"><small>uhgftghjknhg joined.</small></div><div class="chat"><small>Dandroid7 joined.</small></div><div class=""><small>Format:</small> <br><strong>NU</strong></div><div class="rated"><strong>Rated battle</strong></div><div class=""><small><em>Sleep Clause Mod:</em> Limit one foe put to sleep</small></div><div class=""><small><em>Species Clause:</em> Limit one of each Pokémon</small></div><div class=""><small><em>OHKO Clause:</em> OHKO moves are banned</small></div><div class=""><small><em>Moody Clause:</em> Moody is banned</small></div><div class=""><small><em>Evasion Moves Clause:</em> Evasion moves are banned</small></div><div class=""><small><em>Endless Battle Clause:</em> Forcing endless battles is banned</small></div><div class=""><small><em>HP Percentage Mod:</em> HP is shown in percentages</small></div><div class=""><small><em>Swagger Clause:</em> Swagger is banned</small></div><div class=""><small><em>Baton Pass Clause:</em> Limit one Baton Passer, can't pass Spe and other stats simultaneously</small></div><div class="chat battle-history"><strong>uhgftghjknhg's team:</strong> <em style="color:#445566;display:block;">Hypno / Klinklang / Jumpluff / Walrein / Meowstic-F / Duosion</em></div><div class="chat battle-history"><strong>Dandroid7's team:</strong> <em style="color:#445566;display:block;">Klinklang / Audino / Quagsire / Mismagius / Claydol / Fraxure</em></div><div class="spacer battle-history"><br></div><div class="battle-history">Battle started between uhgftghjknhg and Dandroid7!<br></div><div class="spacer battle-history"><br></div><div class="battle-history">Go! <strong>Jumpluff</strong>!<br></div><div class="spacer battle-history"><br></div><div class="battle-history">Dandroid7 sent out <strong>Klinklang</strong>!<br></div><div class="spacer battle-history"><br></div><h2 class="battle-history">Turn 1</h2><div class="spacer battle-history"><br></div><div class="battle-history">Jumpluff, come back!<br></div><div class="battle-history">Go! <strong>Hypno</strong>!<br></div><div class="spacer battle-history"><br></div><div class="battle-history">The opposing Klinklang used <strong>Shift Gear</strong>!<br></div><div class="battle-history"><small>The opposing Klinklang's Speed rose sharply!</small><br></div><div class="battle-history"><small>The opposing Klinklang's Attack rose!</small><br></div><div class="spacer battle-history"><br></div><h2 class="battle-history">Turn 2</h2><div class="spacer battle-history"><br></div><div class="battle-history">The opposing Klinklang used <strong>Gear Grind</strong>!<br></div><div class="battle-history"><small>(Hypno lost <abbr title="−113/312">36.2%</abbr> of its health!)</small><br></div><div class="battle-history"><small>(Hypno lost <abbr title="−113/312">36.2%</abbr> of its health!)</small><br></div><div class="battle-history"><small>Hit 2 times!</small><br></div><div class="battle-history"><small>The opposing Klinklang lost some of its HP!</small><br></div><div class="spacer battle-history"><br></div><div class="battle-history">Hypno used <strong>Power-Up Punch</strong>!<br></div><div class="battle-history"><small>It's super effective!</small><br></div><div class="battle-history"><small>(The opposing Klinklang lost <abbr title="−66/323">20.4%</abbr> of its health!)</small><br></div><div class="battle-history"><small>Hypno's Attack rose!</small><br></div><div class="spacer battle-history"><br></div><h2 class="battle-history">Turn 3</h2><div class="spacer battle-history"><br></div><div class="battle-history">The opposing Klinklang used <strong>Gear Grind</strong>!<br></div><div class="battle-history"><small>(Hypno lost <abbr title="−86/312">27.6%</abbr> of its health!)</small><br></div><div class="battle-history"><small>Hit 1 time!</small><br></div><div class="battle-history"><small>The opposing Klinklang lost some of its HP!</small><br></div><div class="spacer battle-history"><br></div><div class="battle-history">Hypno fainted!<br></div><div class="spacer battle-history"><br></div><div class="battle-history">Go! <strong>Walrein</strong>!<br></div><div class="spacer battle-history"><br></div><h2 class="battle-history">Turn 4</h2><div class="spacer battle-history"><br></div><div class="battle-history">The opposing Klinklang used <strong>Volt Switch</strong>!<br></div><div class="battle-history"><small>It's super effective!</small><br></div><div class="battle-history"><small>(Walrein lost <abbr title="−94/362">26.0%</abbr> of its health!)</small><br></div><div class="battle-history"><small>The opposing Klinklang lost some of its HP!</small><br></div><div class="spacer battle-history"><br></div><div class="battle-history">The opposing Klinklang went back to Dandroid7!<br></div><div class="battle-history">Dandroid7 sent out <strong>Quagsire</strong>!<br></div><div class="spacer battle-history"><br></div><div class="battle-history">Walrein used <strong>Roar</strong>!<br></div><div class="spacer battle-history"><br></div><div class="battle-history"><strong>Klinklang</strong> was dragged out!<br></div><div class="spacer battle-history"><br></div><div class="battle-history"><small>Walrein restored a little HP using its Leftovers!</small><br></div><div class="spacer battle-history"><br></div><h2 class="battle-history">Turn 5</h2><div class="spacer battle-history"><br></div><div class="battle-history">The opposing Klinklang used <strong>Volt Switch</strong>!<br></div><div class="battle-history"><small>It's super effective!</small><br></div><div class="battle-history"><small>(Walrein lost <abbr title="−96/362">26.5%</abbr> of its health!)</small><br></div><div class="battle-history"><small>The opposing Klinklang lost some of its HP!</small><br></div><div class="spacer battle-history"><br></div><div class="battle-history">The opposing Klinklang went back to Dandroid7!<br></div><div class="battle-history">Dandroid7 sent out <strong>Audino</strong>!<br></div><div class="spacer battle-history"><br></div><div class="battle-history">Walrein used <strong>Stockpile</strong>!<br></div><div class="battle-history"><small>Walrein stockpiled 1!</small><br></div><div class="battle-history"><small>Walrein's Defense rose!</small><br></div><div class="battle-history"><small>Walrein's Special Defense rose!</small><br></div><div class="spacer battle-history"><br></div><div class="battle-history"><small>Walrein restored a little HP using its Leftovers!</small><br></div><div class="spacer battle-history"><br></div><h2 class="battle-history">Turn 6</h2><div class="spacer battle-history"><br></div><div class="battle-history">The opposing Audino used <strong>Wish</strong>!<br></div><div class="spacer battle-history"><br></div><div class="battle-history">Walrein used <strong>Roar</strong>!<br></div><div class="spacer battle-history"><br></div><div class="battle-history"><strong>Claydol</strong> was dragged out!<br></div><div class="spacer battle-history"><br></div><div class="battle-history"><small>Walrein restored a little HP using its Leftovers!</small><br></div><div class="spacer battle-history"><br></div><h2 class="battle-history">Turn 7</h2><div class="spacer battle-history"><br></div><div class="battle-history">Dandroid7 withdrew Claydol!<br></div><div class="battle-history">Dandroid7 sent out <strong>Klinklang</strong>!<br></div><div class="spacer battle-history"><br></div><div class="battle-history">Walrein used <strong>Aqua Ring</strong>!<br></div><div class="battle-history"><small>Walrein surrounded itself with a veil of water!</small><br></div><div class="spacer battle-history"><br></div><div class="battle-history"><small>Audino's wish came true!</small><br></div><div class="battle-history"><small>Walrein restored a little HP using its Leftovers!</small><br></div><div class="battle-history"><small>A veil of water restored Walrein's HP!</small><br></div><div class="spacer battle-history"><br></div><h2 class="battle-history">Turn 8</h2><div class="spacer battle-history"><br></div><div class="battle-history">Dandroid7 withdrew Klinklang!<br></div><div class="battle-history">Dandroid7 sent out <strong>Quagsire</strong>!<br></div><div class="spacer battle-history"><br></div><div class="battle-history">Walrein used <strong>Roar</strong>!<br></div><div class="spacer battle-history"><br></div><div class="battle-history"><strong>Fraxure</strong> was dragged out!<br></div><div class="battle-history"><small>[The opposing Fraxure's Mold Breaker]</small><br><small>The opposing Fraxure breaks the mold!</small><br></div><div class="spacer battle-history"><br></div><div class="battle-history"><small>Walrein restored a little HP using its Leftovers!</small><br></div><div class="battle-history"><small>A veil of water restored Walrein's HP!</small><br></div><div class="spacer battle-history"><br></div><h2 class="battle-history">Turn 9</h2><div class="spacer battle-history"><br></div><div class="battle-history">Walrein, come back!<br></div><div class="battle-history">Go! <strong>Jumpluff</strong>!<br></div><div class="spacer battle-history"><br></div><div class="battle-history">The opposing Fraxure used <strong>Roar</strong>!<br></div><div class="spacer battle-history"><br></div><div class="battle-history"><strong>Klinklang</strong> was dragged out!<br></div><div class="spacer battle-history"><br></div><h2 class="battle-history">Turn 10</h2><div class="spacer battle-history"><br></div><div class="battle-history">Klinklang used <strong>Gear Grind</strong>!<br></div><div class="battle-history"><small>(The opposing Fraxure lost <abbr title="−117/297">39.4%</abbr> of its health!)</small><br></div><div class="battle-history"><small>Klinklang was hurt by the Rocky Helmet!</small><br></div><div class="battle-history"><small>(The opposing Fraxure lost <abbr title="−114/297">38.4%</abbr> of its health!)</small><br></div><div class="battle-history"><small>Klinklang was hurt by the Rocky Helmet!</small><br></div><div class="battle-history"><small>Hit 2 times!</small><br></div><div class="spacer battle-history"><br></div><div class="battle-history">The opposing Fraxure used <strong>Dig</strong>!<br></div><div class="battle-history">The opposing Fraxure burrowed its way under the ground!<br></div><div class="spacer battle-history"><br></div><div class="battle-history"><small>Klinklang restored a little HP using its Leftovers!</small><br></div><div class="spacer battle-history"><br></div><h2 class="battle-history">Turn 11</h2><div class="spacer battle-history"><br></div><div class="battle-history">Klinklang, come back!<br></div><div class="battle-history">Go! <strong>Jumpluff</strong>!<br></div><div class="spacer battle-history"><br></div><div class="battle-history">The opposing Fraxure used <strong>Dig</strong>!<br></div><div class="battle-history"><small>It doesn't affect Jumpluff...</small><br></div><div class="spacer battle-history"><br></div><h2 class="battle-history">Turn 12</h2><div class="spacer battle-history"><br></div><div class="battle-history">Jumpluff used <strong>Toxic</strong>!<br></div><div class="battle-history"><small>The opposing Fraxure was badly poisoned!</small><br></div><div class="spacer battle-history"><br></div><div class="battle-history">The opposing Fraxure used <strong>Poison Jab</strong>!<br></div><div class="battle-history"><small>It's super effective!</small><br></div><div class="battle-history"><small>(Jumpluff lost <abbr title="−168/354">47.5%</abbr> of its health!)</small><br></div><div class="battle-history"><small>Jumpluff was poisoned!</small><br></div><div class="spacer battle-history"><br></div><div class="battle-history"><small>Jumpluff restored a little HP using its Leftovers!</small><br></div><div class="battle-history"><small>Jumpluff was hurt by poison!</small><br></div><div class="battle-history"><small>The opposing Fraxure was hurt by poison!</small><br></div><div class="spacer battle-history"><br></div><h2 class="battle-history">Turn 13</h2><div class="spacer battle-history"><br></div><div class="battle-history">Dandroid7 withdrew Fraxure!<br></div><div class="battle-history">Dandroid7 sent out <strong>Audino</strong>!<br></div><div class="spacer battle-history"><br></div><div class="battle-history">Jumpluff used <strong>Synthesis</strong>!<br></div><div class="battle-history"><small>Jumpluff restored its HP.</small><br></div><div class="spacer battle-history"><br></div><div class="battle-history"><small>Jumpluff restored a little HP using its Leftovers!</small><br></div><div class="battle-history"><small>Jumpluff was hurt by poison!</small><br></div><div class="spacer battle-history"><br></div><h2 class="battle-history">Turn 14</h2><div class="spacer battle-history"><br></div><div class="battle-history"><small>The opposing Audino's Audinite is reacting to Dandroid7's Mega Bracelet!</small><br>The opposing Audino has Mega Evolved into Mega Audino!<br></div><div class="spacer battle-history"><br></div><div class="battle-history">Jumpluff used <strong>Infestation</strong>!<br></div><div class="battle-history"><small>It's not very effective...</small><br></div><div class="battle-history"><small>(The opposing Audino lost <abbr title="−3/410">0.7%</abbr> of its health!)</small><br></div><div class="battle-history"><small>The opposing Audino has been afflicted with an infestation by Jumpluff!</small><br></div><div class="spacer battle-history"><br></div><div class="battle-history">The opposing Audino used <strong>Flamethrower</strong>!<br></div><div class="battle-history"><small>It's super effective!</small><br></div><div class="battle-history"><small>(Jumpluff lost <abbr title="−128/354">36.2%</abbr> of its health!)</small><br></div><div class="spacer battle-history"><br></div><div class="battle-history"><small>Jumpluff restored a little HP using its Leftovers!</small><br></div><div class="battle-history"><small>Jumpluff was hurt by poison!</small><br></div><div class="battle-history"><small>The opposing Audino is hurt by Infestation!</small><br></div><div class="spacer battle-history"><br></div><h2 class="battle-history">Turn 15</h2><div class="spacer battle-history"><br></div><div class="battle-history">Jumpluff used <strong>Toxic</strong>!<br></div><div class="battle-history"><small>The opposing Audino was badly poisoned!</small><br></div><div class="spacer battle-history"><br></div><div class="battle-history">The opposing Audino used <strong>Heal Bell</strong>!<br></div><div class="battle-history"><small>A bell chimed!</small><br></div><div class="battle-history"><small>The opposing Audino was cured of its poisoning.</small><br></div><div class="battle-history"><small>The opposing Fraxure was cured of its poisoning.</small><br></div><div class="spacer battle-history"><br></div><div class="battle-history"><small>Jumpluff restored a little HP using its Leftovers!</small><br></div><div class="battle-history"><small>Jumpluff was hurt by poison!</small><br></div><div class="battle-history"><small>The opposing Audino is hurt by Infestation!</small><br></div><div class="spacer battle-history"><br></div><h2 class="battle-history">Turn 16</h2><div class="spacer battle-history"><br></div><div class="battle-history">Jumpluff used <strong>Synthesis</strong>!<br></div><div class="battle-history"><small>Jumpluff restored its HP.</small><br></div><div class="spacer battle-history"><br></div><div class="battle-history">The opposing Audino used <strong>Draining Kiss</strong>!<br></div><div class="battle-history"><small>(Jumpluff lost <abbr title="−52/354">14.7%</abbr> of its health!)</small><br></div><div class="battle-history"><small>Jumpluff had its energy drained!</small><br></div><div class="spacer battle-history"><br></div><div class="battle-history"><small>Jumpluff restored a little HP using its Leftovers!</small><br></div><div class="battle-history"><small>Jumpluff was hurt by poison!</small><br></div><div class="battle-history"><small>The opposing Audino is hurt by Infestation!</small><br></div><div class="spacer battle-history"><br></div><h2 class="battle-history">Turn 17</h2><div class="spacer battle-history"><br></div><div class="battle-history">Jumpluff used <strong>Leech Seed</strong>!<br></div><div class="battle-history"><small>The opposing Audino was seeded!</small><br></div><div class="spacer battle-history"><br></div><div class="battle-history">The opposing Audino used <strong>Flamethrower</strong>!<br></div><div class="battle-history"><small>It's super effective!</small><br></div><div class="battle-history"><small>(Jumpluff lost <abbr title="−114/354">32.2%</abbr> of its health!)</small><br></div><div class="spacer battle-history"><br></div><div class="battle-history"><small>Jumpluff restored a little HP using its Leftovers!</small><br></div><div class="battle-history"><small>The opposing Audino's health is sapped by Leech Seed!</small><br></div><div class="battle-history"><small>Jumpluff was hurt by poison!</small><br></div><div class="battle-history"><small>The opposing Audino is hurt by Infestation!</small><br></div><div class="spacer battle-history"><br></div><h2 class="battle-history">Turn 18</h2><div class="spacer battle-history"><br></div><div class="battle-history">Jumpluff used <strong>Synthesis</strong>!<br></div><div class="battle-history"><small>Jumpluff restored its HP.</small><br></div><div class="spacer battle-history"><br></div><div class="battle-history">The opposing Audino used <strong>Wish</strong>!<br></div><div class="spacer battle-history"><br></div><div class="battle-history"><small>Jumpluff restored a little HP using its Leftovers!</small><br></div><div class="battle-history"><small>The opposing Audino's health is sapped by Leech Seed!</small><br></div><div class="battle-history"><small>Jumpluff was hurt by poison!</small><br></div><div class="battle-history"><small>The opposing Audino is hurt by Infestation!</small><br></div><div class="spacer battle-history"><br></div><h2 class="battle-history">Turn 19</h2><div class="spacer battle-history"><br></div><div class="battle-history">Jumpluff used <strong>Toxic</strong>!<br></div><div class="battle-history"><small>The opposing Audino was badly poisoned!</small><br></div><div class="spacer battle-history"><br></div><div class="battle-history">The opposing Audino used <strong>Wish</strong>!<br></div><div class="battle-history"><small>But it failed!</small><br></div><div class="spacer battle-history"><br></div><div class="battle-history"><small>Audino's wish came true!</small><br></div><div class="battle-history"><small>Jumpluff restored a little HP using its Leftovers!</small><br></div><div class="battle-history"><small>The opposing Audino's health is sapped by Leech Seed!</small><br></div><div class="battle-history"><small>Jumpluff was hurt by poison!</small><br></div><div class="battle-history"><small>The opposing Audino was hurt by poison!</small><br></div><div class="battle-history"><small>The opposing Audino was freed from Infestation!</small><br></div><div class="spacer battle-history"><br></div><h2 class="battle-history">Turn 20</h2><div class="spacer battle-history"><br></div><div class="battle-history">Jumpluff used <strong>Infestation</strong>!<br></div><div class="battle-history"><small>It's not very effective...</small><br></div><div class="battle-history"><small>(The opposing Audino lost <abbr title="−3/410">0.7%</abbr> of its health!)</small><br></div><div class="battle-history"><small>The opposing Audino has been afflicted with an infestation by Jumpluff!</small><br></div><div class="spacer battle-history"><br></div><div class="battle-history">The opposing Audino used <strong>Wish</strong>!<br></div><div class="spacer battle-history"><br></div><div class="battle-history"><small>Jumpluff restored a little HP using its Leftovers!</small><br></div><div class="battle-history"><small>The opposing Audino's health is sapped by Leech Seed!</small><br></div><div class="battle-history"><small>Jumpluff was hurt by poison!</small><br></div><div class="battle-history"><small>The opposing Audino was hurt by poison!</small><br></div><div class="battle-history"><small>The opposing Audino is hurt by Infestation!</small><br></div><div class="spacer battle-history"><br></div><h2 class="battle-history">Turn 21</h2><div class="spacer battle-history"><br></div><div class="battle-history">Jumpluff used <strong>Infestation</strong>!<br></div><div class="battle-history"><small>It's not very effective...</small><br></div><div class="battle-history"><small>(The opposing Audino lost <abbr title="−4/410">1.0%</abbr> of its health!)</small><br></div><div class="spacer battle-history"><br></div><div class="battle-history">The opposing Audino used <strong>Heal Bell</strong>!<br></div><div class="battle-history"><small>A bell chimed!</small><br></div><div class="battle-history"><small>The opposing Audino was cured of its poisoning.</small><br></div><div class="spacer battle-history"><br></div><div class="battle-history"><small>Audino's wish came true!</small><br></div><div class="battle-history"><small>Jumpluff restored a little HP using its Leftovers!</small><br></div><div class="battle-history"><small>The opposing Audino's health is sapped by Leech Seed!</small><br></div><div class="battle-history"><small>Jumpluff was hurt by poison!</small><br></div><div class="battle-history"><small>The opposing Audino is hurt by Infestation!</small><br></div><div class="spacer battle-history"><br></div><h2 class="battle-history">Turn 22</h2><div class="spacer battle-history"><br></div><div class="battle-history">Jumpluff used <strong>Toxic</strong>!<br></div><div class="battle-history"><small>The opposing Audino was badly poisoned!</small><br></div><div class="spacer battle-history"><br></div><div class="battle-history">The opposing Audino used <strong>Wish</strong>!<br></div><div class="spacer battle-history"><br></div><div class="battle-history"><small>Jumpluff restored a little HP using its Leftovers!</small><br></div><div class="battle-history"><small>The opposing Audino's health is sapped by Leech Seed!</small><br></div><div class="battle-history"><small>Jumpluff was hurt by poison!</small><br></div><div class="battle-history"><small>The opposing Audino was hurt by poison!</small><br></div><div class="battle-history"><small>The opposing Audino is hurt by Infestation!</small><br></div><div class="spacer battle-history"><br></div><h2 class="battle-history">Turn 23</h2><div class="spacer battle-history"><br></div><div class="battle-history">Jumpluff, come back!<br></div><div class="battle-history">Go! <strong>Klinklang</strong>!<br></div><div class="spacer battle-history"><br></div><div class="battle-history">The opposing Audino used <strong>Heal Bell</strong>!<br></div><div class="battle-history"><small>A bell chimed!</small><br></div><div class="battle-history"><small>The opposing Audino was cured of its poisoning.</small><br></div><div class="spacer battle-history"><br></div><div class="battle-history"><small>Audino's wish came true!</small><br></div><div class="battle-history"><small>Klinklang restored a little HP using its Leftovers!</small><br></div><div class="battle-history"><small>The opposing Audino's health is sapped by Leech Seed!</small><br></div><div class="spacer battle-history"><br></div><h2 class="battle-history">Turn 24</h2><div class="spacer battle-history"><br></div><div class="battle-history">Klinklang used <strong>Shift Gear</strong>!<br></div><div class="battle-history"><small>Klinklang's Speed rose sharply!</small><br></div><div class="battle-history"><small>Klinklang's Attack rose!</small><br></div><div class="spacer battle-history"><br></div><div class="battle-history">The opposing Audino used <strong>Flamethrower</strong>!<br></div><div class="battle-history"><small>It's super effective!</small><br></div><div class="battle-history"><small>(Klinklang lost <abbr title="−128/262">48.9%</abbr> of its health!)</small><br></div><div class="battle-history"><small>Klinklang was burned!</small><br></div><div class="spacer battle-history"><br></div><div class="battle-history"><small>Klinklang restored a little HP using its Leftovers!</small><br></div><div class="battle-history"><small>The opposing Audino's health is sapped by Leech Seed!</small><br></div><div class="battle-history"><small>Klinklang was hurt by its burn!</small><br></div><div class="spacer battle-history"><br></div><h2 class="battle-history">Turn 25</h2><div class="spacer battle-history"><br></div><div class="battle-history">Dandroid7 withdrew Audino!<br></div><div class="battle-history">Dandroid7 sent out <strong>Mismagius</strong>!<br></div><div class="spacer battle-history"><br></div><div class="battle-history">Klinklang used <strong>Gear Grind</strong>!<br></div><div class="battle-history"><small>(The opposing Mismagius lost <abbr title="−85/261">32.6%</abbr> of its health!)</small><br></div><div class="battle-history"><small>(The opposing Mismagius lost <abbr title="−88/261">33.7%</abbr> of its health!)</small><br></div><div class="battle-history"><small>Hit 2 times!</small><br></div><div class="spacer battle-history"><br></div><div class="battle-history"><small>Klinklang restored a little HP using its Leftovers!</small><br></div><div class="battle-history"><small>Klinklang was hurt by its burn!</small><br></div><div class="spacer battle-history"><br></div><h2 class="battle-history">Turn 26</h2><div class="spacer battle-history"><br></div><div class="battle-history">Klinklang used <strong>Gear Grind</strong>!<br></div><div class="battle-history"><small>(The opposing Mismagius lost <abbr title="−88/261">33.7%</abbr> of its health!)</small><br></div><div class="battle-history"><small>Hit 1 time!</small><br></div><div class="spacer battle-history"><br></div><div class="battle-history">The opposing Mismagius fainted!<br></div><div class="spacer battle-history"><br></div><div class="battle-history"><small>Klinklang restored a little HP using its Leftovers!</small><br></div><div class="battle-history"><small>Klinklang was hurt by its burn!</small><br></div><div class="spacer battle-history"><br></div><div class="battle-history">Dandroid7 sent out <strong>Quagsire</strong>!<br></div><div class="spacer battle-history"><br></div><h2 class="battle-history">Turn 27</h2><div class="spacer battle-history"><br></div><div class="battle-history">Klinklang used <strong>Return</strong>!<br></div><div class="battle-history"><small>(The opposing Quagsire lost <abbr title="−54/394">13.7%</abbr> of its health!)</small><br></div><div class="spacer battle-history"><br></div><div class="battle-history">The opposing Quagsire used <strong>Scald</strong>!<br></div><div class="battle-history"><small>(Klinklang lost <abbr title="−82/262">31.3%</abbr> of its health!)</small><br></div><div class="spacer battle-history"><br></div><div class="battle-history"><small>Klinklang restored a little HP using its Leftovers!</small><br></div><div class="battle-history"><small>The opposing Quagsire restored a little HP using its Leftovers!</small><br></div><div class="battle-history"><small>Klinklang was hurt by its burn!</small><br></div><div class="spacer battle-history"><br></div><h2 class="battle-history">Turn 28</h2><div class="spacer battle-history"><br></div><div class="battle-history">Klinklang used <strong>Return</strong>!<br></div><div class="battle-history"><small>(The opposing Quagsire lost <abbr title="−53/394">13.5%</abbr> of its health!)</small><br></div><div class="spacer battle-history"><br></div><div class="battle-history">The opposing Quagsire used <strong>Scald</strong>!<br></div><div class="battle-history"><small>(Klinklang lost <abbr title="−36/262">13.7%</abbr> of its health!)</small><br></div><div class="spacer battle-history"><br></div><div class="battle-history">Klinklang fainted!<br></div><div class="spacer battle-history"><br></div><div class="battle-history"><small>The opposing Quagsire restored a little HP using its Leftovers!</small><br></div><div class="spacer battle-history"><br></div><div class="battle-history">Go! <strong>Jumpluff</strong>!<br></div><div class="spacer battle-history"><br></div><h2 class="battle-history">Turn 29</h2><div class="spacer battle-history"><br></div><div class="battle-history">Dandroid7 withdrew Quagsire!<br></div><div class="battle-history">Dandroid7 sent out <strong>Claydol</strong>!<br></div><div class="spacer battle-history"><br></div><div class="battle-history">Jumpluff used <strong>Infestation</strong>!<br></div><div class="battle-history"><small>It's super effective!</small><br></div><div class="battle-history"><small>(The opposing Claydol lost <abbr title="−20/324">6.2%</abbr> of its health!)</small><br></div><div class="battle-history"><small>The opposing Claydol has been afflicted with an infestation by Jumpluff!</small><br></div><div class="spacer battle-history"><br></div><div class="battle-history"><small>Jumpluff restored a little HP using its Leftovers!</small><br></div><div class="battle-history"><small>The opposing Claydol restored a little HP using its Leftovers!</small><br></div><div class="battle-history"><small>Jumpluff was hurt by poison!</small><br></div><div class="battle-history"><small>The opposing Claydol is hurt by Infestation!</small><br></div><div class="spacer battle-history"><br></div><h2 class="battle-history">Turn 30</h2><div class="spacer battle-history"><br></div><div class="battle-history">Jumpluff used <strong>Toxic</strong>!<br></div><div class="battle-history"><small>The opposing Claydol was badly poisoned!</small><br></div><div class="spacer battle-history"><br></div><div class="battle-history">The opposing Claydol used <strong>Stealth Rock</strong>!<br></div><div class="battle-history"><small>Pointed stones float in the air around your team!</small><br></div><div class="spacer battle-history"><br></div><div class="battle-history"><small>Jumpluff restored a little HP using its Leftovers!</small><br></div><div class="battle-history"><small>The opposing Claydol restored a little HP using its Leftovers!</small><br></div><div class="battle-history"><small>Jumpluff was hurt by poison!</small><br></div><div class="battle-history"><small>The opposing Claydol was hurt by poison!</small><br></div><div class="battle-history"><small>The opposing Claydol is hurt by Infestation!</small><br></div><div class="spacer battle-history"><br></div><h2 class="battle-history">Turn 31</h2><div class="spacer battle-history"><br></div><div class="battle-history">Jumpluff used <strong>Leech Seed</strong>!<br></div><div class="battle-history"><small>The opposing Claydol was seeded!</small><br></div><div class="spacer battle-history"><br></div><div class="battle-history">The opposing Claydol used <strong>Rapid Spin</strong>!<br></div><div class="battle-history"><small>(Jumpluff lost <abbr title="−11/354">3.1%</abbr> of its health!)</small><br></div><div class="battle-history"><small>The opposing Claydol was freed from Leech Seed!</small><br></div><div class="battle-history"><small>The opposing Claydol was freed from Infestation!</small><br></div><div class="spacer battle-history"><br></div><div class="battle-history"><small>Jumpluff restored a little HP using its Leftovers!</small><br></div><div class="battle-history"><small>The opposing Claydol restored a little HP using its Leftovers!</small><br></div><div class="battle-history"><small>Jumpluff was hurt by poison!</small><br></div><div class="battle-history"><small>The opposing Claydol was hurt by poison!</small><br></div><div class="spacer battle-history"><br></div><h2 class="battle-history">Turn 32</h2><div class="spacer battle-history"><br></div><div class="battle-history">Dandroid7 withdrew Claydol!<br></div><div class="battle-history">Dandroid7 sent out <strong>Quagsire</strong>!<br></div><div class="spacer battle-history"><br></div><div class="battle-history">Jumpluff used <strong>Leech Seed</strong>!<br></div><div class="battle-history"><small>The opposing Quagsire was seeded!</small><br></div><div class="spacer battle-history"><br></div><div class="battle-history"><small>Jumpluff restored a little HP using its Leftovers!</small><br></div><div class="battle-history"><small>The opposing Quagsire restored a little HP using its Leftovers!</small><br></div><div class="battle-history"><small>The opposing Quagsire's health is sapped by Leech Seed!</small><br></div><div class="battle-history"><small>Jumpluff was hurt by poison!</small><br></div><div class="spacer battle-history"><br></div><h2 class="battle-history">Turn 33</h2><div class="spacer battle-history"><br></div><div class="battle-history">Jumpluff used <strong>Infestation</strong>!<br></div><div class="battle-history"><small>(The opposing Quagsire lost <abbr title="−11/394">2.8%</abbr> of its health!)</small><br></div><div class="battle-history"><small>The opposing Quagsire has been afflicted with an infestation by Jumpluff!</small><br></div><div class="spacer battle-history"><br></div><div class="battle-history">The opposing Quagsire used <strong>Scald</strong>!<br></div><div class="battle-history"><small>It's not very effective...</small><br></div><div class="battle-history"><small>(Jumpluff lost <abbr title="−36/354">10.2%</abbr> of its health!)</small><br></div><div class="spacer battle-history"><br></div><div class="battle-history"><small>Jumpluff restored a little HP using its Leftovers!</small><br></div><div class="battle-history"><small>The opposing Quagsire restored a little HP using its Leftovers!</small><br></div><div class="battle-history"><small>The opposing Quagsire's health is sapped by Leech Seed!</small><br></div><div class="battle-history"><small>Jumpluff was hurt by poison!</small><br></div><div class="battle-history"><small>The opposing Quagsire is hurt by Infestation!</small><br></div><div class="spacer battle-history"><br></div><h2 class="battle-history">Turn 34</h2><div class="spacer battle-history"><br></div><div class="battle-history">Jumpluff used <strong>Toxic</strong>!<br></div><div class="battle-history"><small>The opposing Quagsire was badly poisoned!</small><br></div><div class="spacer battle-history"><br></div><div class="battle-history">The opposing Quagsire used <strong>Toxic</strong>!<br></div><div class="battle-history"><small>But it failed!</small><br></div><div class="spacer battle-history"><br></div><div class="battle-history"><small>Jumpluff restored a little HP using its Leftovers!</small><br></div><div class="battle-history"><small>The opposing Quagsire restored a little HP using its Leftovers!</small><br></div><div class="battle-history"><small>The opposing Quagsire's health is sapped by Leech Seed!</small><br></div><div class="battle-history"><small>Jumpluff was hurt by poison!</small><br></div><div class="battle-history"><small>The opposing Quagsire was hurt by poison!</small><br></div><div class="battle-history"><small>The opposing Quagsire is hurt by Infestation!</small><br></div><div class="spacer battle-history"><br></div><h2 class="battle-history">Turn 35</h2><div class="spacer battle-history"><br></div><div class="battle-history">Jumpluff used <strong>Synthesis</strong>!<br></div><div class="battle-history"><small>Jumpluff restored its HP.</small><br></div><div class="spacer battle-history"><br></div><div class="battle-history">The opposing Quagsire used <strong>Recover</strong>!<br></div><div class="battle-history"><small>The opposing Quagsire restored its HP.</small><br></div><div class="spacer battle-history"><br></div><div class="battle-history"><small>The opposing Quagsire restored a little HP using its Leftovers!</small><br></div><div class="battle-history"><small>The opposing Quagsire's health is sapped by Leech Seed!</small><br></div><div class="battle-history"><small>Jumpluff was hurt by poison!</small><br></div><div class="battle-history"><small>The opposing Quagsire was hurt by poison!</small><br></div><div class="battle-history"><small>The opposing Quagsire is hurt by Infestation!</small><br></div><div class="spacer battle-history"><br></div><h2 class="battle-history">Turn 36</h2><div class="spacer battle-history"><br></div><div class="battle-history">Jumpluff used <strong>Infestation</strong>!<br></div><div class="battle-history"><small>(The opposing Quagsire lost <abbr title="−10/394">2.5%</abbr> of its health!)</small><br></div><div class="spacer battle-history"><br></div><div class="battle-history">The opposing Quagsire used <strong>Recover</strong>!<br></div><div class="battle-history"><small>The opposing Quagsire restored its HP.</small><br></div><div class="spacer battle-history"><br></div><div class="battle-history"><small>Jumpluff restored a little HP using its Leftovers!</small><br></div><div class="battle-history"><small>The opposing Quagsire restored a little HP using its Leftovers!</small><br></div><div class="battle-history"><small>The opposing Quagsire's health is sapped by Leech Seed!</small><br></div><div class="battle-history"><small>Jumpluff was hurt by poison!</small><br></div><div class="battle-history"><small>The opposing Quagsire was hurt by poison!</small><br></div><div class="battle-history"><small>The opposing Quagsire is hurt by Infestation!</small><br></div><div class="spacer battle-history"><br></div><h2 class="battle-history">Turn 37</h2><div class="spacer battle-history"><br></div><div class="battle-history">Jumpluff used <strong>Infestation</strong>!<br></div><div class="battle-history"><small>(The opposing Quagsire lost <abbr title="−11/394">2.8%</abbr> of its health!)</small><br></div><div class="spacer battle-history"><br></div><div class="battle-history">The opposing Quagsire used <strong>Recover</strong>!<br></div><div class="battle-history"><small>The opposing Quagsire restored its HP.</small><br></div><div class="spacer battle-history"><br></div><div class="battle-history"><small>Jumpluff restored a little HP using its Leftovers!</small><br></div><div class="battle-history"><small>The opposing Quagsire's health is sapped by Leech Seed!</small><br></div><div class="battle-history"><small>Jumpluff was hurt by poison!</small><br></div><div class="battle-history"><small>The opposing Quagsire was hurt by poison!</small><br></div><div class="battle-history"><small>The opposing Quagsire is hurt by Infestation!</small><br></div><div class="spacer battle-history"><br></div><h2 class="battle-history">Turn 38</h2><div class="spacer battle-history"><br></div><div class="battle-history">Jumpluff used <strong>Infestation</strong>!<br></div><div class="battle-history"><small>(The opposing Quagsire lost <abbr title="−11/394">2.8%</abbr> of its health!)</small><br></div><div class="spacer battle-history"><br></div><div class="battle-history">The opposing Quagsire used <strong>Recover</strong>!<br></div><div class="battle-history"><small>The opposing Quagsire restored its HP.</small><br></div><div class="spacer battle-history"><br></div><div class="battle-history"><small>Jumpluff restored a little HP using its Leftovers!</small><br></div><div class="battle-history"><small>The opposing Quagsire restored a little HP using its Leftovers!</small><br></div><div class="battle-history"><small>The opposing Quagsire's health is sapped by Leech Seed!</small><br></div><div class="battle-history"><small>Jumpluff was hurt by poison!</small><br></div><div class="battle-history"><small>The opposing Quagsire was hurt by poison!</small><br></div><div class="battle-history"><small>The opposing Quagsire was freed from Infestation!</small><br></div><div class="spacer battle-history"><br></div><h2 class="battle-history">Turn 39</h2><div class="spacer battle-history"><br></div><div class="battle-history">Dandroid7 withdrew Quagsire!<br></div><div class="battle-history">Dandroid7 sent out <strong>Klinklang</strong>!<br></div><div class="spacer battle-history"><br></div><div class="battle-history">Jumpluff used <strong>Infestation</strong>!<br></div><div class="battle-history"><small>It's not very effective...</small><br></div><div class="battle-history"><small>(The opposing Klinklang lost <abbr title="−4/323">1.2%</abbr> of its health!)</small><br></div><div class="battle-history"><small>The opposing Klinklang has been afflicted with an infestation by Jumpluff!</small><br></div><div class="spacer battle-history"><br></div><div class="battle-history"><small>Jumpluff restored a little HP using its Leftovers!</small><br></div><div class="battle-history"><small>Jumpluff was hurt by poison!</small><br></div><div class="battle-history"><small>The opposing Klinklang is hurt by Infestation!</small><br></div><div class="spacer battle-history"><br></div><h2 class="battle-history">Turn 40</h2><div class="spacer battle-history"><br></div><div class="battle-history">Jumpluff used <strong>Leech Seed</strong>!<br></div><div class="battle-history"><small>The opposing Klinklang was seeded!</small><br></div><div class="spacer battle-history"><br></div><div class="battle-history">The opposing Klinklang used <strong>Gear Grind</strong>!<br></div><div class="battle-history"><small>(Jumpluff lost <abbr title="−75/354">21.2%</abbr> of its health!)</small><br></div><div class="battle-history"><small>(Jumpluff lost <abbr title="−71/354">20.1%</abbr> of its health!)</small><br></div><div class="battle-history"><small>Hit 2 times!</small><br></div><div class="battle-history"><small>The opposing Klinklang lost some of its HP!</small><br></div><div class="spacer battle-history"><br></div><div class="battle-history"><small>Jumpluff restored a little HP using its Leftovers!</small><br></div><div class="battle-history"><small>The opposing Klinklang's health is sapped by Leech Seed!</small><br></div><div class="battle-history"><small>Jumpluff was hurt by poison!</small><br></div><div class="battle-history"><small>The opposing Klinklang is hurt by Infestation!</small><br></div><div class="spacer battle-history"><br></div><h2 class="battle-history">Turn 41</h2><div class="spacer battle-history"><br></div><div class="battle-history">Jumpluff used <strong>Synthesis</strong>!<br></div><div class="battle-history"><small>Jumpluff restored its HP.</small><br></div><div class="spacer battle-history"><br></div><div class="battle-history">The opposing Klinklang used <strong>Gear Grind</strong>!<br></div><div class="battle-history"><small>(Jumpluff lost <abbr title="−70/354">19.8%</abbr> of its health!)</small><br></div><div class="battle-history"><small>A critical hit!</small><br></div><div class="battle-history"><small>(Jumpluff lost <abbr title="−103/354">29.1%</abbr> of its health!)</small><br></div><div class="battle-history"><small>Hit 2 times!</small><br></div><div class="battle-history"><small>The opposing Klinklang lost some of its HP!</small><br></div><div class="spacer battle-history"><br></div><div class="battle-history"><small>Jumpluff restored a little HP using its Leftovers!</small><br></div><div class="battle-history"><small>The opposing Klinklang's health is sapped by Leech Seed!</small><br></div><div class="battle-history"><small>Jumpluff was hurt by poison!</small><br></div><div class="battle-history"><small>The opposing Klinklang is hurt by Infestation!</small><br></div><div class="spacer battle-history"><br></div><h2 class="battle-history">Turn 42</h2><div class="spacer battle-history"><br></div><div class="battle-history">Jumpluff used <strong>Infestation</strong>!<br></div><div class="battle-history"><small>It's not very effective...</small><br></div><div class="battle-history"><small>(The opposing Klinklang lost <abbr title="−4/323">1.2%</abbr> of its health!)</small><br></div><div class="spacer battle-history"><br></div><div class="battle-history">The opposing Klinklang used <strong>Volt Switch</strong>!<br></div><div class="battle-history"><small>(Jumpluff lost <abbr title="−57/354">16.1%</abbr> of its health!)</small><br></div><div class="battle-history"><small>The opposing Klinklang lost some of its HP!</small><br></div><div class="spacer battle-history"><br></div><div class="battle-history">The opposing Klinklang went back to Dandroid7!<br></div><div class="battle-history">Dandroid7 sent out Audino (<strong>Audino-Mega</strong>)!<br></div><div class="spacer battle-history"><br></div><div class="battle-history"><small>Jumpluff restored a little HP using its Leftovers!</small><br></div><div class="battle-history"><small>Jumpluff was hurt by poison!</small><br></div><div class="spacer battle-history"><br></div><h2 class="battle-history">Turn 43</h2><div class="spacer battle-history"><br></div><div class="battle-history">Jumpluff used <strong>Synthesis</strong>!<br></div><div class="battle-history"><small>Jumpluff restored its HP.</small><br></div><div class="spacer battle-history"><br></div><div class="battle-history">The opposing Audino used <strong>Flamethrower</strong>!<br></div><div class="battle-history"><small>It's super effective!</small><br></div><div class="battle-history"><small>(Jumpluff lost <abbr title="−114/354">32.2%</abbr> of its health!)</small><br></div><div class="spacer battle-history"><br></div><div class="battle-history"><small>Jumpluff restored a little HP using its Leftovers!</small><br></div><div class="battle-history"><small>Jumpluff was hurt by poison!</small><br></div><div class="spacer battle-history"><br></div><h2 class="battle-history">Turn 44</h2><div class="spacer battle-history"><br></div><div class="battle-history">Jumpluff used <strong>Leech Seed</strong>!<br></div><div class="battle-history"><small>The opposing Audino was seeded!</small><br></div><div class="spacer battle-history"><br></div><div class="battle-history">The opposing Audino used <strong>Wish</strong>!<br></div><div class="spacer battle-history"><br></div><div class="battle-history"><small>Jumpluff restored a little HP using its Leftovers!</small><br></div><div class="battle-history"><small>The opposing Audino's health is sapped by Leech Seed!</small><br></div><div class="battle-history"><small>Jumpluff was hurt by poison!</small><br></div><div class="spacer battle-history"><br></div><h2 class="battle-history">Turn 45</h2><div class="spacer battle-history"><br></div><div class="battle-history">Jumpluff used <strong>Infestation</strong>!<br></div><div class="battle-history"><small>It's not very effective...</small><br></div><div class="battle-history"><small>(The opposing Audino lost <abbr title="−3/410">0.7%</abbr> of its health!)</small><br></div><div class="battle-history"><small>The opposing Audino has been afflicted with an infestation by Jumpluff!</small><br></div><div class="spacer battle-history"><br></div><div class="battle-history">The opposing Audino used <strong>Flamethrower</strong>!<br></div><div class="battle-history"><small>It's super effective!</small><br></div><div class="battle-history"><small>(Jumpluff lost <abbr title="−118/354">33.3%</abbr> of its health!)</small><br></div><div class="spacer battle-history"><br></div><div class="battle-history"><small>Audino's wish came true!</small><br></div><div class="battle-history"><small>Jumpluff restored a little HP using its Leftovers!</small><br></div><div class="battle-history"><small>The opposing Audino's health is sapped by Leech Seed!</small><br></div><div class="battle-history"><small>Jumpluff was hurt by poison!</small><br></div><div class="battle-history"><small>The opposing Audino is hurt by Infestation!</small><br></div><div class="spacer battle-history"><br></div><h2 class="battle-history">Turn 46</h2><div class="spacer battle-history"><br></div><div class="battle-history">Jumpluff used <strong>Synthesis</strong>!<br></div><div class="battle-history"><small>Jumpluff restored its HP.</small><br></div><div class="spacer battle-history"><br></div><div class="battle-history">The opposing Audino used <strong>Wish</strong>!<br></div><div class="spacer battle-history"><br></div><div class="battle-history"><small>Jumpluff restored a little HP using its Leftovers!</small><br></div><div class="battle-history"><small>The opposing Audino's health is sapped by Leech Seed!</small><br></div><div class="battle-history"><small>Jumpluff was hurt by poison!</small><br></div><div class="battle-history"><small>The opposing Audino is hurt by Infestation!</small><br></div><div class="spacer battle-history"><br></div><h2 class="battle-history">Turn 47</h2><div class="spacer battle-history"><br></div><div class="battle-history">Jumpluff used <strong>Toxic</strong>!<br></div><div class="battle-history"><small>The opposing Audino was badly poisoned!</small><br></div><div class="spacer battle-history"><br></div><div class="battle-history">The opposing Audino used <strong>Flamethrower</strong>!<br></div><div class="battle-history"><small>It's super effective!</small><br></div><div class="battle-history"><small>(Jumpluff lost <abbr title="−114/354">32.2%</abbr> of its health!)</small><br></div><div class="spacer battle-history"><br></div><div class="battle-history"><small>Audino's wish came true!</small><br></div><div class="battle-history"><small>Jumpluff restored a little HP using its Leftovers!</small><br></div><div class="battle-history"><small>The opposing Audino's health is sapped by Leech Seed!</small><br></div><div class="battle-history"><small>Jumpluff was hurt by poison!</small><br></div><div class="battle-history"><small>The opposing Audino was hurt by poison!</small><br></div><div class="battle-history"><small>The opposing Audino is hurt by Infestation!</small><br></div><div class="spacer battle-history"><br></div><h2 class="battle-history">Turn 48</h2><div class="spacer battle-history"><br></div><div class="battle-history">Jumpluff, come back!<br></div><div class="battle-history">Go! <strong>Duosion</strong>!<br></div><div class="spacer battle-history"><br></div><div class="battle-history">The opposing Audino used <strong>Wish</strong>!<br></div><div class="spacer battle-history"><br></div><div class="battle-history"><small>The opposing Audino's health is sapped by Leech Seed!</small><br></div><div class="battle-history"><small>The opposing Audino was hurt by poison!</small><br></div><div class="spacer battle-history"><br></div><h2 class="battle-history">Turn 49</h2><div class="spacer battle-history"><br></div><div class="battle-history">Dandroid7 withdrew Audino!<br></div><div class="battle-history">Dandroid7 sent out <strong>Fraxure</strong>!<br></div><div class="battle-history"><small>[The opposing Fraxure's Mold Breaker]</small><br><small>The opposing Fraxure breaks the mold!</small><br></div><div class="spacer battle-history"><br></div><div class="battle-history">Duosion used <strong>Calm Mind</strong>!<br></div><div class="battle-history"><small>Duosion's Special Attack rose!</small><br></div><div class="battle-history"><small>Duosion's Special Defense rose!</small><br></div><div class="spacer battle-history"><br></div><div class="battle-history"><small>Audino's wish came true!</small><br></div><div class="spacer battle-history"><br></div><h2 class="battle-history">Turn 50</h2><div class="spacer battle-history"><br></div><div class="battle-history">Duosion used <strong>Acid Armor</strong>!<br></div><div class="battle-history"><small>Duosion's Defense rose sharply!</small><br></div><div class="spacer battle-history"><br></div><div class="battle-history">The opposing Fraxure used <strong>Roar</strong>!<br></div><div class="spacer battle-history"><br></div><div class="battle-history">Meowstic (<strong>Meowstic-F</strong>) was dragged out!<br></div><div class="battle-history"><small>Pointed stones dug into Meowstic!</small><br></div><div class="spacer battle-history"><br></div><div class="battle-history"><small>Meowstic restored a little HP using its Leftovers!</small><br></div><div class="spacer battle-history"><br></div><h2 class="battle-history">Turn 51</h2><div class="spacer battle-history"><br></div><div class="battle-history">Meowstic used <strong>Psyshock</strong>!<br></div><div class="battle-history"><small>(The opposing Fraxure lost <abbr title="−163/297">54.9%</abbr> of its health!)</small><br></div><div class="spacer battle-history"><br></div><div class="battle-history">The opposing Fraxure used <strong>Poison Jab</strong>!<br></div><div class="battle-history"><small>(Meowstic lost <abbr title="−98/290">33.8%</abbr> of its health!)</small><br></div><div class="battle-history"><small>Meowstic was poisoned!</small><br></div><div class="spacer battle-history"><br></div><div class="battle-history"><small>Meowstic restored a little HP using its Leftovers!</small><br></div><div class="battle-history"><small>Meowstic was hurt by poison!</small><br></div><div class="spacer battle-history"><br></div><h2 class="battle-history">Turn 52</h2><div class="spacer battle-history"><br></div><div class="battle-history">Meowstic used <strong>Psyshock</strong>!<br></div><div class="battle-history"><small>(The opposing Fraxure lost <abbr title="−90/297">30.3%</abbr> of its health!)</small><br></div><div class="spacer battle-history"><br></div><div class="battle-history">The opposing Fraxure fainted!<br></div><div class="spacer battle-history"><br></div><div class="battle-history"><small>Meowstic restored a little HP using its Leftovers!</small><br></div><div class="battle-history"><small>Meowstic was hurt by poison!</small><br></div><div class="spacer battle-history"><br></div><div class="battle-history">Dandroid7 sent out <strong>Quagsire</strong>!<br></div><div class="spacer battle-history"><br></div><h2 class="battle-history">Turn 53</h2><div class="spacer battle-history"><br></div><div class="battle-history">Meowstic used <strong>Psyshock</strong>!<br></div><div class="battle-history"><small>(The opposing Quagsire lost <abbr title="−114/394">28.9%</abbr> of its health!)</small><br></div><div class="spacer battle-history"><br></div><div class="battle-history">The opposing Quagsire used <strong>Recover</strong>!<br></div><div class="battle-history"><small>The opposing Quagsire restored its HP.</small><br></div><div class="spacer battle-history"><br></div><div class="battle-history"><small>Meowstic restored a little HP using its Leftovers!</small><br></div><div class="battle-history"><small>The opposing Quagsire restored a little HP using its Leftovers!</small><br></div><div class="battle-history"><small>Meowstic was hurt by poison!</small><br></div><div class="battle-history"><small>The opposing Quagsire was hurt by poison!</small><br></div><div class="spacer battle-history"><br></div><h2 class="battle-history">Turn 54</h2><div class="chat"><small>uhgftghjknhg left.</small></div><div class="spacer battle-history"><br></div><div class="battle-history"><small>uhgftghjknhg lost due to inactivity.</small><br></div><div class="spacer battle-history"><br></div><div class="battle-history"><strong>Dandroid7</strong> won the battle!<br></div></div><div class="inner-preempt"></div></div></div>
</div>
<script>
let daily = Math.floor(Date.now()/1000/60/60/24);document.write('<script src="https://play.pokemonshowdown.com/js/replay-embed.js?version'+daily+'"></'+'script>');
</script>
