<!DOCTYPE html>
<meta charset="utf-8" />
<!-- version 1 -->
<title>NU replay: Dracometeo076 vs. The Asian Cuckling</title>
<style>
html,body {font-family:Verdana, sans-serif;font-size:10pt;margin:0;padding:0;}body{padding:12px 0;} .battle-log {font-family:Verdana, sans-serif;font-size:10pt;} .battle-log-inline {border:1px solid #AAAAAA;background:#EEF2F5;color:black;max-width:640px;margin:0 auto 80px;padding-bottom:5px;} .battle-log .inner {padding:4px 8px 0px 8px;} .battle-log .inner-preempt {padding:0 8px 4px 8px;} .battle-log .inner-after {margin-top:0.5em;} .battle-log h2 {margin:0.5em -8px;padding:4px 8px;border:1px solid #AAAAAA;background:#E0E7EA;border-left:0;border-right:0;font-family:Verdana, sans-serif;font-size:13pt;} .battle-log .chat {vertical-align:middle;padding:3px 0 3px 0;font-size:8pt;} .battle-log .chat strong {color:#40576A;} .battle-log .chat em {padding:1px 4px 1px 3px;color:#000000;font-style:normal;} .chat.mine {background:rgba(0,0,0,0.05);margin-left:-8px;margin-right:-8px;padding-left:8px;padding-right:8px;} .spoiler {color:#BBBBBB;background:#BBBBBB;padding:0px 3px;} .spoiler:hover, .spoiler:active, .spoiler-shown {color:#000000;background:#E2E2E2;padding:0px 3px;} .spoiler a {color:#BBBBBB;} .spoiler:hover a, .spoiler:active a, .spoiler-shown a {color:#2288CC;} .chat code, .chat .spoiler:hover code, .chat .spoiler:active code, .chat .spoiler-shown code {border:1px solid #C0C0C0;background:#EEEEEE;color:black;padding:0 2px;} .chat .spoiler code {border:1px solid #CCCCCC;background:#CCCCCC;color:#CCCCCC;} .battle-log .rated {padding:3px 4px;} .battle-log .rated strong {color:white;background:#89A;padding:1px 4px;border-radius:4px;} .spacer {margin-top:0.5em;} .message-announce {background:#6688AA;color:white;padding:1px 4px 2px;} .message-announce a, .broadcast-green a, .broadcast-blue a, .broadcast-red a {color:#DDEEFF;} .broadcast-green {background-color:#559955;color:white;padding:2px 4px;} .broadcast-blue {background-color:#6688AA;color:white;padding:2px 4px;} .infobox {border:1px solid #6688AA;padding:2px 4px;} .infobox-limited {max-height:200px;overflow:auto;overflow-x:hidden;} .broadcast-red {background-color:#AA5544;color:white;padding:2px 4px;} .message-learn-canlearn {font-weight:bold;color:#228822;text-decoration:underline;} .message-learn-cannotlearn {font-weight:bold;color:#CC2222;text-decoration:underline;} .message-effect-weak {font-weight:bold;color:#CC2222;} .message-effect-resist {font-weight:bold;color:#6688AA;} .message-effect-immune {font-weight:bold;color:#666666;} .message-learn-list {margin-top:0;margin-bottom:0;} .message-throttle-notice, .message-error {color:#992222;} .message-overflow, .chat small.message-overflow {font-size:0pt;} .message-overflow::before {font-size:9pt;content:'...';} .subtle {color:#3A4A66;}
</style>
<div class="wrapper replay-wrapper" style="max-width:1180px;margin:0 auto">
<input type="hidden" name="replayid" value="nu-508768500" />
<div class="battle"></div><div class="battle-log"></div><div class="replay-controls"></div><div class="replay-controls-2"></div>
<h1 style="font-weight:normal;text-align:center"><strong>NU</strong><br /><a href="http://pokemonshowdown.com/users/dracometeo076" class="subtle" target="_blank">Dracometeo076</a> vs. <a href="http://pokemonshowdown.com/users/theasiancuckling" class="subtle" target="_blank">The Asian Cuckling</a></h1>
<script type="text/plain" class="battle-log-data">|j|Dracometeo076
|j|The Asian Cuckling
|player|p1|Dracometeo076|79
|player|p2|The Asian Cuckling|242
|gametype|singles
|gen|6
|tier|NU
|rated
|seed|52494,36372,46429,55520
|rule|Sleep Clause Mod: Limit one foe put to sleep
|rule|Species Clause: Limit one of each Pokémon
|rule|OHKO Clause: OHKO moves are banned
|rule|Moody Clause: Moody is banned
|rule|Evasion Moves Clause: Evasion moves are banned
|rule|Endless Battle Clause: Forcing endless battles is banned
|rule|HP Percentage Mod: HP is shown in percentages
|clearpoke
|poke|p1|Lanturn, F|item
|poke|p1|Claydol|item
|poke|p1|Vivillon-Ocean, F|item
|poke|p1|Throh, M|item
|poke|p1|Jynx, F|item
|poke|p1|Magmortar, M|item
|poke|p2|Dedenne, M|item
|poke|p2|Victreebel, M|item
|poke|p2|Claydol|item
|poke|p2|Barbaracle, F|item
|poke|p2|Combusken, M|item
|poke|p2|Skuntank, M|item
|rule|Swagger Clause: Swagger is banned
|rule|Baton Pass Clause: Limit one Baton Passer, can't pass Spe and other stats simultaneously
|teampreview
|c|★The Asian Cuckling|u forgot
|c|★The Asian Cuckling|the r
|c|★Dracometeo076|?
|c|★The Asian Cuckling|in draco meteor
|c|★The Asian Cuckling|im sorry
|choice|team 2, team 1, team 3, team 4, team 5, team 6|team 2, team 1, team 3, team 4, team 5, team 6
|
|start
|switch|p1a: Claydol|Claydol|324\/324
|switch|p2a: Verlisfy|Victreebel, M|364\/364
|turn|1
|c|★Dracometeo076|oh! no its on purpose
|c|★The Asian Cuckling|but im a rood
|choice|move stealthrock|move stockpile
|
|move|p1a: Claydol|Stealth Rock|p2a: Verlisfy
|-sidestart|p2: The Asian Cuckling|move: Stealth Rock
|move|p2a: Verlisfy|Stockpile|p2a: Verlisfy
|-start|p2a: Verlisfy|stockpile1
|-boost|p2a: Verlisfy|def|1
|-boost|p2a: Verlisfy|spd|1
|
|upkeep
|turn|2
|choice|move healblock|move stockpile
|
|move|p1a: Claydol|Heal Block|p2a: Verlisfy
|-start|p2a: Verlisfy|move: Heal Block
|move|p2a: Verlisfy|Stockpile|p2a: Verlisfy
|-start|p2a: Verlisfy|stockpile2
|-boost|p2a: Verlisfy|def|1
|-boost|p2a: Verlisfy|spd|1
|
|upkeep
|turn|3
|c|★The Asian Cuckling|nyooooo
|choice|switch 5|move stockpile
|
|switch|p1a: Jynx|Jynx, F|271\/271
|move|p2a: Verlisfy|Stockpile|p2a: Verlisfy
|-start|p2a: Verlisfy|stockpile3
|-boost|p2a: Verlisfy|def|1
|-boost|p2a: Verlisfy|spd|1
|
|upkeep
|turn|4
|choice|move calmmind|move acidspray
|
|move|p1a: Jynx|Calm Mind|p1a: Jynx
|-boost|p1a: Jynx|spa|1
|-boost|p1a: Jynx|spd|1
|move|p2a: Verlisfy|Acid Spray|p1a: Jynx
|-damage|p1a: Jynx|235\/271
|-unboost|p1a: Jynx|spd|2
|
|upkeep
|turn|5
|c|★The Asian Cuckling|a hue
|choice|move shadowball|move clearsmog
|
|move|p1a: Jynx|Shadow Ball|p2a: Verlisfy
|-damage|p2a: Verlisfy|291\/364
|-damage|p1a: Jynx|208\/271|[from] item: Life Orb
|move|p2a: Verlisfy|Clear Smog|p1a: Jynx
|-damage|p1a: Jynx|112\/271
|-clearboost|p1a: Jynx
|
|upkeep
|turn|6
|c|★The Asian Cuckling|acid spray
|c|★The Asian Cuckling|clear smog
|choice|move wringout|move acidspray
|
|move|p1a: Jynx|Wring Out|p2a: Verlisfy
|-damage|p2a: Verlisfy|223\/364
|-damage|p1a: Jynx|85\/271|[from] item: Life Orb
|move|p2a: Verlisfy|Acid Spray|p1a: Jynx
|-damage|p1a: Jynx|31\/271
|-unboost|p1a: Jynx|spd|2
|
|-end|p2a: Verlisfy|move: Heal Block
|upkeep
|turn|7
|choice|move drainingkiss|move gigadrain
|
|move|p1a: Jynx|Draining Kiss|p2a: Verlisfy
|-resisted|p2a: Verlisfy
|-damage|p2a: Verlisfy|207\/364
|-heal|p1a: Jynx|43\/271|[from] drain|[of] p2a: Verlisfy
|-damage|p1a: Jynx|16\/271|[from] item: Life Orb
|move|p2a: Verlisfy|Giga Drain|p1a: Jynx
|-damage|p1a: Jynx|0 fnt
|-heal|p2a: Verlisfy|215\/364|[from] drain|[of] p1a: Jynx
|faint|p1a: Jynx
|
|-heal|p2a: Verlisfy|237\/364|[from] item: Black Sludge
|upkeep
|choice|switch 6|
|
|switch|p1a: Magmortar|Magmortar, M|291\/291
|turn|8
|c|★The Asian Cuckling|well
|c|★The Asian Cuckling|rip
|choice|move flamecharge|switch 6
|
|switch|p2a: skanktun|Skuntank, M|410\/410
|-damage|p2a: skanktun|359\/410|[from] Stealth Rock
|move|p1a: Magmortar|Flame Charge|p2a: skanktun
|-damage|p2a: skanktun|254\/410
|-boost|p1a: Magmortar|spe|1
|
|-heal|p2a: skanktun|279\/410|[from] item: Black Sludge
|upkeep
|turn|9
|choice|switch 4|move toxic
|
|switch|p1a: Throh|Throh, M|444\/444
|move|p2a: skanktun|Toxic|p1a: Throh
|-status|p1a: Throh|tox
|
|-heal|p2a: skanktun|304\/410|[from] item: Black Sludge
|-damage|p1a: Throh|417\/444 tox|[from] psn
|upkeep
|turn|10
|choice|move icepunch|move poisonjab
|
|move|p2a: skanktun|Poison Jab|p1a: Throh
|-crit|p1a: Throh
|-damage|p1a: Throh|272\/444 tox
|move|p1a: Throh|Ice Punch|p2a: skanktun
|-damage|p2a: skanktun|123\/410
|
|-heal|p2a: skanktun|148\/410|[from] item: Black Sludge
|-damage|p1a: Throh|218\/444 tox|[from] psn
|upkeep
|turn|11
|choice|move knockoff|switch 3
|
|switch|p2a: Just Claydol|Claydol|324\/324
|-damage|p2a: Just Claydol|304\/324|[from] Stealth Rock
|move|p1a: Throh|Knock Off|p2a: Just Claydol
|-supereffective|p2a: Just Claydol
|-damage|p2a: Just Claydol|96\/324
|-enditem|p2a: Just Claydol|Leftovers|[from] move: Knock Off|[of] p1a: Throh
|
|-damage|p1a: Throh|137\/444 tox|[from] psn
|upkeep
|turn|12
|choice|move icepunch|move rapidspin
|
|move|p2a: Just Claydol|Rapid Spin|p1a: Throh
|-damage|p1a: Throh|127\/444 tox
|-sideend|p2: The Asian Cuckling|Stealth Rock|[from] move: Rapid Spin|[of] p2a: Just Claydol
|move|p1a: Throh|Ice Punch|p2a: Just Claydol
|-supereffective|p2a: Just Claydol
|-damage|p2a: Just Claydol|0 fnt
|faint|p2a: Just Claydol
|
|-damage|p1a: Throh|19\/444 tox|[from] psn
|upkeep
|choice||switch 5
|
|switch|p2a: sped boots|Combusken, M|261\/261
|turn|13
|choice|move knockoff|move substitute
|
|move|p2a: sped boots|Substitute|p2a: sped boots
|-start|p2a: sped boots|Substitute
|-damage|p2a: sped boots|196\/261
|move|p1a: Throh|Knock Off|p2a: sped boots
|-resisted|p2a: sped boots
|-end|p2a: sped boots|Substitute
|
|-damage|p1a: Throh|0 fnt|[from] psn
|-ability|p2a: sped boots|Speed Boost|boost
|-boost|p2a: sped boots|spe|1
|upkeep
|faint|p1a: Throh
|choice|switch 3|
|
|switch|p1a: Vivillon|Vivillon-Ocean, F|301\/301
|turn|14
|choice|move powder|move flareblitz
|
|move|p1a: Vivillon|Powder|p2a: sped boots
|-singleturn|p2a: sped boots|Powder
|move|p2a: sped boots|Flare Blitz|p1a: Vivillon
|-activate|p2a: sped boots|move: Powder
|-damage|p2a: sped boots|131\/261|[silent]
|
|-ability|p2a: sped boots|Speed Boost|boost
|-boost|p2a: sped boots|spe|1
|upkeep
|turn|15
|choice|move powder|switch 2
|
|switch|p2a: Mimiqueer|Dedenne, M|276\/276
|move|p1a: Vivillon|Powder|p2a: Mimiqueer
|-singleturn|p2a: Mimiqueer|Powder
|
|upkeep
|turn|16
|c|★The Asian Cuckling|i exploded
|c|★Dracometeo076|yup
|choice|switch 5|move substitute
|
|switch|p1a: Claydol|Claydol|324\/324
|move|p2a: Mimiqueer|Substitute|p2a: Mimiqueer
|-start|p2a: Mimiqueer|Substitute
|-damage|p2a: Mimiqueer|207\/276
|
|upkeep
|turn|17
|choice|move stealthrock|switch 6
|
|switch|p2a: Verlisfy|Victreebel, M|237\/364
|move|p1a: Claydol|Stealth Rock|p2a: Verlisfy
|-sidestart|p2: The Asian Cuckling|move: Stealth Rock
|
|-heal|p2a: Verlisfy|259\/364|[from] item: Black Sludge
|upkeep
|turn|18
|choice|switch 5|move stockpile
|
|switch|p1a: Vivillon|Vivillon-Ocean, F|301\/301
|move|p2a: Verlisfy|Stockpile|p2a: Verlisfy
|-start|p2a: Verlisfy|stockpile1
|-boost|p2a: Verlisfy|def|1
|-boost|p2a: Verlisfy|spd|1
|
|-heal|p2a: Verlisfy|281\/364|[from] item: Black Sludge
|upkeep
|turn|19
|choice|move quiverdance|move stockpile
|
|move|p1a: Vivillon|Quiver Dance|p1a: Vivillon
|-boost|p1a: Vivillon|spa|1
|-boost|p1a: Vivillon|spd|1
|-boost|p1a: Vivillon|spe|1
|move|p2a: Verlisfy|Stockpile|p2a: Verlisfy
|-start|p2a: Verlisfy|stockpile2
|-boost|p2a: Verlisfy|def|1
|-boost|p2a: Verlisfy|spd|1
|
|-heal|p2a: Verlisfy|303\/364|[from] item: Black Sludge
|upkeep
|turn|20
|choice|move quiverdance|move clearsmog
|
|move|p1a: Vivillon|Quiver Dance|p1a: Vivillon
|-boost|p1a: Vivillon|spa|1
|-boost|p1a: Vivillon|spd|1
|-boost|p1a: Vivillon|spe|1
|move|p2a: Verlisfy|Clear Smog|p1a: Vivillon
|-crit|p1a: Vivillon
|-damage|p1a: Vivillon|144\/301
|-clearboost|p1a: Vivillon
|
|-heal|p2a: Verlisfy|325\/364|[from] item: Black Sludge
|upkeep
|turn|21
|c|★The Asian Cuckling|sry 5 crit
|choice|switch 4|move stockpile
|
|switch|p1a: Magmortar|Magmortar, M|291\/291
|move|p2a: Verlisfy|Stockpile|p2a: Verlisfy
|-start|p2a: Verlisfy|stockpile3
|-boost|p2a: Verlisfy|def|1
|-boost|p2a: Verlisfy|spd|1
|
|-heal|p2a: Verlisfy|347\/364|[from] item: Black Sludge
|upkeep
|turn|22
|c|★Dracometeo076|oh no its fine
|choice|move flamecharge|move acidspray
|
|move|p1a: Magmortar|Flame Charge|p2a: Verlisfy
|-supereffective|p2a: Verlisfy
|-crit|p2a: Verlisfy
|-damage|p2a: Verlisfy|119\/364
|-boost|p1a: Magmortar|spe|1
|move|p2a: Verlisfy|Acid Spray|p1a: Magmortar
|-damage|p1a: Magmortar|239\/291
|-unboost|p1a: Magmortar|spd|2
|
|-heal|p2a: Verlisfy|141\/364|[from] item: Black Sludge
|upkeep
|turn|23
|choice|move flamecharge|move clearsmog
|
|move|p1a: Magmortar|Flame Charge|p2a: Verlisfy
|-supereffective|p2a: Verlisfy
|-damage|p2a: Verlisfy|75\/364
|-boost|p1a: Magmortar|spe|1
|move|p2a: Verlisfy|Clear Smog|p1a: Magmortar
|-damage|p1a: Magmortar|116\/291
|-clearboost|p1a: Magmortar
|
|-heal|p2a: Verlisfy|97\/364|[from] item: Black Sludge
|upkeep
|turn|24
|choice|move flamecharge|move acidspray
|
|move|p1a: Magmortar|Flame Charge|p2a: Verlisfy
|-supereffective|p2a: Verlisfy
|-damage|p2a: Verlisfy|31\/364
|-boost|p1a: Magmortar|spe|1
|move|p2a: Verlisfy|Acid Spray|p1a: Magmortar
|-damage|p1a: Magmortar|68\/291
|-unboost|p1a: Magmortar|spd|2
|
|-heal|p2a: Verlisfy|53\/364|[from] item: Black Sludge
|upkeep
|turn|25
|choice|move flamecharge|move clearsmog
|
|move|p1a: Magmortar|Flame Charge|p2a: Verlisfy
|-supereffective|p2a: Verlisfy
|-damage|p2a: Verlisfy|0 fnt
|-boost|p1a: Magmortar|spe|1
|faint|p2a: Verlisfy
|
|upkeep
|choice||switch 4
|
|switch|p2a: best design|Barbaracle, F|285\/285
|-damage|p2a: best design|250\/285|[from] Stealth Rock
|turn|26
|c|★Dracometeo076|FINALLY
|choice|switch 2|move shellsmash
|
|switch|p1a: Lanturn|Lanturn, F|454\/454
|move|p2a: best design|Shell Smash|p2a: best design
|-unboost|p2a: best design|def|1
|-unboost|p2a: best design|spd|1
|-boost|p2a: best design|atk|2
|-boost|p2a: best design|spa|2
|-boost|p2a: best design|spe|2
|-enditem|p2a: best design|White Herb
|-clearnegativeboost|p2a: best design|[silent]
|
|upkeep
|turn|27
|c|★The Asian Cuckling|rip
|c|★The Asian Cuckling|verlisfy
|choice|move voltswitch|move stoneedge
|
|move|p2a: best design|Stone Edge|p1a: Lanturn
|-damage|p1a: Lanturn|0 fnt
|faint|p1a: Lanturn
|
|upkeep
|c|★Dracometeo076|rip lanturn
|c|★The Asian Cuckling|felsbad4wolfpack
|choice|switch 2|
|
|switch|p1a: Magmortar|Magmortar, M|68\/291
|turn|28
|choice|move machpunch|move razorshell
|
|move|p1a: Magmortar|Mach Punch|p2a: best design
|-supereffective|p2a: best design
|-damage|p2a: best design|178\/285
|move|p2a: best design|Razor Shell|p1a: Magmortar
|-supereffective|p1a: Magmortar
|-damage|p1a: Magmortar|0 fnt
|faint|p1a: Magmortar
|
|upkeep
|choice|switch 5|
|
|switch|p1a: Claydol|Claydol|324\/324
|turn|29
|choice|move chargebeam|move razorshell
|
|move|p2a: best design|Razor Shell|p1a: Claydol
|-supereffective|p1a: Claydol
|-damage|p1a: Claydol|0 fnt
|faint|p1a: Claydol
|
|upkeep
|c|★Dracometeo076|welp gg
|choice|switch 4|
|
|switch|p1a: Vivillon|Vivillon-Ocean, F|144\/301
|turn|30
|c|★The Asian Cuckling|gg
|choice|move stunspore|move razorshell
|
|move|p2a: best design|Razor Shell|p1a: Vivillon
|-crit|p1a: Vivillon
|-damage|p1a: Vivillon|0 fnt
|faint|p1a: Vivillon
|
|win|The Asian Cuckling
|player|p1
|player|p2
|l|Dracometeo076
|c|★The Asian Cuckling|claws be 2 tuff</script>
</div>
<div class="battle-log battle-log-inline"><div class="inner"><div class="battle-options"></div><div class="inner"><div class="chat"><small>Dracometeo076 joined.</small></div><div class="chat"><small>The Asian Cuckling joined.</small></div><div class=""><small>Format:</small> <br><strong>NU</strong></div><div class="rated"><strong>Rated battle</strong></div><div class=""><small><em>Sleep Clause Mod:</em> Limit one foe put to sleep</small></div><div class=""><small><em>Species Clause:</em> Limit one of each Pokémon</small></div><div class=""><small><em>OHKO Clause:</em> OHKO moves are banned</small></div><div class=""><small><em>Moody Clause:</em> Moody is banned</small></div><div class=""><small><em>Evasion Moves Clause:</em> Evasion moves are banned</small></div><div class=""><small><em>Endless Battle Clause:</em> Forcing endless battles is banned</small></div><div class=""><small><em>HP Percentage Mod:</em> HP is shown in percentages</small></div><div class=""><small><em>Swagger Clause:</em> Swagger is banned</small></div><div class=""><small><em>Baton Pass Clause:</em> Limit one Baton Passer, can't pass Spe and other stats simultaneously</small></div><div class="chat battle-history"><strong>Dracometeo076's team:</strong> <em style="color:#445566;display:block;">Lanturn / Claydol / Vivillon-Ocean / Throh / Jynx / Magmortar</em></div><div class="chat battle-history"><strong>The Asian Cuckling's team:</strong> <em style="color:#445566;display:block;">Dedenne / Victreebel / Claydol / Barbaracle / Combusken / Skuntank</em></div><div class="chat chatmessage-theasiancuckling"><strong style="color:hsl(76,77%,34.09536551949517%)"><small>★</small><span class="username" data-name="The Asian Cuckling">The Asian Cuckling</span>:</strong> <em>u forgot</em></div><div class="chat chatmessage-theasiancuckling"><strong style="color:hsl(76,77%,34.09536551949517%)"><small>★</small><span class="username" data-name="The Asian Cuckling">The Asian Cuckling</span>:</strong> <em>the r</em></div><div class="chat chatmessage-dracometeo076"><strong style="color:hsl(3,50%,50.6012946122%)"><small>★</small><span class="username" data-name="Dracometeo076">Dracometeo076</span>:</strong> <em>?</em></div><div class="chat chatmessage-theasiancuckling"><strong style="color:hsl(76,77%,34.09536551949517%)"><small>★</small><span class="username" data-name="The Asian Cuckling">The Asian Cuckling</span>:</strong> <em>in draco meteor</em></div><div class="chat chatmessage-theasiancuckling"><strong style="color:hsl(76,77%,34.09536551949517%)"><small>★</small><span class="username" data-name="The Asian Cuckling">The Asian Cuckling</span>:</strong> <em>im sorry</em></div><div class="spacer battle-history"><br></div><div class="battle-history">Battle started between Dracometeo076 and The Asian Cuckling!<br></div><div class="spacer battle-history"><br></div><div class="battle-history">Go! <strong>Claydol</strong>!<br></div><div class="spacer battle-history"><br></div><div class="battle-history">The Asian Cuckling sent out Verlisfy (<strong>Victreebel</strong>)!<br></div><div class="spacer battle-history"><br></div><h2 class="battle-history">Turn 1</h2><div class="chat chatmessage-dracometeo076"><strong style="color:hsl(3,50%,50.6012946122%)"><small>★</small><span class="username" data-name="Dracometeo076">Dracometeo076</span>:</strong> <em>oh! no its on purpose</em></div><div class="chat chatmessage-theasiancuckling"><strong style="color:hsl(76,77%,34.09536551949517%)"><small>★</small><span class="username" data-name="The Asian Cuckling">The Asian Cuckling</span>:</strong> <em>but im a rood</em></div><div class="spacer battle-history"><br></div><div class="battle-history">Claydol used <strong>Stealth Rock</strong>!<br></div><div class="battle-history"><small>Pointed stones float in the air around the opposing team!</small><br></div><div class="spacer battle-history"><br></div><div class="battle-history">The opposing Verlisfy used <strong>Stockpile</strong>!<br></div><div class="battle-history"><small>The opposing Verlisfy stockpiled 1!</small><br></div><div class="battle-history"><small>The opposing Verlisfy's Defense rose!</small><br></div><div class="battle-history"><small>The opposing Verlisfy's Special Defense rose!</small><br></div><div class="spacer battle-history"><br></div><h2 class="battle-history">Turn 2</h2><div class="spacer battle-history"><br></div><div class="battle-history">Claydol used <strong>Heal Block</strong>!<br></div><div class="battle-history"><small>The opposing Verlisfy was prevented from healing!</small><br></div><div class="spacer battle-history"><br></div><div class="battle-history">The opposing Verlisfy used <strong>Stockpile</strong>!<br></div><div class="battle-history"><small>The opposing Verlisfy stockpiled 2!</small><br></div><div class="battle-history"><small>The opposing Verlisfy's Defense rose!</small><br></div><div class="battle-history"><small>The opposing Verlisfy's Special Defense rose!</small><br></div><div class="spacer battle-history"><br></div><h2 class="battle-history">Turn 3</h2><div class="chat chatmessage-theasiancuckling"><strong style="color:hsl(76,77%,34.09536551949517%)"><small>★</small><span class="username" data-name="The Asian Cuckling">The Asian Cuckling</span>:</strong> <em>nyooooo</em></div><div class="spacer battle-history"><br></div><div class="battle-history">Claydol, come back!<br></div><div class="battle-history">Go! <strong>Jynx</strong>!<br></div><div class="spacer battle-history"><br></div><div class="battle-history">The opposing Verlisfy used <strong>Stockpile</strong>!<br></div><div class="battle-history"><small>The opposing Verlisfy stockpiled 3!</small><br></div><div class="battle-history"><small>The opposing Verlisfy's Defense rose!</small><br></div><div class="battle-history"><small>The opposing Verlisfy's Special Defense rose!</small><br></div><div class="spacer battle-history"><br></div><h2 class="battle-history">Turn 4</h2><div class="spacer battle-history"><br></div><div class="battle-history">Jynx used <strong>Calm Mind</strong>!<br></div><div class="battle-history"><small>Jynx's Special Attack rose!</small><br></div><div class="battle-history"><small>Jynx's Special Defense rose!</small><br></div><div class="spacer battle-history"><br></div><div class="battle-history">The opposing Verlisfy used <strong>Acid Spray</strong>!<br></div><div class="battle-history"><small>(Jynx lost <abbr title="−36/271">13.3%</abbr> of its health!)</small><br></div><div class="battle-history"><small>Jynx's Special Defense fell harshly!</small><br></div><div class="spacer battle-history"><br></div><h2 class="battle-history">Turn 5</h2><div class="chat chatmessage-theasiancuckling"><strong style="color:hsl(76,77%,34.09536551949517%)"><small>★</small><span class="username" data-name="The Asian Cuckling">The Asian Cuckling</span>:</strong> <em>a hue</em></div><div class="spacer battle-history"><br></div><div class="battle-history">Jynx used <strong>Shadow Ball</strong>!<br></div><div class="battle-history"><small>(The opposing Verlisfy lost <abbr title="−73/364">20.1%</abbr> of its health!)</small><br></div><div class="battle-history"><small>Jynx lost some of its HP!</small><br></div><div class="spacer battle-history"><br></div><div class="battle-history">The opposing Verlisfy used <strong>Clear Smog</strong>!<br></div><div class="battle-history"><small>(Jynx lost <abbr title="−96/271">35.4%</abbr> of its health!)</small><br></div><div class="battle-history"><small>Jynx's stat changes were removed!</small><br></div><div class="spacer battle-history"><br></div><h2 class="battle-history">Turn 6</h2><div class="chat chatmessage-theasiancuckling"><strong style="color:hsl(76,77%,34.09536551949517%)"><small>★</small><span class="username" data-name="The Asian Cuckling">The Asian Cuckling</span>:</strong> <em>acid spray</em></div><div class="chat chatmessage-theasiancuckling"><strong style="color:hsl(76,77%,34.09536551949517%)"><small>★</small><span class="username" data-name="The Asian Cuckling">The Asian Cuckling</span>:</strong> <em>clear smog</em></div><div class="spacer battle-history"><br></div><div class="battle-history">Jynx used <strong>Wring Out</strong>!<br></div><div class="battle-history"><small>(The opposing Verlisfy lost <abbr title="−68/364">18.7%</abbr> of its health!)</small><br></div><div class="battle-history"><small>Jynx lost some of its HP!</small><br></div><div class="spacer battle-history"><br></div><div class="battle-history">The opposing Verlisfy used <strong>Acid Spray</strong>!<br></div><div class="battle-history"><small>(Jynx lost <abbr title="−54/271">19.9%</abbr> of its health!)</small><br></div><div class="battle-history"><small>Jynx's Special Defense fell harshly!</small><br></div><div class="spacer battle-history"><br></div><div class="battle-history"><small>The opposing Verlisfy's Heal Block wore off!</small><br></div><div class="spacer battle-history"><br></div><h2 class="battle-history">Turn 7</h2><div class="spacer battle-history"><br></div><div class="battle-history">Jynx used <strong>Draining Kiss</strong>!<br></div><div class="battle-history"><small>It's not very effective...</small><br></div><div class="battle-history"><small>(The opposing Verlisfy lost <abbr title="−16/364">4.4%</abbr> of its health!)</small><br></div><div class="battle-history"><small>The opposing Verlisfy had its energy drained!</small><br></div><div class="battle-history"><small>Jynx lost some of its HP!</small><br></div><div class="spacer battle-history"><br></div><div class="battle-history">The opposing Verlisfy used <strong>Giga Drain</strong>!<br></div><div class="battle-history"><small>(Jynx lost <abbr title="−16/271">5.9%</abbr> of its health!)</small><br></div><div class="battle-history"><small>Jynx had its energy drained!</small><br></div><div class="spacer battle-history"><br></div><div class="battle-history">Jynx fainted!<br></div><div class="spacer battle-history"><br></div><div class="battle-history"><small>The opposing Verlisfy restored a little HP using its Black Sludge!</small><br></div><div class="spacer battle-history"><br></div><div class="battle-history">Go! <strong>Magmortar</strong>!<br></div><div class="spacer battle-history"><br></div><h2 class="battle-history">Turn 8</h2><div class="chat chatmessage-theasiancuckling"><strong style="color:hsl(76,77%,34.09536551949517%)"><small>★</small><span class="username" data-name="The Asian Cuckling">The Asian Cuckling</span>:</strong> <em>well</em></div><div class="chat chatmessage-theasiancuckling"><strong style="color:hsl(76,77%,34.09536551949517%)"><small>★</small><span class="username" data-name="The Asian Cuckling">The Asian Cuckling</span>:</strong> <em>rip</em></div><div class="spacer battle-history"><br></div><div class="battle-history">The Asian Cuckling withdrew Verlisfy!<br></div><div class="battle-history">The Asian Cuckling sent out skanktun (<strong>Skuntank</strong>)!<br></div><div class="battle-history"><small>Pointed stones dug into the opposing skanktun!</small><br></div><div class="spacer battle-history"><br></div><div class="battle-history">Magmortar used <strong>Flame Charge</strong>!<br></div><div class="battle-history"><small>(The opposing skanktun lost <abbr title="−105/410">25.6%</abbr> of its health!)</small><br></div><div class="battle-history"><small>Magmortar's Speed rose!</small><br></div><div class="spacer battle-history"><br></div><div class="battle-history"><small>The opposing skanktun restored a little HP using its Black Sludge!</small><br></div><div class="spacer battle-history"><br></div><h2 class="battle-history">Turn 9</h2><div class="spacer battle-history"><br></div><div class="battle-history">Magmortar, come back!<br></div><div class="battle-history">Go! <strong>Throh</strong>!<br></div><div class="spacer battle-history"><br></div><div class="battle-history">The opposing skanktun used <strong>Toxic</strong>!<br></div><div class="battle-history"><small>Throh was badly poisoned!</small><br></div><div class="spacer battle-history"><br></div><div class="battle-history"><small>The opposing skanktun restored a little HP using its Black Sludge!</small><br></div><div class="battle-history"><small>Throh was hurt by poison!</small><br></div><div class="spacer battle-history"><br></div><h2 class="battle-history">Turn 10</h2><div class="spacer battle-history"><br></div><div class="battle-history">The opposing skanktun used <strong>Poison Jab</strong>!<br></div><div class="battle-history"><small>A critical hit!</small><br></div><div class="battle-history"><small>(Throh lost <abbr title="−145/444">32.7%</abbr> of its health!)</small><br></div><div class="spacer battle-history"><br></div><div class="battle-history">Throh used <strong>Ice Punch</strong>!<br></div><div class="battle-history"><small>(The opposing skanktun lost <abbr title="−181/410">44.1%</abbr> of its health!)</small><br></div><div class="spacer battle-history"><br></div><div class="battle-history"><small>The opposing skanktun restored a little HP using its Black Sludge!</small><br></div><div class="battle-history"><small>Throh was hurt by poison!</small><br></div><div class="spacer battle-history"><br></div><h2 class="battle-history">Turn 11</h2><div class="spacer battle-history"><br></div><div class="battle-history">The Asian Cuckling withdrew skanktun!<br></div><div class="battle-history">The Asian Cuckling sent out Just Claydol (<strong>Claydol</strong>)!<br></div><div class="battle-history"><small>Pointed stones dug into the opposing Just Claydol!</small><br></div><div class="spacer battle-history"><br></div><div class="battle-history">Throh used <strong>Knock Off</strong>!<br></div><div class="battle-history"><small>It's super effective!</small><br></div><div class="battle-history"><small>(The opposing Just Claydol lost <abbr title="−208/324">64.2%</abbr> of its health!)</small><br></div><div class="battle-history"><small>Throh knocked off the opposing Just Claydol's Leftovers!</small><br></div><div class="spacer battle-history"><br></div><div class="battle-history"><small>Throh was hurt by poison!</small><br></div><div class="spacer battle-history"><br></div><h2 class="battle-history">Turn 12</h2><div class="spacer battle-history"><br></div><div class="battle-history">The opposing Just Claydol used <strong>Rapid Spin</strong>!<br></div><div class="battle-history"><small>(Throh lost <abbr title="−10/444">2.3%</abbr> of its health!)</small><br></div><div class="battle-history"><small>The pointed stones disappeared from around the opposing team!</small><br></div><div class="spacer battle-history"><br></div><div class="battle-history">Throh used <strong>Ice Punch</strong>!<br></div><div class="battle-history"><small>It's super effective!</small><br></div><div class="battle-history"><small>(The opposing Just Claydol lost <abbr title="−96/324">29.6%</abbr> of its health!)</small><br></div><div class="spacer battle-history"><br></div><div class="battle-history">The opposing Just Claydol fainted!<br></div><div class="spacer battle-history"><br></div><div class="battle-history"><small>Throh was hurt by poison!</small><br></div><div class="spacer battle-history"><br></div><div class="battle-history">The Asian Cuckling sent out sped boots (<strong>Combusken</strong>)!<br></div><div class="spacer battle-history"><br></div><h2 class="battle-history">Turn 13</h2><div class="spacer battle-history"><br></div><div class="battle-history">The opposing sped boots used <strong>Substitute</strong>!<br></div><div class="battle-history"><small>The opposing sped boots put in a substitute!</small><br></div><div class="battle-history"><small>(The opposing sped boots lost <abbr title="−65/261">24.9%</abbr> of its health!)</small><br></div><div class="spacer battle-history"><br></div><div class="battle-history">Throh used <strong>Knock Off</strong>!<br></div><div class="battle-history"><small>It's not very effective...</small><br></div><div class="battle-history"><small>The opposing sped boots's substitute faded!</small><br></div><div class="spacer battle-history"><br></div><div class="battle-history"><small>Throh was hurt by poison!</small><br></div><div class="battle-history"><small>[The opposing sped boots's Speed Boost]</small><br></div><div class="battle-history"><small>The opposing sped boots's Speed rose!</small><br></div><div class="spacer battle-history"><br></div><div class="battle-history">Throh fainted!<br></div><div class="spacer battle-history"><br></div><div class="battle-history">Go! Vivillon (<strong>Vivillon-Ocean</strong>)!<br></div><div class="spacer battle-history"><br></div><h2 class="battle-history">Turn 14</h2><div class="spacer battle-history"><br></div><div class="battle-history">Vivillon used <strong>Powder</strong>!<br></div><div class="battle-history"><small>The opposing sped boots is covered in powder!</small><br></div><div class="spacer battle-history"><br></div><div class="battle-history">The opposing sped boots used <strong>Flare Blitz</strong>!<br></div><div class="battle-history"><small>When the flame touched the powder on the Pokémon, it exploded!</small><br></div><div class="spacer battle-history"><br></div><div class="battle-history"><small>[The opposing sped boots's Speed Boost]</small><br></div><div class="battle-history"><small>The opposing sped boots's Speed rose!</small><br></div><div class="spacer battle-history"><br></div><h2 class="battle-history">Turn 15</h2><div class="spacer battle-history"><br></div><div class="battle-history">The Asian Cuckling withdrew sped boots!<br></div><div class="battle-history">The Asian Cuckling sent out Mimiqueer (<strong>Dedenne</strong>)!<br></div><div class="spacer battle-history"><br></div><div class="battle-history">Vivillon used <strong>Powder</strong>!<br></div><div class="battle-history"><small>The opposing Mimiqueer is covered in powder!</small><br></div><div class="spacer battle-history"><br></div><h2 class="battle-history">Turn 16</h2><div class="chat chatmessage-theasiancuckling"><strong style="color:hsl(76,77%,34.09536551949517%)"><small>★</small><span class="username" data-name="The Asian Cuckling">The Asian Cuckling</span>:</strong> <em>i exploded</em></div><div class="chat chatmessage-dracometeo076"><strong style="color:hsl(3,50%,50.6012946122%)"><small>★</small><span class="username" data-name="Dracometeo076">Dracometeo076</span>:</strong> <em>yup</em></div><div class="spacer battle-history"><br></div><div class="battle-history">Vivillon, come back!<br></div><div class="battle-history">Go! <strong>Claydol</strong>!<br></div><div class="spacer battle-history"><br></div><div class="battle-history">The opposing Mimiqueer used <strong>Substitute</strong>!<br></div><div class="battle-history"><small>The opposing Mimiqueer put in a substitute!</small><br></div><div class="battle-history"><small>(The opposing Mimiqueer lost <abbr title="−69/276">25%</abbr> of its health!)</small><br></div><div class="spacer battle-history"><br></div><h2 class="battle-history">Turn 17</h2><div class="spacer battle-history"><br></div><div class="battle-history">The Asian Cuckling withdrew Mimiqueer!<br></div><div class="battle-history">The Asian Cuckling sent out Verlisfy (<strong>Victreebel</strong>)!<br></div><div class="spacer battle-history"><br></div><div class="battle-history">Claydol used <strong>Stealth Rock</strong>!<br></div><div class="battle-history"><small>Pointed stones float in the air around the opposing team!</small><br></div><div class="spacer battle-history"><br></div><div class="battle-history"><small>The opposing Verlisfy restored a little HP using its Black Sludge!</small><br></div><div class="spacer battle-history"><br></div><h2 class="battle-history">Turn 18</h2><div class="spacer battle-history"><br></div><div class="battle-history">Claydol, come back!<br></div><div class="battle-history">Go! Vivillon (<strong>Vivillon-Ocean</strong>)!<br></div><div class="spacer battle-history"><br></div><div class="battle-history">The opposing Verlisfy used <strong>Stockpile</strong>!<br></div><div class="battle-history"><small>The opposing Verlisfy stockpiled 1!</small><br></div><div class="battle-history"><small>The opposing Verlisfy's Defense rose!</small><br></div><div class="battle-history"><small>The opposing Verlisfy's Special Defense rose!</small><br></div><div class="spacer battle-history"><br></div><div class="battle-history"><small>The opposing Verlisfy restored a little HP using its Black Sludge!</small><br></div><div class="spacer battle-history"><br></div><h2 class="battle-history">Turn 19</h2><div class="spacer battle-history"><br></div><div class="battle-history">Vivillon used <strong>Quiver Dance</strong>!<br></div><div class="battle-history"><small>Vivillon's Special Attack rose!</small><br></div><div class="battle-history"><small>Vivillon's Special Defense rose!</small><br></div><div class="battle-history"><small>Vivillon's Speed rose!</small><br></div><div class="spacer battle-history"><br></div><div class="battle-history">The opposing Verlisfy used <strong>Stockpile</strong>!<br></div><div class="battle-history"><small>The opposing Verlisfy stockpiled 2!</small><br></div><div class="battle-history"><small>The opposing Verlisfy's Defense rose!</small><br></div><div class="battle-history"><small>The opposing Verlisfy's Special Defense rose!</small><br></div><div class="spacer battle-history"><br></div><div class="battle-history"><small>The opposing Verlisfy restored a little HP using its Black Sludge!</small><br></div><div class="spacer battle-history"><br></div><h2 class="battle-history">Turn 20</h2><div class="spacer battle-history"><br></div><div class="battle-history">Vivillon used <strong>Quiver Dance</strong>!<br></div><div class="battle-history"><small>Vivillon's Special Attack rose!</small><br></div><div class="battle-history"><small>Vivillon's Special Defense rose!</small><br></div><div class="battle-history"><small>Vivillon's Speed rose!</small><br></div><div class="spacer battle-history"><br></div><div class="battle-history">The opposing Verlisfy used <strong>Clear Smog</strong>!<br></div><div class="battle-history"><small>A critical hit!</small><br></div><div class="battle-history"><small>(Vivillon lost <abbr title="−157/301">52.2%</abbr> of its health!)</small><br></div><div class="battle-history"><small>Vivillon's stat changes were removed!</small><br></div><div class="spacer battle-history"><br></div><div class="battle-history"><small>The opposing Verlisfy restored a little HP using its Black Sludge!</small><br></div><div class="spacer battle-history"><br></div><h2 class="battle-history">Turn 21</h2><div class="chat chatmessage-theasiancuckling"><strong style="color:hsl(76,77%,34.09536551949517%)"><small>★</small><span class="username" data-name="The Asian Cuckling">The Asian Cuckling</span>:</strong> <em>sry 5 crit</em></div><div class="spacer battle-history"><br></div><div class="battle-history">Vivillon, come back!<br></div><div class="battle-history">Go! <strong>Magmortar</strong>!<br></div><div class="spacer battle-history"><br></div><div class="battle-history">The opposing Verlisfy used <strong>Stockpile</strong>!<br></div><div class="battle-history"><small>The opposing Verlisfy stockpiled 3!</small><br></div><div class="battle-history"><small>The opposing Verlisfy's Defense rose!</small><br></div><div class="battle-history"><small>The opposing Verlisfy's Special Defense rose!</small><br></div><div class="spacer battle-history"><br></div><div class="battle-history"><small>The opposing Verlisfy restored a little HP using its Black Sludge!</small><br></div><div class="spacer battle-history"><br></div><h2 class="battle-history">Turn 22</h2><div class="chat chatmessage-dracometeo076"><strong style="color:hsl(3,50%,50.6012946122%)"><small>★</small><span class="username" data-name="Dracometeo076">Dracometeo076</span>:</strong> <em>oh no its fine</em></div><div class="spacer battle-history"><br></div><div class="battle-history">Magmortar used <strong>Flame Charge</strong>!<br></div><div class="battle-history"><small>It's super effective!</small><br></div><div class="battle-history"><small>A critical hit!</small><br></div><div class="battle-history"><small>(The opposing Verlisfy lost <abbr title="−228/364">62.6%</abbr> of its health!)</small><br></div><div class="battle-history"><small>Magmortar's Speed rose!</small><br></div><div class="spacer battle-history"><br></div><div class="battle-history">The opposing Verlisfy used <strong>Acid Spray</strong>!<br></div><div class="battle-history"><small>(Magmortar lost <abbr title="−52/291">17.9%</abbr> of its health!)</small><br></div><div class="battle-history"><small>Magmortar's Special Defense fell harshly!</small><br></div><div class="spacer battle-history"><br></div><div class="battle-history"><small>The opposing Verlisfy restored a little HP using its Black Sludge!</small><br></div><div class="spacer battle-history"><br></div><h2 class="battle-history">Turn 23</h2><div class="spacer battle-history"><br></div><div class="battle-history">Magmortar used <strong>Flame Charge</strong>!<br></div><div class="battle-history"><small>It's super effective!</small><br></div><div class="battle-history"><small>(The opposing Verlisfy lost <abbr title="−66/364">18.1%</abbr> of its health!)</small><br></div><div class="battle-history"><small>Magmortar's Speed rose!</small><br></div><div class="spacer battle-history"><br></div><div class="battle-history">The opposing Verlisfy used <strong>Clear Smog</strong>!<br></div><div class="battle-history"><small>(Magmortar lost <abbr title="−123/291">42.3%</abbr> of its health!)</small><br></div><div class="battle-history"><small>Magmortar's stat changes were removed!</small><br></div><div class="spacer battle-history"><br></div><div class="battle-history"><small>The opposing Verlisfy restored a little HP using its Black Sludge!</small><br></div><div class="spacer battle-history"><br></div><h2 class="battle-history">Turn 24</h2><div class="spacer battle-history"><br></div><div class="battle-history">Magmortar used <strong>Flame Charge</strong>!<br></div><div class="battle-history"><small>It's super effective!</small><br></div><div class="battle-history"><small>(The opposing Verlisfy lost <abbr title="−66/364">18.1%</abbr> of its health!)</small><br></div><div class="battle-history"><small>Magmortar's Speed rose!</small><br></div><div class="spacer battle-history"><br></div><div class="battle-history">The opposing Verlisfy used <strong>Acid Spray</strong>!<br></div><div class="battle-history"><small>(Magmortar lost <abbr title="−48/291">16.5%</abbr> of its health!)</small><br></div><div class="battle-history"><small>Magmortar's Special Defense fell harshly!</small><br></div><div class="spacer battle-history"><br></div><div class="battle-history"><small>The opposing Verlisfy restored a little HP using its Black Sludge!</small><br></div><div class="spacer battle-history"><br></div><h2 class="battle-history">Turn 25</h2><div class="spacer battle-history"><br></div><div class="battle-history">Magmortar used <strong>Flame Charge</strong>!<br></div><div class="battle-history"><small>It's super effective!</small><br></div><div class="battle-history"><small>(The opposing Verlisfy lost <abbr title="−53/364">14.6%</abbr> of its health!)</small><br></div><div class="battle-history"><small>Magmortar's Speed rose!</small><br></div><div class="spacer battle-history"><br></div><div class="battle-history">The opposing Verlisfy fainted!<br></div><div class="spacer battle-history"><br></div><div class="battle-history">The Asian Cuckling sent out best design (<strong>Barbaracle</strong>)!<br></div><div class="battle-history"><small>Pointed stones dug into the opposing best design!</small><br></div><div class="spacer battle-history"><br></div><h2 class="battle-history">Turn 26</h2><div class="chat chatmessage-dracometeo076"><strong style="color:hsl(3,50%,50.6012946122%)"><small>★</small><span class="username" data-name="Dracometeo076">Dracometeo076</span>:</strong> <em>FINALLY</em></div><div class="spacer battle-history"><br></div><div class="battle-history">Magmortar, come back!<br></div><div class="battle-history">Go! <strong>Lanturn</strong>!<br></div><div class="spacer battle-history"><br></div><div class="battle-history">The opposing best design used <strong>Shell Smash</strong>!<br></div><div class="battle-history"><small>The opposing best design's Defense fell!</small><br></div><div class="battle-history"><small>The opposing best design's Special Defense fell!</small><br></div><div class="battle-history"><small>The opposing best design's Attack rose sharply!</small><br></div><div class="battle-history"><small>The opposing best design's Special Attack rose sharply!</small><br></div><div class="battle-history"><small>The opposing best design's Speed rose sharply!</small><br></div><div class="battle-history"><small>The opposing best design returned its status to normal using its White Herb!</small><br></div><div class="spacer battle-history"><br></div><h2 class="battle-history">Turn 27</h2><div class="chat chatmessage-theasiancuckling"><strong style="color:hsl(76,77%,34.09536551949517%)"><small>★</small><span class="username" data-name="The Asian Cuckling">The Asian Cuckling</span>:</strong> <em>rip</em></div><div class="chat chatmessage-theasiancuckling"><strong style="color:hsl(76,77%,34.09536551949517%)"><small>★</small><span class="username" data-name="The Asian Cuckling">The Asian Cuckling</span>:</strong> <em>verlisfy</em></div><div class="spacer battle-history"><br></div><div class="battle-history">The opposing best design used <strong>Stone Edge</strong>!<br></div><div class="battle-history"><small>(Lanturn lost <abbr title="−454/454">100%</abbr> of its health!)</small><br></div><div class="spacer battle-history"><br></div><div class="battle-history">Lanturn fainted!<br></div><div class="chat chatmessage-dracometeo076"><strong style="color:hsl(3,50%,50.6012946122%)"><small>★</small><span class="username" data-name="Dracometeo076">Dracometeo076</span>:</strong> <em>rip lanturn</em></div><div class="chat chatmessage-theasiancuckling"><strong style="color:hsl(76,77%,34.09536551949517%)"><small>★</small><span class="username" data-name="The Asian Cuckling">The Asian Cuckling</span>:</strong> <em>felsbad4wolfpack</em></div><div class="spacer battle-history"><br></div><div class="battle-history">Go! <strong>Magmortar</strong>!<br></div><div class="spacer battle-history"><br></div><h2 class="battle-history">Turn 28</h2><div class="spacer battle-history"><br></div><div class="battle-history">Magmortar used <strong>Mach Punch</strong>!<br></div><div class="battle-history"><small>It's super effective!</small><br></div><div class="battle-history"><small>(The opposing best design lost <abbr title="−72/285">25.3%</abbr> of its health!)</small><br></div><div class="spacer battle-history"><br></div><div class="battle-history">The opposing best design used <strong>Razor Shell</strong>!<br></div><div class="battle-history"><small>It's super effective!</small><br></div><div class="battle-history"><small>(Magmortar lost <abbr title="−68/291">23.4%</abbr> of its health!)</small><br></div><div class="spacer battle-history"><br></div><div class="battle-history">Magmortar fainted!<br></div><div class="spacer battle-history"><br></div><div class="battle-history">Go! <strong>Claydol</strong>!<br></div><div class="spacer battle-history"><br></div><h2 class="battle-history">Turn 29</h2><div class="spacer battle-history"><br></div><div class="battle-history">The opposing best design used <strong>Razor Shell</strong>!<br></div><div class="battle-history"><small>It's super effective!</small><br></div><div class="battle-history"><small>(Claydol lost <abbr title="−324/324">100%</abbr> of its health!)</small><br></div><div class="spacer battle-history"><br></div><div class="battle-history">Claydol fainted!<br></div><div class="chat chatmessage-dracometeo076"><strong style="color:hsl(3,50%,50.6012946122%)"><small>★</small><span class="username" data-name="Dracometeo076">Dracometeo076</span>:</strong> <em>welp gg</em></div><div class="spacer battle-history"><br></div><div class="battle-history">Go! Vivillon (<strong>Vivillon-Ocean</strong>)!<br></div><div class="spacer battle-history"><br></div><h2 class="battle-history">Turn 30</h2><div class="chat chatmessage-theasiancuckling"><strong style="color:hsl(76,77%,34.09536551949517%)"><small>★</small><span class="username" data-name="The Asian Cuckling">The Asian Cuckling</span>:</strong> <em>gg</em></div><div class="spacer battle-history"><br></div><div class="battle-history">The opposing best design used <strong>Razor Shell</strong>!<br></div><div class="battle-history"><small>A critical hit!</small><br></div><div class="battle-history"><small>(Vivillon lost <abbr title="−144/301">47.8%</abbr> of its health!)</small><br></div><div class="spacer battle-history"><br></div><div class="battle-history">Vivillon fainted!<br></div><div class="spacer battle-history"><br></div><div class="battle-history"><strong>The Asian Cuckling</strong> won the battle!<br></div><div class="chat"><small>Dracometeo076 left.</small></div><div class="chat chatmessage-theasiancuckling"><strong style="color:hsl(76,77%,34.09536551949517%)"><small>★</small><span class="username" data-name="The Asian Cuckling">The Asian Cuckling</span>:</strong> <em>claws be 2 tuff</em></div></div><div class="inner-preempt"></div></div></div>
</div>
<script>
let daily = Math.floor(Date.now()/1000/60/60/24);document.write('<script src="https://play.pokemonshowdown.com/js/replay-embed.js?version'+daily+'"></'+'script>');
</script>
