<!DOCTYPE html>
<meta charset="utf-8" />
<!-- version 1 -->
<title>NU replay: St0nehand vs. GastrodonForUbers</title>
<style>
html,body {font-family:Verdana, sans-serif;font-size:10pt;margin:0;padding:0;}body{padding:12px 0;} .battle-log {font-family:Verdana, sans-serif;font-size:10pt;} .battle-log-inline {border:1px solid #AAAAAA;background:#EEF2F5;color:black;max-width:640px;margin:0 auto 80px;padding-bottom:5px;} .battle-log .inner {padding:4px 8px 0px 8px;} .battle-log .inner-preempt {padding:0 8px 4px 8px;} .battle-log .inner-after {margin-top:0.5em;} .battle-log h2 {margin:0.5em -8px;padding:4px 8px;border:1px solid #AAAAAA;background:#E0E7EA;border-left:0;border-right:0;font-family:Verdana, sans-serif;font-size:13pt;} .battle-log .chat {vertical-align:middle;padding:3px 0 3px 0;font-size:8pt;} .battle-log .chat strong {color:#40576A;} .battle-log .chat em {padding:1px 4px 1px 3px;color:#000000;font-style:normal;} .chat.mine {background:rgba(0,0,0,0.05);margin-left:-8px;margin-right:-8px;padding-left:8px;padding-right:8px;} .spoiler {color:#BBBBBB;background:#BBBBBB;padding:0px 3px;} .spoiler:hover, .spoiler:active, .spoiler-shown {color:#000000;background:#E2E2E2;padding:0px 3px;} .spoiler a {color:#BBBBBB;} .spoiler:hover a, .spoiler:active a, .spoiler-shown a {color:#2288CC;} .chat code, .chat .spoiler:hover code, .chat .spoiler:active code, .chat .spoiler-shown code {border:1px solid #C0C0C0;background:#EEEEEE;color:black;padding:0 2px;} .chat .spoiler code {border:1px solid #CCCCCC;background:#CCCCCC;color:#CCCCCC;} .battle-log .rated {padding:3px 4px;} .battle-log .rated strong {color:white;background:#89A;padding:1px 4px;border-radius:4px;} .spacer {margin-top:0.5em;} .message-announce {background:#6688AA;color:white;padding:1px 4px 2px;} .message-announce a, .broadcast-green a, .broadcast-blue a, .broadcast-red a {color:#DDEEFF;} .broadcast-green {background-color:#559955;color:white;padding:2px 4px;} .broadcast-blue {background-color:#6688AA;color:white;padding:2px 4px;} .infobox {border:1px solid #6688AA;padding:2px 4px;} .infobox-limited {max-height:200px;overflow:auto;overflow-x:hidden;} .broadcast-red {background-color:#AA5544;color:white;padding:2px 4px;} .message-learn-canlearn {font-weight:bold;color:#228822;text-decoration:underline;} .message-learn-cannotlearn {font-weight:bold;color:#CC2222;text-decoration:underline;} .message-effect-weak {font-weight:bold;color:#CC2222;} .message-effect-resist {font-weight:bold;color:#6688AA;} .message-effect-immune {font-weight:bold;color:#666666;} .message-learn-list {margin-top:0;margin-bottom:0;} .message-throttle-notice, .message-error {color:#992222;} .message-overflow, .chat small.message-overflow {font-size:0pt;} .message-overflow::before {font-size:9pt;content:'...';} .subtle {color:#3A4A66;}
</style>
<div class="wrapper replay-wrapper" style="max-width:1180px;margin:0 auto">
<input type="hidden" name="replayid" value="nu-552060455" />
<div class="battle"></div><div class="battle-log"></div><div class="replay-controls"></div><div class="replay-controls-2"></div>
<h1 style="font-weight:normal;text-align:center"><strong>NU</strong><br /><a href="http://pokemonshowdown.com/users/st0nehand" class="subtle" target="_blank">St0nehand</a> vs. <a href="http://pokemonshowdown.com/users/gastrodonforubers" class="subtle" target="_blank">GastrodonForUbers</a></h1>
<script type="text/plain" class="battle-log-data">|j|St0nehand
|j|GastrodonForUbers
|player|p1|St0nehand|35
|player|p2|GastrodonForUbers|10
|gametype|singles
|gen|6
|tier|NU
|rated
|seed|19290,15389,36655,6285
|rule|Sleep Clause Mod: Limit one foe put to sleep
|rule|Species Clause: Limit one of each Pokémon
|rule|OHKO Clause: OHKO moves are banned
|rule|Moody Clause: Moody is banned
|rule|Evasion Moves Clause: Evasion moves are banned
|rule|Endless Battle Clause: Forcing endless battles is banned
|rule|HP Percentage Mod: HP is shown in percentages
|clearpoke
|poke|p1|Magmar, M|item
|poke|p1|Skuntank, M|item
|poke|p1|Poliwrath, F|item
|poke|p1|Haunter, F|item
|poke|p1|Kecleon, F|item
|poke|p1|Piloswine, M|item
|poke|p2|Piloswine, M|item
|poke|p2|Trevenant, M|item
|poke|p2|Hitmonchan, M|item
|poke|p2|Tauros, M|item
|poke|p2|Gastrodon, F|item
|poke|p2|Manectric, M|item
|rule|Swagger Clause: Swagger is banned
|rule|Baton Pass Clause: Limit one Baton Passer, can't pass Spe and other stats simultaneously
|teampreview
|c|☆GastrodonForUbers|gl hf
|choice|team 6, team 2, team 3, team 4, team 5, team 1|team 5, team 2, team 3, team 4, team 1, team 6
|
|start
|switch|p1a: Piloswine|Piloswine, M|404\/404
|switch|p2a: TheLocalHero|Gastrodon, F|426\/426
|turn|1
|choice|move stealthrock|move scald
|
|move|p1a: Piloswine|Stealth Rock|p2a: TheLocalHero
|-sidestart|p2: GastrodonForUbers|move: Stealth Rock
|move|p2a: TheLocalHero|Scald|p1a: Piloswine
|-supereffective|p1a: Piloswine
|-damage|p1a: Piloswine|210\/404
|
|upkeep
|turn|2
|choice|switch 3|move toxic
|
|switch|p1a: Poliwrath|Poliwrath, F|384\/384
|move|p2a: TheLocalHero|Toxic|p1a: Poliwrath
|-status|p1a: Poliwrath|tox
|
|-damage|p1a: Poliwrath|360\/384 tox|[from] psn
|upkeep
|turn|3
|choice|move encore|switch 2
|
|switch|p2a: Forrest Stump|Trevenant, M|372\/372
|-damage|p2a: Forrest Stump|326\/372|[from] Stealth Rock
|move|p1a: Poliwrath|Encore|p2a: Forrest Stump
|-fail|p2a: Forrest Stump
|
|-heal|p1a: Poliwrath|384\/384 tox|[from] item: Leftovers
|-damage|p1a: Poliwrath|336\/384 tox|[from] psn
|upkeep
|turn|4
|choice|switch 5|move substitute
|
|switch|p1a: Kecleon|Kecleon, F|262\/262
|move|p2a: Forrest Stump|Substitute|p2a: Forrest Stump
|-start|p2a: Forrest Stump|Substitute
|-damage|p2a: Forrest Stump|233\/372
|
|upkeep
|turn|5
|choice|move shadowsneak|move willowisp
|
|move|p1a: Kecleon|Shadow Sneak|p2a: Forrest Stump
|-supereffective|p2a: Forrest Stump
|-end|p2a: Forrest Stump|Substitute
|move|p2a: Forrest Stump|Will-O-Wisp|p1a: Kecleon|[miss]
|-miss|p2a: Forrest Stump|p1a: Kecleon
|
|upkeep
|turn|6
|choice|move knockoff|move willowisp
|
|move|p2a: Forrest Stump|Will-O-Wisp|p1a: Kecleon
|-status|p1a: Kecleon|brn
|move|p1a: Kecleon|Knock Off|p2a: Forrest Stump
|-supereffective|p2a: Forrest Stump
|-damage|p2a: Forrest Stump|108\/372
|-enditem|p2a: Forrest Stump|Sitrus Berry|[from] move: Knock Off|[of] p1a: Kecleon
|
|-damage|p1a: Kecleon|230\/262 brn|[from] brn
|upkeep
|turn|7
|choice|move shadowsneak|move hornleech
|
|move|p1a: Kecleon|Shadow Sneak|p2a: Forrest Stump
|-supereffective|p2a: Forrest Stump
|-damage|p2a: Forrest Stump|59\/372
|move|p2a: Forrest Stump|Horn Leech|p1a: Kecleon
|-damage|p1a: Kecleon|101\/262 brn
|-heal|p2a: Forrest Stump|124\/372|[from] drain|[of] p1a: Kecleon
|-start|p1a: Kecleon|typechange|Grass|[from] Color Change
|
|-damage|p1a: Kecleon|69\/262 brn|[from] brn
|upkeep
|turn|8
|choice|switch 6|move hornleech
|
|switch|p1a: Magmar|Magmar, M|334\/334
|move|p2a: Forrest Stump|Horn Leech|p1a: Magmar
|-resisted|p1a: Magmar
|-damage|p1a: Magmar|302\/334
|-heal|p2a: Forrest Stump|140\/372|[from] drain|[of] p1a: Magmar
|-status|p2a: Forrest Stump|brn|[from] ability: Flame Body|[of] p1a: Magmar
|
|-damage|p2a: Forrest Stump|94\/372 brn|[from] brn
|upkeep
|turn|9
|choice|move confuseray|move leechseed
|
|move|p1a: Magmar|Confuse Ray|p2a: Forrest Stump
|-start|p2a: Forrest Stump|confusion
|-activate|p2a: Forrest Stump|confusion
|move|p2a: Forrest Stump|Leech Seed|p1a: Magmar
|-start|p1a: Magmar|move: Leech Seed
|
|-damage|p1a: Magmar|261\/334|[from] Leech Seed|[of] p2a: Forrest Stump
|-heal|p2a: Forrest Stump|135\/372 brn|[silent]
|-damage|p2a: Forrest Stump|89\/372 brn|[from] brn
|upkeep
|turn|10
|choice|move lavaplume|switch 5
|
|switch|p2a: Woolio|Piloswine, M|404\/404
|-damage|p2a: Woolio|354\/404|[from] Stealth Rock
|move|p1a: Magmar|Lava Plume|p2a: Woolio
|-supereffective|p2a: Woolio
|-damage|p2a: Woolio|264\/404
|
|-damage|p1a: Magmar|220\/334|[from] Leech Seed|[of] p2a: Woolio
|-heal|p2a: Woolio|305\/404|[silent]
|upkeep
|turn|11
|choice|switch 6|move stealthrock
|
|switch|p1a: Kecleon|Kecleon, F|69\/262 brn
|move|p2a: Woolio|Stealth Rock|p1a: Kecleon
|-sidestart|p1: St0nehand|move: Stealth Rock
|
|-damage|p1a: Kecleon|37\/262 brn|[from] brn
|upkeep
|turn|12
|j|parkbob
|choice|move knockoff|move iceshard
|
|move|p2a: Woolio|Ice Shard|p1a: Kecleon
|-damage|p1a: Kecleon|0 fnt
|-start|p1a: Kecleon|typechange|Ice|[from] Color Change
|faint|p1a: Kecleon
|
|upkeep
|choice|switch 5|
|
|switch|p1a: Poliwrath|Poliwrath, F|336\/384 tox
|-damage|p1a: Poliwrath|312\/384 tox|[from] Stealth Rock
|turn|13
|choice|move waterfall|switch 5
|
|switch|p2a: Forrest Stump|Trevenant, M|89\/372 brn
|-damage|p2a: Forrest Stump|43\/372 brn|[from] Stealth Rock
|move|p1a: Poliwrath|Waterfall|p2a: Forrest Stump
|-resisted|p2a: Forrest Stump
|-damage|p2a: Forrest Stump|0 fnt
|faint|p2a: Forrest Stump
|
|-heal|p1a: Poliwrath|336\/384 tox|[from] item: Leftovers
|-damage|p1a: Poliwrath|312\/384 tox|[from] psn
|upkeep
|choice||switch 2
|
|switch|p2a: TheLocalHero|Gastrodon, F|426\/426
|-damage|p2a: TheLocalHero|400\/426|[from] Stealth Rock
|turn|14
|choice|move focuspunch|move toxic
|
|-singleturn|p1a: Poliwrath|move: Focus Punch
|move|p2a: TheLocalHero|Toxic|p1a: Poliwrath
|-fail|p1a: Poliwrath|tox
|move|p1a: Poliwrath|Focus Punch|p2a: TheLocalHero
|-damage|p2a: TheLocalHero|177\/426
|
|-heal|p1a: Poliwrath|336\/384 tox|[from] item: Leftovers
|-heal|p2a: TheLocalHero|203\/426|[from] item: Leftovers
|-damage|p1a: Poliwrath|288\/384 tox|[from] psn
|upkeep
|turn|15
|choice|move focuspunch|move recover
|
|-singleturn|p1a: Poliwrath|move: Focus Punch
|move|p2a: TheLocalHero|Recover|p2a: TheLocalHero
|-heal|p2a: TheLocalHero|416\/426
|move|p1a: Poliwrath|Focus Punch|p2a: TheLocalHero
|-damage|p2a: TheLocalHero|197\/426
|
|-heal|p1a: Poliwrath|312\/384 tox|[from] item: Leftovers
|-heal|p2a: TheLocalHero|223\/426|[from] item: Leftovers
|-damage|p1a: Poliwrath|240\/384 tox|[from] psn
|upkeep
|turn|16
|choice|move focuspunch|move recover
|
|-singleturn|p1a: Poliwrath|move: Focus Punch
|move|p2a: TheLocalHero|Recover|p2a: TheLocalHero
|-heal|p2a: TheLocalHero|426\/426
|move|p1a: Poliwrath|Focus Punch|p2a: TheLocalHero
|-damage|p2a: TheLocalHero|203\/426
|
|-heal|p1a: Poliwrath|264\/384 tox|[from] item: Leftovers
|-heal|p2a: TheLocalHero|229\/426|[from] item: Leftovers
|-damage|p1a: Poliwrath|168\/384 tox|[from] psn
|upkeep
|turn|17
|choice|move focuspunch|move recover
|
|-singleturn|p1a: Poliwrath|move: Focus Punch
|move|p2a: TheLocalHero|Recover|p2a: TheLocalHero
|-heal|p2a: TheLocalHero|426\/426
|move|p1a: Poliwrath|Focus Punch|p2a: TheLocalHero
|-damage|p2a: TheLocalHero|225\/426
|
|-heal|p1a: Poliwrath|192\/384 tox|[from] item: Leftovers
|-heal|p2a: TheLocalHero|251\/426|[from] item: Leftovers
|-damage|p1a: Poliwrath|72\/384 tox|[from] psn
|upkeep
|turn|18
|choice|move focuspunch|move recover
|
|-singleturn|p1a: Poliwrath|move: Focus Punch
|move|p2a: TheLocalHero|Recover|p2a: TheLocalHero
|-heal|p2a: TheLocalHero|426\/426
|move|p1a: Poliwrath|Focus Punch|p2a: TheLocalHero
|-damage|p2a: TheLocalHero|219\/426
|
|-heal|p1a: Poliwrath|96\/384 tox|[from] item: Leftovers
|-heal|p2a: TheLocalHero|245\/426|[from] item: Leftovers
|-damage|p1a: Poliwrath|0 fnt|[from] psn
|upkeep
|faint|p1a: Poliwrath
|-message|St0nehand forfeited.
|
|win|GastrodonForUbers
|l|St0nehand
|raw|St0nehand's rating: 1098 &rarr; <strong>1088<\/strong><br \/>(-10 for losing)
|raw|GastrodonForUbers's rating: 1326 &rarr; <strong>1334<\/strong><br \/>(+8 for winning)</script>
</div>
<div class="battle-log battle-log-inline"><div class="inner"><div class="battle-options"></div><div class="inner"><div class="chat"><small>St0nehand joined.</small></div><div class="chat"><small>GastrodonForUbers joined.</small></div><div class=""><small>Format:</small> <br><strong>NU</strong></div><div class="rated"><strong>Rated battle</strong></div><div class=""><small><em>Sleep Clause Mod:</em> Limit one foe put to sleep</small></div><div class=""><small><em>Species Clause:</em> Limit one of each Pokémon</small></div><div class=""><small><em>OHKO Clause:</em> OHKO moves are banned</small></div><div class=""><small><em>Moody Clause:</em> Moody is banned</small></div><div class=""><small><em>Evasion Moves Clause:</em> Evasion moves are banned</small></div><div class=""><small><em>Endless Battle Clause:</em> Forcing endless battles is banned</small></div><div class=""><small><em>HP Percentage Mod:</em> HP is shown in percentages</small></div><div class=""><small><em>Swagger Clause:</em> Swagger is banned</small></div><div class=""><small><em>Baton Pass Clause:</em> Limit one Baton Passer, can't pass Spe and other stats simultaneously</small></div><div class="chat battle-history"><strong>St0nehand's team:</strong> <em style="color:#445566;display:block;">Magmar / Skuntank / Poliwrath / Haunter / Kecleon / Piloswine</em></div><div class="chat battle-history"><strong>GastrodonForUbers's team:</strong> <em style="color:#445566;display:block;">Piloswine / Trevenant / Hitmonchan / Tauros / Gastrodon / Manectric</em></div><div class="chat chatmessage-gastrodonforubers"><strong style="color:hsl(137,67%,39.5345702903345%)"><small>☆</small><span class="username" data-name="GastrodonForUbers">GastrodonForUbers</span>:</strong> <em>gl hf</em></div><div class="spacer battle-history"><br></div><div class="battle-history">Battle started between St0nehand and GastrodonForUbers!<br></div><div class="spacer battle-history"><br></div><div class="battle-history">Go! <strong>Piloswine</strong>!<br></div><div class="spacer battle-history"><br></div><div class="battle-history">GastrodonForUbers sent out TheLocalHero (<strong>Gastrodon</strong>)!<br></div><div class="spacer battle-history"><br></div><h2 class="battle-history">Turn 1</h2><div class="spacer battle-history"><br></div><div class="battle-history">Piloswine used <strong>Stealth Rock</strong>!<br></div><div class="battle-history"><small>Pointed stones float in the air around the opposing team!</small><br></div><div class="spacer battle-history"><br></div><div class="battle-history">The opposing TheLocalHero used <strong>Scald</strong>!<br></div><div class="battle-history"><small>It's super effective!</small><br></div><div class="battle-history"><small>(Piloswine lost <abbr title="−194/404">48.0%</abbr> of its health!)</small><br></div><div class="spacer battle-history"><br></div><h2 class="battle-history">Turn 2</h2><div class="spacer battle-history"><br></div><div class="battle-history">Piloswine, come back!<br></div><div class="battle-history">Go! <strong>Poliwrath</strong>!<br></div><div class="spacer battle-history"><br></div><div class="battle-history">The opposing TheLocalHero used <strong>Toxic</strong>!<br></div><div class="battle-history"><small>Poliwrath was badly poisoned!</small><br></div><div class="spacer battle-history"><br></div><div class="battle-history"><small>Poliwrath was hurt by poison!</small><br></div><div class="spacer battle-history"><br></div><h2 class="battle-history">Turn 3</h2><div class="spacer battle-history"><br></div><div class="battle-history">GastrodonForUbers withdrew TheLocalHero!<br></div><div class="battle-history">GastrodonForUbers sent out Forrest Stump (<strong>Trevenant</strong>)!<br></div><div class="battle-history"><small>Pointed stones dug into the opposing Forrest Stump!</small><br></div><div class="spacer battle-history"><br></div><div class="battle-history">Poliwrath used <strong>Encore</strong>!<br></div><div class="battle-history"><small>But it failed!</small><br></div><div class="spacer battle-history"><br></div><div class="battle-history"><small>Poliwrath restored a little HP using its Leftovers!</small><br></div><div class="battle-history"><small>Poliwrath was hurt by poison!</small><br></div><div class="spacer battle-history"><br></div><h2 class="battle-history">Turn 4</h2><div class="spacer battle-history"><br></div><div class="battle-history">Poliwrath, come back!<br></div><div class="battle-history">Go! <strong>Kecleon</strong>!<br></div><div class="spacer battle-history"><br></div><div class="battle-history">The opposing Forrest Stump used <strong>Substitute</strong>!<br></div><div class="battle-history"><small>The opposing Forrest Stump put in a substitute!</small><br></div><div class="battle-history"><small>(The opposing Forrest Stump lost <abbr title="−93/372">25%</abbr> of its health!)</small><br></div><div class="spacer battle-history"><br></div><h2 class="battle-history">Turn 5</h2><div class="spacer battle-history"><br></div><div class="battle-history">Kecleon used <strong>Shadow Sneak</strong>!<br></div><div class="battle-history"><small>It's super effective!</small><br></div><div class="battle-history"><small>The opposing Forrest Stump's substitute faded!</small><br></div><div class="spacer battle-history"><br></div><div class="battle-history">The opposing Forrest Stump used <strong>Will-O-Wisp</strong>!<br></div><div class="battle-history"><small>Kecleon avoided the attack!</small><br></div><div class="spacer battle-history"><br></div><h2 class="battle-history">Turn 6</h2><div class="spacer battle-history"><br></div><div class="battle-history">The opposing Forrest Stump used <strong>Will-O-Wisp</strong>!<br></div><div class="battle-history"><small>Kecleon was burned!</small><br></div><div class="spacer battle-history"><br></div><div class="battle-history">Kecleon used <strong>Knock Off</strong>!<br></div><div class="battle-history"><small>It's super effective!</small><br></div><div class="battle-history"><small>(The opposing Forrest Stump lost <abbr title="−125/372">33.6%</abbr> of its health!)</small><br></div><div class="battle-history"><small>Kecleon knocked off the opposing Forrest Stump's Sitrus Berry!</small><br></div><div class="spacer battle-history"><br></div><div class="battle-history"><small>Kecleon was hurt by its burn!</small><br></div><div class="spacer battle-history"><br></div><h2 class="battle-history">Turn 7</h2><div class="spacer battle-history"><br></div><div class="battle-history">Kecleon used <strong>Shadow Sneak</strong>!<br></div><div class="battle-history"><small>It's super effective!</small><br></div><div class="battle-history"><small>(The opposing Forrest Stump lost <abbr title="−49/372">13.2%</abbr> of its health!)</small><br></div><div class="spacer battle-history"><br></div><div class="battle-history">The opposing Forrest Stump used <strong>Horn Leech</strong>!<br></div><div class="battle-history"><small>(Kecleon lost <abbr title="−129/262">49.2%</abbr> of its health!)</small><br></div><div class="battle-history"><small>Kecleon had its energy drained!</small><br></div><div class="battle-history"><small>[Kecleon's Color Change]</small><br><small>Kecleon transformed into the Grass type!</small><br></div><div class="spacer battle-history"><br></div><div class="battle-history"><small>Kecleon was hurt by its burn!</small><br></div><div class="spacer battle-history"><br></div><h2 class="battle-history">Turn 8</h2><div class="spacer battle-history"><br></div><div class="battle-history">Kecleon, come back!<br></div><div class="battle-history">Go! <strong>Magmar</strong>!<br></div><div class="spacer battle-history"><br></div><div class="battle-history">The opposing Forrest Stump used <strong>Horn Leech</strong>!<br></div><div class="battle-history"><small>It's not very effective...</small><br></div><div class="battle-history"><small>(Magmar lost <abbr title="−32/334">9.6%</abbr> of its health!)</small><br></div><div class="battle-history"><small>Magmar had its energy drained!</small><br></div><div class="battle-history"><small>[Magmar's Flame Body]</small><br><small>The opposing Forrest Stump was burned!</small><br></div><div class="spacer battle-history"><br></div><div class="battle-history"><small>The opposing Forrest Stump was hurt by its burn!</small><br></div><div class="spacer battle-history"><br></div><h2 class="battle-history">Turn 9</h2><div class="spacer battle-history"><br></div><div class="battle-history">Magmar used <strong>Confuse Ray</strong>!<br></div><div class="battle-history"><small>The opposing Forrest Stump became confused!</small><br></div><div class="spacer battle-history"><br></div><div class="battle-history"><small>The opposing Forrest Stump is confused!</small><br></div><div class="battle-history">The opposing Forrest Stump used <strong>Leech Seed</strong>!<br></div><div class="battle-history"><small>Magmar was seeded!</small><br></div><div class="spacer battle-history"><br></div><div class="battle-history"><small>Magmar's health is sapped by Leech Seed!</small><br></div><div class="battle-history"><small>The opposing Forrest Stump was hurt by its burn!</small><br></div><div class="spacer battle-history"><br></div><h2 class="battle-history">Turn 10</h2><div class="spacer battle-history"><br></div><div class="battle-history">GastrodonForUbers withdrew Forrest Stump!<br></div><div class="battle-history">GastrodonForUbers sent out Woolio (<strong>Piloswine</strong>)!<br></div><div class="battle-history"><small>Pointed stones dug into the opposing Woolio!</small><br></div><div class="spacer battle-history"><br></div><div class="battle-history">Magmar used <strong>Lava Plume</strong>!<br></div><div class="battle-history"><small>It's super effective!</small><br></div><div class="battle-history"><small>(The opposing Woolio lost <abbr title="−90/404">22.3%</abbr> of its health!)</small><br></div><div class="spacer battle-history"><br></div><div class="battle-history"><small>Magmar's health is sapped by Leech Seed!</small><br></div><div class="spacer battle-history"><br></div><h2 class="battle-history">Turn 11</h2><div class="spacer battle-history"><br></div><div class="battle-history">Magmar, come back!<br></div><div class="battle-history">Go! <strong>Kecleon</strong>!<br></div><div class="spacer battle-history"><br></div><div class="battle-history">The opposing Woolio used <strong>Stealth Rock</strong>!<br></div><div class="battle-history"><small>Pointed stones float in the air around your team!</small><br></div><div class="spacer battle-history"><br></div><div class="battle-history"><small>Kecleon was hurt by its burn!</small><br></div><div class="spacer battle-history"><br></div><h2 class="battle-history">Turn 12</h2><div class="chat"><small>parkbob joined.</small></div><div class="spacer battle-history"><br></div><div class="battle-history">The opposing Woolio used <strong>Ice Shard</strong>!<br></div><div class="battle-history"><small>(Kecleon lost <abbr title="−37/262">14.1%</abbr> of its health!)</small><br></div><div class="battle-history"><small>[Kecleon's Color Change]</small><br><small>Kecleon transformed into the Ice type!</small><br></div><div class="spacer battle-history"><br></div><div class="battle-history">Kecleon fainted!<br></div><div class="spacer battle-history"><br></div><div class="battle-history">Go! <strong>Poliwrath</strong>!<br></div><div class="battle-history"><small>Pointed stones dug into Poliwrath!</small><br></div><div class="spacer battle-history"><br></div><h2 class="battle-history">Turn 13</h2><div class="spacer battle-history"><br></div><div class="battle-history">GastrodonForUbers withdrew Woolio!<br></div><div class="battle-history">GastrodonForUbers sent out Forrest Stump (<strong>Trevenant</strong>)!<br></div><div class="battle-history"><small>Pointed stones dug into the opposing Forrest Stump!</small><br></div><div class="spacer battle-history"><br></div><div class="battle-history">Poliwrath used <strong>Waterfall</strong>!<br></div><div class="battle-history"><small>It's not very effective...</small><br></div><div class="battle-history"><small>(The opposing Forrest Stump lost <abbr title="−43/372">11.6%</abbr> of its health!)</small><br></div><div class="spacer battle-history"><br></div><div class="battle-history">The opposing Forrest Stump fainted!<br></div><div class="spacer battle-history"><br></div><div class="battle-history"><small>Poliwrath restored a little HP using its Leftovers!</small><br></div><div class="battle-history"><small>Poliwrath was hurt by poison!</small><br></div><div class="spacer battle-history"><br></div><div class="battle-history">GastrodonForUbers sent out TheLocalHero (<strong>Gastrodon</strong>)!<br></div><div class="battle-history"><small>Pointed stones dug into the opposing TheLocalHero!</small><br></div><div class="spacer battle-history"><br></div><h2 class="battle-history">Turn 14</h2><div class="spacer battle-history"><br></div><div class="battle-history"><small>Poliwrath is tightening its focus!</small><br></div><div class="spacer battle-history"><br></div><div class="battle-history">The opposing TheLocalHero used <strong>Toxic</strong>!<br></div><div class="battle-history"><small>But it failed!</small><br></div><div class="spacer battle-history"><br></div><div class="battle-history">Poliwrath used <strong>Focus Punch</strong>!<br></div><div class="battle-history"><small>(The opposing TheLocalHero lost <abbr title="−223/426">52.3%</abbr> of its health!)</small><br></div><div class="spacer battle-history"><br></div><div class="battle-history"><small>Poliwrath restored a little HP using its Leftovers!</small><br></div><div class="battle-history"><small>The opposing TheLocalHero restored a little HP using its Leftovers!</small><br></div><div class="battle-history"><small>Poliwrath was hurt by poison!</small><br></div><div class="spacer battle-history"><br></div><h2 class="battle-history">Turn 15</h2><div class="spacer battle-history"><br></div><div class="battle-history"><small>Poliwrath is tightening its focus!</small><br></div><div class="spacer battle-history"><br></div><div class="battle-history">The opposing TheLocalHero used <strong>Recover</strong>!<br></div><div class="battle-history"><small>The opposing TheLocalHero restored its HP.</small><br></div><div class="spacer battle-history"><br></div><div class="battle-history">Poliwrath used <strong>Focus Punch</strong>!<br></div><div class="battle-history"><small>(The opposing TheLocalHero lost <abbr title="−219/426">51.4%</abbr> of its health!)</small><br></div><div class="spacer battle-history"><br></div><div class="battle-history"><small>Poliwrath restored a little HP using its Leftovers!</small><br></div><div class="battle-history"><small>The opposing TheLocalHero restored a little HP using its Leftovers!</small><br></div><div class="battle-history"><small>Poliwrath was hurt by poison!</small><br></div><div class="spacer battle-history"><br></div><h2 class="battle-history">Turn 16</h2><div class="spacer battle-history"><br></div><div class="battle-history"><small>Poliwrath is tightening its focus!</small><br></div><div class="spacer battle-history"><br></div><div class="battle-history">The opposing TheLocalHero used <strong>Recover</strong>!<br></div><div class="battle-history"><small>The opposing TheLocalHero restored its HP.</small><br></div><div class="spacer battle-history"><br></div><div class="battle-history">Poliwrath used <strong>Focus Punch</strong>!<br></div><div class="battle-history"><small>(The opposing TheLocalHero lost <abbr title="−223/426">52.3%</abbr> of its health!)</small><br></div><div class="spacer battle-history"><br></div><div class="battle-history"><small>Poliwrath restored a little HP using its Leftovers!</small><br></div><div class="battle-history"><small>The opposing TheLocalHero restored a little HP using its Leftovers!</small><br></div><div class="battle-history"><small>Poliwrath was hurt by poison!</small><br></div><div class="spacer battle-history"><br></div><h2 class="battle-history">Turn 17</h2><div class="spacer battle-history"><br></div><div class="battle-history"><small>Poliwrath is tightening its focus!</small><br></div><div class="spacer battle-history"><br></div><div class="battle-history">The opposing TheLocalHero used <strong>Recover</strong>!<br></div><div class="battle-history"><small>The opposing TheLocalHero restored its HP.</small><br></div><div class="spacer battle-history"><br></div><div class="battle-history">Poliwrath used <strong>Focus Punch</strong>!<br></div><div class="battle-history"><small>(The opposing TheLocalHero lost <abbr title="−201/426">47.2%</abbr> of its health!)</small><br></div><div class="spacer battle-history"><br></div><div class="battle-history"><small>Poliwrath restored a little HP using its Leftovers!</small><br></div><div class="battle-history"><small>The opposing TheLocalHero restored a little HP using its Leftovers!</small><br></div><div class="battle-history"><small>Poliwrath was hurt by poison!</small><br></div><div class="spacer battle-history"><br></div><h2 class="battle-history">Turn 18</h2><div class="spacer battle-history"><br></div><div class="battle-history"><small>Poliwrath is tightening its focus!</small><br></div><div class="spacer battle-history"><br></div><div class="battle-history">The opposing TheLocalHero used <strong>Recover</strong>!<br></div><div class="battle-history"><small>The opposing TheLocalHero restored its HP.</small><br></div><div class="spacer battle-history"><br></div><div class="battle-history">Poliwrath used <strong>Focus Punch</strong>!<br></div><div class="battle-history"><small>(The opposing TheLocalHero lost <abbr title="−207/426">48.6%</abbr> of its health!)</small><br></div><div class="spacer battle-history"><br></div><div class="battle-history"><small>Poliwrath restored a little HP using its Leftovers!</small><br></div><div class="battle-history"><small>The opposing TheLocalHero restored a little HP using its Leftovers!</small><br></div><div class="battle-history"><small>Poliwrath was hurt by poison!</small><br></div><div class="spacer battle-history"><br></div><div class="battle-history">Poliwrath fainted!<br></div><div class="battle-history"><small>St0nehand forfeited.</small><br></div><div class="spacer battle-history"><br></div><div class="battle-history"><strong>GastrodonForUbers</strong> won the battle!<br></div><div class="chat"><small>St0nehand left.</small></div><div class="chat">St0nehand's rating: 1098 → <strong>1088</strong><br>(-10 for losing)</div><div class="chat">GastrodonForUbers's rating: 1326 → <strong>1334</strong><br>(+8 for winning)</div></div><div class="inner-preempt"></div></div></div>
</div>
<script>
let daily = Math.floor(Date.now()/1000/60/60/24);document.write('<script src="https://play.pokemonshowdown.com/js/replay-embed.js?version'+daily+'"></'+'script>');
</script>
