<!DOCTYPE html>
<meta charset="utf-8" />
<!-- version 1 -->
<title>NU replay: eternally vs. MrGreenChristmas</title>
<style>
html,body {font-family:Verdana, sans-serif;font-size:10pt;margin:0;padding:0;}body{padding:12px 0;} .battle-log {font-family:Verdana, sans-serif;font-size:10pt;} .battle-log-inline {border:1px solid #AAAAAA;background:#EEF2F5;color:black;max-width:640px;margin:0 auto 80px;padding-bottom:5px;} .battle-log .inner {padding:4px 8px 0px 8px;} .battle-log .inner-preempt {padding:0 8px 4px 8px;} .battle-log .inner-after {margin-top:0.5em;} .battle-log h2 {margin:0.5em -8px;padding:4px 8px;border:1px solid #AAAAAA;background:#E0E7EA;border-left:0;border-right:0;font-family:Verdana, sans-serif;font-size:13pt;} .battle-log .chat {vertical-align:middle;padding:3px 0 3px 0;font-size:8pt;} .battle-log .chat strong {color:#40576A;} .battle-log .chat em {padding:1px 4px 1px 3px;color:#000000;font-style:normal;} .chat.mine {background:rgba(0,0,0,0.05);margin-left:-8px;margin-right:-8px;padding-left:8px;padding-right:8px;} .spoiler {color:#BBBBBB;background:#BBBBBB;padding:0px 3px;} .spoiler:hover, .spoiler:active, .spoiler-shown {color:#000000;background:#E2E2E2;padding:0px 3px;} .spoiler a {color:#BBBBBB;} .spoiler:hover a, .spoiler:active a, .spoiler-shown a {color:#2288CC;} .chat code, .chat .spoiler:hover code, .chat .spoiler:active code, .chat .spoiler-shown code {border:1px solid #C0C0C0;background:#EEEEEE;color:black;padding:0 2px;} .chat .spoiler code {border:1px solid #CCCCCC;background:#CCCCCC;color:#CCCCCC;} .battle-log .rated {padding:3px 4px;} .battle-log .rated strong {color:white;background:#89A;padding:1px 4px;border-radius:4px;} .spacer {margin-top:0.5em;} .message-announce {background:#6688AA;color:white;padding:1px 4px 2px;} .message-announce a, .broadcast-green a, .broadcast-blue a, .broadcast-red a {color:#DDEEFF;} .broadcast-green {background-color:#559955;color:white;padding:2px 4px;} .broadcast-blue {background-color:#6688AA;color:white;padding:2px 4px;} .infobox {border:1px solid #6688AA;padding:2px 4px;} .infobox-limited {max-height:200px;overflow:auto;overflow-x:hidden;} .broadcast-red {background-color:#AA5544;color:white;padding:2px 4px;} .message-learn-canlearn {font-weight:bold;color:#228822;text-decoration:underline;} .message-learn-cannotlearn {font-weight:bold;color:#CC2222;text-decoration:underline;} .message-effect-weak {font-weight:bold;color:#CC2222;} .message-effect-resist {font-weight:bold;color:#6688AA;} .message-effect-immune {font-weight:bold;color:#666666;} .message-learn-list {margin-top:0;margin-bottom:0;} .message-throttle-notice, .message-error {color:#992222;} .message-overflow, .chat small.message-overflow {font-size:0pt;} .message-overflow::before {font-size:9pt;content:'...';} .subtle {color:#3A4A66;}
</style>
<div class="wrapper replay-wrapper" style="max-width:1180px;margin:0 auto">
<input type="hidden" name="replayid" value="nu-536740814" />
<div class="battle"></div><div class="battle-log"></div><div class="replay-controls"></div><div class="replay-controls-2"></div>
<h1 style="font-weight:normal;text-align:center"><strong>NU</strong><br /><a href="http://pokemonshowdown.com/users/eternally" class="subtle" target="_blank">eternally</a> vs. <a href="http://pokemonshowdown.com/users/mrgreenchristmas" class="subtle" target="_blank">MrGreenChristmas</a></h1>
<script type="text/plain" class="battle-log-data">|j|eternally
|j|MrGreenChristmas
|player|p1|eternally|50
|player|p2|MrGreenChristmas|185
|gametype|singles
|gen|6
|tier|NU
|seed|32586,60807,45288,42239
|rule|Sleep Clause Mod: Limit one foe put to sleep
|rule|Species Clause: Limit one of each Pokémon
|rule|OHKO Clause: OHKO moves are banned
|rule|Moody Clause: Moody is banned
|rule|Evasion Moves Clause: Evasion moves are banned
|rule|Endless Battle Clause: Forcing endless battles is banned
|rule|HP Percentage Mod: HP is shown in percentages
|clearpoke
|poke|p1|Audino, M|item
|poke|p1|Altaria, F|item
|poke|p1|Quagsire, F|item
|poke|p1|Gourgeist-*, F|item
|poke|p1|Bronzor|item
|poke|p1|Skuntank, M|item
|poke|p2|Tauros, M|item
|poke|p2|Grumpig, F|item
|poke|p2|Poliwrath, M|item
|poke|p2|Weezing, M|item
|poke|p2|Steelix, M|item
|poke|p2|Skuntank, F|item
|rule|Swagger Clause: Swagger is banned
|rule|Baton Pass Clause: Limit one Baton Passer, can't pass Spe and other stats simultaneously
|teampreview
|c|★eternally|hf
|c|★MrGreenChristmas|Have fun! :3
|j|lucianvega
|c|★MrGreenChristmas|This looks like a tennis team.
|c|★MrGreenChristmas|Imo.
|c| lucianvega|how can you say hf
|c| lucianvega|after facing this
|c|★eternally|lol
|choice|team 4, team 2, team 3, team 1, team 5, team 6|team 5, team 2, team 3, team 4, team 1, team 6
|
|start
|switch|p1a: Gourgeist|Gourgeist-Super, F|374\/374
|switch|p2a: Steelix|Steelix, M|301\/301
|-item|p2a: Steelix|Life Orb|[from] ability: Frisk|[of] p1a: Gourgeist|[identify]
|turn|1
|c|★eternally|i think lucianvega made your team, not tennis
|choice|move willowisp|move darkpulse
|
|move|p2a: Steelix|Dark Pulse|p1a: Gourgeist
|-supereffective|p1a: Gourgeist
|-enditem|p1a: Gourgeist|Colbur Berry|[eat]
|-enditem|p1a: Gourgeist|Colbur Berry|[weaken]
|-damage|p1a: Gourgeist|247\/374
|move|p1a: Gourgeist|Will-O-Wisp|p2a: Steelix|[miss]
|-miss|p1a: Gourgeist|p2a: Steelix
|
|upkeep
|turn|2
|c|★MrGreenChristmas|Mine is Lucian, yeah.
|c| lucianvega|lol
|c|★MrGreenChristmas|I meant yours.
|c|★eternally|oh
|c|★eternally|no i dont use other peoples teams
|c| lucianvega|put AV grumpig
|choice|switch 2|move darkpulse
|
|switch|p1a: Altaria|Altaria, F|354\/354
|move|p2a: Steelix|Dark Pulse|p1a: Altaria
|-damage|p1a: Altaria|262\/354
|
|-heal|p1a: Altaria|284\/354|[from] item: Leftovers
|upkeep
|turn|3
|choice|move flamethrower|switch 3
|
|switch|p2a: Poliwrath|Poliwrath, M|345\/345
|move|p1a: Altaria|Flamethrower|p2a: Poliwrath
|-resisted|p2a: Poliwrath
|-damage|p2a: Poliwrath|314\/345
|
|-heal|p1a: Altaria|306\/354|[from] item: Leftovers
|upkeep
|turn|4
|choice|switch 5|move scald
|
|switch|p1a: Bronzor|Bronzor|318\/318
|move|p2a: Poliwrath|Scald|p1a: Bronzor
|-damage|p1a: Bronzor|243\/318
|-damage|p2a: Poliwrath|280\/345|[from] item: Life Orb
|
|upkeep
|turn|5
|c|★MrGreenChristmas|0
|c| lucianvega|its bronzor man
|choice|move stealthrock|switch 6
|
|switch|p2a: Skuntank|Skuntank, F|347\/347
|move|p1a: Bronzor|Stealth Rock|p2a: Skuntank
|-sidestart|p2: MrGreenChristmas|move: Stealth Rock
|
|upkeep
|turn|6
|choice|switch 5|move pursuit
|
|-activate|p1a: Bronzor|move: Pursuit
|move|p2a: Skuntank|Pursuit|p1a: Bronzor|[from]Pursuit
|-supereffective|p1a: Bronzor
|-damage|p1a: Bronzor|51\/318
|switch|p1a: Altaria|Altaria, F|306\/354
|
|-heal|p1a: Altaria|328\/354|[from] item: Leftovers
|upkeep
|turn|7
|c|★eternally|oh so this isnt defog
|c|★eternally|interesting
|c| lucianvega|yeah.
|choice|move flamethrower|switch 3
|
|switch|p2a: Steelix|Steelix, M|301\/301
|-damage|p2a: Steelix|292\/301|[from] Stealth Rock
|move|p1a: Altaria|Flamethrower|p2a: Steelix
|-supereffective|p2a: Steelix
|-damage|p2a: Steelix|150\/301
|
|-heal|p1a: Altaria|350\/354|[from] item: Leftovers
|upkeep
|turn|8
|c|★MrGreenChristmas|Who doesn't click Draco?
|c|★MrGreenChristmas|:c
|c|★eternally|lol
|c| lucianvega|who runs draco on stall
|choice|move toxic|switch 6
|
|switch|p2a: Poliwrath|Poliwrath, M|280\/345
|-damage|p2a: Poliwrath|259\/345|[from] Stealth Rock
|move|p1a: Altaria|Toxic|p2a: Poliwrath
|-status|p2a: Poliwrath|tox
|
|-heal|p1a: Altaria|354\/354|[from] item: Leftovers
|-damage|p2a: Poliwrath|238\/345 tox|[from] psn
|upkeep
|turn|9
|c|★MrGreenChristmas|I'm bad.
|c| lucianvega|WHO TOXICS THE STEELIX
|c|★eternally|?
|c| lucianvega|AS IF THIS WAS OU TIER
|c|★eternally|thats poliwrath
|c|★MrGreenChristmas|P L A Y E D
|choice|switch 5|move scald
|
|switch|p1a: Bronzor|Bronzor|51\/318
|move|p2a: Poliwrath|Scald|p1a: Bronzor
|-damage|p1a: Bronzor|0 fnt
|-damage|p2a: Poliwrath|204\/345 tox|[from] item: Life Orb
|faint|p1a: Bronzor
|
|-damage|p2a: Poliwrath|162\/345 tox|[from] psn
|upkeep
|c| lucianvega|we both know whats going on user eternally
|choice|switch 4|
|
|switch|p1a: Audino|Audino, M|410\/410
|turn|10
|c|★eternally|uh
|c| lucianvega|you are well guilty
|c| lucianvega|for this crime
|j|Hugobou
|choice|switch 5|switch 6
|
|switch|p2a: Steelix|Steelix, M|150\/301
|-damage|p2a: Steelix|141\/301|[from] Stealth Rock
|switch|p1a: Altaria|Altaria, F|354\/354
|
|upkeep
|turn|11
|choice|move flamethrower|switch 4
|
|switch|p2a: Weezing|Weezing, M|307\/307
|-damage|p2a: Weezing|269\/307|[from] Stealth Rock
|move|p1a: Altaria|Flamethrower|p2a: Weezing
|-damage|p2a: Weezing|193\/307
|
|upkeep
|turn|12
|c|★MrGreenChristmas|Whoops.
|l|Hugobou
|c|★MrGreenChristmas|I just choked.
|c|★MrGreenChristmas|But it's okay.
|choice|move flamethrower|move sludgebomb
|
|move|p1a: Altaria|Flamethrower|p2a: Weezing
|-damage|p2a: Weezing|122\/307
|move|p2a: Weezing|Sludge Bomb|p1a: Altaria
|-damage|p1a: Altaria|237\/354
|
|-heal|p1a: Altaria|259\/354|[from] item: Leftovers
|upkeep
|turn|13
|c| lucianvega|who is hugobou
|c|★MrGreenChristmas|jk I'm bad.
|choice|move flamethrower|switch 6
|
|switch|p2a: Poliwrath|Poliwrath, M|162\/345 tox
|-damage|p2a: Poliwrath|141\/345 tox|[from] Stealth Rock
|move|p1a: Altaria|Flamethrower|p2a: Poliwrath
|-resisted|p2a: Poliwrath
|-damage|p2a: Poliwrath|113\/345 tox
|
|-heal|p1a: Altaria|281\/354|[from] item: Leftovers
|-damage|p2a: Poliwrath|92\/345 tox|[from] psn
|upkeep
|turn|14
|choice|switch 5|move focusblast
|
|switch|p1a: Audino|Audino, M|410\/410
|move|p2a: Poliwrath|Focus Blast|p1a: Audino
|-supereffective|p1a: Audino
|-damage|p1a: Audino|67\/410
|-damage|p2a: Poliwrath|58\/345 tox|[from] item: Life Orb
|
|-damage|p2a: Poliwrath|16\/345 tox|[from] psn
|upkeep
|turn|15
|c| lucianvega|shooot it hard baby
|c|★MrGreenChristmas|Easy.
|choice|move protect|move scald
|
|move|p1a: Audino|Protect|p1a: Audino
|-singleturn|p1a: Audino|Protect
|move|p2a: Poliwrath|Scald|p1a: Audino
|-activate|p1a: Audino|move: Protect
|
|-damage|p2a: Poliwrath|0 fnt|[from] psn
|upkeep
|faint|p2a: Poliwrath
|choice||switch 5
|
|switch|p2a: Tauros|Tauros, M|291\/291
|-damage|p2a: Tauros|255\/291|[from] Stealth Rock
|turn|16
|choice|switch 3|move fireblast
|
|switch|p1a: Quagsire|Quagsire, F|394\/394
|move|p2a: Tauros|Fire Blast|p1a: Quagsire
|-resisted|p1a: Quagsire
|-damage|p1a: Quagsire|343\/394
|
|-heal|p1a: Quagsire|367\/394|[from] item: Leftovers
|upkeep
|turn|17
|c| lucianvega|QUAGMIRE
|c| lucianvega|THE GOD
|c|★eternally|.......
|choice|move scald|switch 6
|
|switch|p2a: Weezing|Weezing, M|122\/307
|-damage|p2a: Weezing|84\/307|[from] Stealth Rock
|move|p1a: Quagsire|Scald|p2a: Weezing
|-crit|p2a: Weezing
|-damage|p2a: Weezing|0 fnt
|faint|p2a: Weezing
|
|-heal|p1a: Quagsire|391\/394|[from] item: Leftovers
|upkeep
|c|★MrGreenChristmas|Ow.
|choice||switch 2
|
|switch|p2a: Grumpig|Grumpig, F|301\/301
|-damage|p2a: Grumpig|264\/301|[from] Stealth Rock
|turn|18
|choice|switch 6|move calmmind
|
|switch|p1a: Skuntank|Skuntank, M|347\/347
|move|p2a: Grumpig|Calm Mind|p2a: Grumpig
|-boost|p2a: Grumpig|spa|1
|-boost|p2a: Grumpig|spd|1
|
|upkeep
|turn|19
|choice|move acidspray|move focusblast
|
|move|p1a: Skuntank|Acid Spray|p2a: Grumpig
|-damage|p2a: Grumpig|230\/301
|-unboost|p2a: Grumpig|spd|2
|move|p2a: Grumpig|Focus Blast|p1a: Skuntank
|-damage|p1a: Skuntank|99\/347
|
|-heal|p1a: Skuntank|120\/347|[from] item: Black Sludge
|upkeep
|turn|20
|c| lucianvega|OOOO
|c| lucianvega|eternally using the best set
|c| lucianvega|i love youu
|c|★eternally|lol
|choice|move darkpulse|move signalbeam
|
|move|p1a: Skuntank|Dark Pulse|p2a: Grumpig
|-supereffective|p2a: Grumpig
|-enditem|p2a: Grumpig|Colbur Berry|[eat]
|-enditem|p2a: Grumpig|Colbur Berry|[weaken]
|-damage|p2a: Grumpig|92\/301
|move|p2a: Grumpig|Signal Beam|p1a: Skuntank
|-damage|p1a: Skuntank|0 fnt
|faint|p1a: Skuntank
|
|upkeep
|choice|switch 5|
|
|switch|p1a: Altaria|Altaria, F|281\/354
|turn|21
|choice|move haze|move psyshock
|
|move|p2a: Grumpig|Psyshock|p1a: Altaria
|-damage|p1a: Altaria|127\/354
|move|p1a: Altaria|Haze|p1a: Altaria
|-clearallboost
|
|-heal|p1a: Altaria|149\/354|[from] item: Leftovers
|upkeep
|turn|22
|c| lucianvega|signal beam more like signal bean
|choice|move roost|move calmmind
|
|move|p2a: Grumpig|Calm Mind|p2a: Grumpig
|-boost|p2a: Grumpig|spa|1
|-boost|p2a: Grumpig|spd|1
|move|p1a: Altaria|Roost|p1a: Altaria
|-heal|p1a: Altaria|326\/354
|
|-heal|p1a: Altaria|348\/354|[from] item: Leftovers
|upkeep
|turn|23
|choice|move haze|move psyshock
|
|move|p2a: Grumpig|Psyshock|p1a: Altaria
|-damage|p1a: Altaria|206\/354
|move|p1a: Altaria|Haze|p1a: Altaria
|-clearallboost
|
|-heal|p1a: Altaria|228\/354|[from] item: Leftovers
|upkeep
|turn|24
|c|★MrGreenChristmas|:(
|choice|move toxic|switch 3
|
|switch|p2a: Skuntank|Skuntank, F|347\/347
|-damage|p2a: Skuntank|304\/347|[from] Stealth Rock
|move|p1a: Altaria|Toxic|p2a: Skuntank
|-immune|p2a: Skuntank|[msg]
|
|-heal|p1a: Altaria|250\/354|[from] item: Leftovers
|upkeep
|turn|25
|choice|move roost|move pursuit
|
|move|p2a: Skuntank|Pursuit|p1a: Altaria
|-damage|p1a: Altaria|202\/354
|move|p1a: Altaria|Roost|p1a: Altaria
|-heal|p1a: Altaria|354\/354
|
|upkeep
|turn|26
|choice|switch 6|move poisonjab
|
|switch|p1a: Quagsire|Quagsire, F|391\/394
|move|p2a: Skuntank|Poison Jab|p1a: Quagsire
|-resisted|p1a: Quagsire
|-damage|p1a: Quagsire|344\/394
|
|-heal|p1a: Quagsire|368\/394|[from] item: Leftovers
|upkeep
|turn|27
|c|★MrGreenChristmas|I should have Pursuit'd tbh.
|c| lucianvega|what do you call alolan Quagsire if it gets a fire typing?
|c| lucianvega|QUAGFIRE
|c|★MrGreenChristmas|Lol.
|l|lucianvega
|c|★eternally|lol
|j|lucianvega
|choice|move earthquake|move poisonjab
|
|move|p2a: Skuntank|Poison Jab|p1a: Quagsire
|-resisted|p1a: Quagsire
|-damage|p1a: Quagsire|321\/394
|move|p1a: Quagsire|Earthquake|p2a: Skuntank
|-supereffective|p2a: Skuntank
|-damage|p2a: Skuntank|40\/347
|
|-heal|p1a: Quagsire|345\/394|[from] item: Leftovers
|upkeep
|turn|28
|choice|move earthquake|move poisonjab
|
|move|p2a: Skuntank|Poison Jab|p1a: Quagsire
|-resisted|p1a: Quagsire
|-damage|p1a: Quagsire|297\/394
|move|p1a: Quagsire|Earthquake|p2a: Skuntank
|-supereffective|p2a: Skuntank
|-damage|p2a: Skuntank|0 fnt
|faint|p2a: Skuntank
|
|-heal|p1a: Quagsire|321\/394|[from] item: Leftovers
|upkeep
|choice||switch 3
|
|switch|p2a: Grumpig|Grumpig, F|92\/301
|-damage|p2a: Grumpig|55\/301|[from] Stealth Rock
|turn|29
|choice|move recover|move focusblast
|
|move|p2a: Grumpig|Focus Blast|p1a: Quagsire|[miss]
|-miss|p2a: Grumpig|p1a: Quagsire
|move|p1a: Quagsire|Recover|p1a: Quagsire
|-heal|p1a: Quagsire|394\/394
|
|upkeep
|turn|30
|c|★MrGreenChristmas|I can win if I get a crit.
|choice|move curse|move focusblast
|
|move|p2a: Grumpig|Focus Blast|p1a: Quagsire|[miss]
|-miss|p2a: Grumpig|p1a: Quagsire
|move|p1a: Quagsire|Curse|p1a: Quagsire
|-unboost|p1a: Quagsire|spe|1
|-boost|p1a: Quagsire|atk|1
|-boost|p1a: Quagsire|def|1
|
|upkeep
|turn|31
|choice|move recover|move focusblast
|
|move|p2a: Grumpig|Focus Blast|p1a: Quagsire
|-damage|p1a: Quagsire|210\/394
|move|p1a: Quagsire|Recover|p1a: Quagsire
|-heal|p1a: Quagsire|394\/394
|
|upkeep
|turn|32
|choice|switch 6|move calmmind
|
|switch|p1a: Altaria|Altaria, F|354\/354
|move|p2a: Grumpig|Calm Mind|p2a: Grumpig
|-boost|p2a: Grumpig|spa|1
|-boost|p2a: Grumpig|spd|1
|
|upkeep
|turn|33
|choice|move haze|move psyshock
|
|move|p2a: Grumpig|Psyshock|p1a: Altaria
|-damage|p1a: Altaria|207\/354
|move|p1a: Altaria|Haze|p1a: Altaria
|-clearallboost
|
|-heal|p1a: Altaria|229\/354|[from] item: Leftovers
|upkeep
|turn|34
|choice|move roost|switch 6
|
|switch|p2a: Tauros|Tauros, M|255\/291
|-damage|p2a: Tauros|219\/291|[from] Stealth Rock
|move|p1a: Altaria|Roost|p1a: Altaria
|-heal|p1a: Altaria|354\/354
|
|upkeep
|turn|35
|choice|move toxic|move rockclimb
|
|move|p2a: Tauros|Rock Climb|p1a: Altaria
|-damage|p1a: Altaria|169\/354
|move|p1a: Altaria|Toxic|p2a: Tauros
|-status|p2a: Tauros|tox
|
|-heal|p1a: Altaria|191\/354|[from] item: Leftovers
|-damage|p2a: Tauros|201\/291 tox|[from] psn
|upkeep
|turn|36
|choice|switch 2|move rockclimb
|
|switch|p1a: Gourgeist|Gourgeist-Super, F|247\/374
|-item|p2a: Tauros|Life Orb|[from] ability: Frisk|[of] p1a: Gourgeist|[identify]
|move|p2a: Tauros|Rock Climb|p1a: Gourgeist
|-immune|p1a: Gourgeist|[msg]
|
|-damage|p2a: Tauros|165\/291 tox|[from] psn
|upkeep
|turn|37
|choice|move synthesis|move rockclimb
|
|move|p2a: Tauros|Rock Climb|p1a: Gourgeist
|-immune|p1a: Gourgeist|[msg]
|move|p1a: Gourgeist|Synthesis|p1a: Gourgeist
|-heal|p1a: Gourgeist|374\/374
|
|-damage|p2a: Tauros|111\/291 tox|[from] psn
|upkeep
|turn|38
|choice|switch 3|switch 4
|
|switch|p2a: Steelix|Steelix, M|141\/301
|-damage|p2a: Steelix|132\/301|[from] Stealth Rock
|switch|p1a: Audino|Audino, M|203\/410
|
|upkeep
|turn|39
|c| lucianvega|why is altaria normal resist 2017
|choice|switch 2|move stealthrock
|
|switch|p1a: Altaria|Altaria, F|191\/354
|move|p2a: Steelix|Stealth Rock|p1a: Altaria
|-sidestart|p1: eternally|move: Stealth Rock
|
|-heal|p1a: Altaria|213\/354|[from] item: Leftovers
|upkeep
|turn|40
|c|★eternally|lol
|c| lucianvega|just like specs mesprit was fighting check in 2016
|choice|move flamethrower|switch 6
|
|switch|p2a: Grumpig|Grumpig, F|55\/301
|-damage|p2a: Grumpig|18\/301|[from] Stealth Rock
|move|p1a: Altaria|Flamethrower|p2a: Grumpig
|-damage|p2a: Grumpig|0 fnt
|faint|p2a: Grumpig
|
|-heal|p1a: Altaria|235\/354|[from] item: Leftovers
|upkeep
|c|★eternally|??
|c|★eternally|do you not see the bronzor
|c|★eternally|and gourgeist
|c|★MrGreenChristmas|Idk what you're talking about, my 2016 Fighting check was Ninjask.
|choice||switch 4
|
|switch|p2a: Tauros|Tauros, M|111\/291 tox
|-damage|p2a: Tauros|75\/291 tox|[from] Stealth Rock
|turn|41
|c| lucianvega|eternally im saying that bcz of that bulk
|c| lucianvega|not bcz to mock
|c|★MrGreenChristmas|Crit here.
|c|★eternally|lucianvega hi
|choice|switch 3|move fireblast
|
|switch|p1a: Gourgeist|Gourgeist-Super, F|374\/374
|-damage|p1a: Gourgeist|328\/374|[from] Stealth Rock
|-item|p2a: Tauros|Life Orb|[from] ability: Frisk|[of] p1a: Gourgeist|[identify]
|move|p2a: Tauros|Fire Blast|p1a: Gourgeist
|-supereffective|p1a: Gourgeist
|-damage|p1a: Gourgeist|156\/374
|
|-damage|p2a: Tauros|57\/291 tox|[from] psn
|upkeep
|turn|42
|c| lucianvega|hi.
|choice|switch 2|move rockclimb
|
|switch|p1a: Audino|Audino, M|339\/410
|-damage|p1a: Audino|288\/410|[from] Stealth Rock
|move|p2a: Tauros|Rock Climb|p1a: Audino
|-damage|p1a: Audino|74\/410
|
|-damage|p2a: Tauros|21\/291 tox|[from] psn
|upkeep
|turn|43
|choice|move wish|move earthquake
|
|move|p2a: Tauros|Earthquake|p1a: Audino
|-damage|p1a: Audino|0 fnt
|-damage|p2a: Tauros|0 fnt|[from] item: Life Orb
|faint|p1a: Audino
|faint|p2a: Tauros
|
|upkeep
|choice|switch 3|switch 6
|
|switch|p1a: Altaria|Altaria, F|235\/354
|switch|p2a: Steelix|Steelix, M|132\/301
|-damage|p1a: Altaria|147\/354|[from] Stealth Rock
|-damage|p2a: Steelix|123\/301|[from] Stealth Rock
|turn|44
|c|★eternally|gg
|c|★MrGreenChristmas|GG
|choice|move flamethrower|move flashcannon
|
|move|p1a: Altaria|Flamethrower|p2a: Steelix
|-supereffective|p2a: Steelix
|-damage|p2a: Steelix|0 fnt
|faint|p2a: Steelix
|
|win|eternally
|player|p1
|player|p2</script>
</div>
<div class="battle-log battle-log-inline"><div class="inner"><div class="battle-options"></div><div class="inner"><div class="chat"><small>eternally joined.</small></div><div class="chat"><small>MrGreenChristmas joined.</small></div><div class=""><small>Format:</small> <br><strong>NU</strong></div><div class=""><small><em>Sleep Clause Mod:</em> Limit one foe put to sleep</small></div><div class=""><small><em>Species Clause:</em> Limit one of each Pokémon</small></div><div class=""><small><em>OHKO Clause:</em> OHKO moves are banned</small></div><div class=""><small><em>Moody Clause:</em> Moody is banned</small></div><div class=""><small><em>Evasion Moves Clause:</em> Evasion moves are banned</small></div><div class=""><small><em>Endless Battle Clause:</em> Forcing endless battles is banned</small></div><div class=""><small><em>HP Percentage Mod:</em> HP is shown in percentages</small></div><div class=""><small><em>Swagger Clause:</em> Swagger is banned</small></div><div class=""><small><em>Baton Pass Clause:</em> Limit one Baton Passer, can't pass Spe and other stats simultaneously</small></div><div class="chat battle-history"><strong>eternally's team:</strong> <em style="color:#445566;display:block;">Audino / Altaria / Quagsire / Gourgeist-* / Bronzor / Skuntank</em></div><div class="chat battle-history"><strong>MrGreenChristmas's team:</strong> <em style="color:#445566;display:block;">Tauros / Grumpig / Poliwrath / Weezing / Steelix / Skuntank</em></div><div class="chat chatmessage-eternally"><strong style="color:hsl(110,78%,33%)"><small>★</small><span class="username" data-name="eternally">eternally</span>:</strong> <em>hf</em></div><div class="chat chatmessage-mrgreenchristmas"><strong style="color:hsl(24,81%,45%)"><small>★</small><span class="username" data-name="MrGreenChristmas">MrGreenChristmas</span>:</strong> <em>Have fun! :3</em></div><div class="chat"><small>lucianvega joined.</small></div><div class="chat chatmessage-mrgreenchristmas"><strong style="color:hsl(24,81%,45%)"><small>★</small><span class="username" data-name="MrGreenChristmas">MrGreenChristmas</span>:</strong> <em>This looks like a tennis team.</em></div><div class="chat chatmessage-mrgreenchristmas"><strong style="color:hsl(24,81%,45%)"><small>★</small><span class="username" data-name="MrGreenChristmas">MrGreenChristmas</span>:</strong> <em>Imo.</em></div><div class="chat chatmessage-lucianvega"><strong style="color:hsl(158,75%,37.25155031857375%)"><small> </small><span class="username" data-name="lucianvega">lucianvega</span>:</strong> <em>how can you say hf</em></div><div class="chat chatmessage-lucianvega"><strong style="color:hsl(158,75%,37.25155031857375%)"><small> </small><span class="username" data-name="lucianvega">lucianvega</span>:</strong> <em>after facing this</em></div><div class="chat chatmessage-eternally"><strong style="color:hsl(110,78%,33%)"><small>★</small><span class="username" data-name="eternally">eternally</span>:</strong> <em>lol</em></div><div class="spacer battle-history"><br></div><div class="battle-history">Battle started between eternally and MrGreenChristmas!<br></div><div class="spacer battle-history"><br></div><div class="battle-history">Go! Gourgeist (<strong>Gourgeist-Super</strong>)!<br></div><div class="spacer battle-history"><br></div><div class="battle-history">MrGreenChristmas sent out <strong>Steelix</strong>!<br></div><div class="battle-history"><small>[Gourgeist's Frisk]</small><br><small>Gourgeist frisked the opposing Steelix and found its Life Orb!</small><br></div><div class="spacer battle-history"><br></div><h2 class="battle-history">Turn 1</h2><div class="chat chatmessage-eternally"><strong style="color:hsl(110,78%,33%)"><small>★</small><span class="username" data-name="eternally">eternally</span>:</strong> <em>i think lucianvega made your team, not tennis</em></div><div class="spacer battle-history"><br></div><div class="battle-history">The opposing Steelix used <strong>Dark Pulse</strong>!<br></div><div class="battle-history"><small>It's super effective!</small><br></div><div class="battle-history"><small>Gourgeist ate its Colbur Berry!</small><br></div><div class="battle-history"><small>The Colbur Berry weakened the damage to Gourgeist!</small><br></div><div class="battle-history"><small>(Gourgeist lost <abbr title="−127/374">34.0%</abbr> of its health!)</small><br></div><div class="spacer battle-history"><br></div><div class="battle-history">Gourgeist used <strong>Will-O-Wisp</strong>!<br></div><div class="battle-history"><small>The opposing Steelix avoided the attack!</small><br></div><div class="spacer battle-history"><br></div><h2 class="battle-history">Turn 2</h2><div class="chat chatmessage-mrgreenchristmas"><strong style="color:hsl(24,81%,45%)"><small>★</small><span class="username" data-name="MrGreenChristmas">MrGreenChristmas</span>:</strong> <em>Mine is Lucian, yeah.</em></div><div class="chat chatmessage-lucianvega"><strong style="color:hsl(158,75%,37.25155031857375%)"><small> </small><span class="username" data-name="lucianvega">lucianvega</span>:</strong> <em>lol</em></div><div class="chat chatmessage-mrgreenchristmas"><strong style="color:hsl(24,81%,45%)"><small>★</small><span class="username" data-name="MrGreenChristmas">MrGreenChristmas</span>:</strong> <em>I meant yours.</em></div><div class="chat chatmessage-eternally"><strong style="color:hsl(110,78%,33%)"><small>★</small><span class="username" data-name="eternally">eternally</span>:</strong> <em>oh</em></div><div class="chat chatmessage-eternally"><strong style="color:hsl(110,78%,33%)"><small>★</small><span class="username" data-name="eternally">eternally</span>:</strong> <em>no i dont use other peoples teams</em></div><div class="chat chatmessage-lucianvega"><strong style="color:hsl(158,75%,37.25155031857375%)"><small> </small><span class="username" data-name="lucianvega">lucianvega</span>:</strong> <em>put AV grumpig</em></div><div class="spacer battle-history"><br></div><div class="battle-history">Gourgeist, come back!<br></div><div class="battle-history">Go! <strong>Altaria</strong>!<br></div><div class="spacer battle-history"><br></div><div class="battle-history">The opposing Steelix used <strong>Dark Pulse</strong>!<br></div><div class="battle-history"><small>(Altaria lost <abbr title="−92/354">26.0%</abbr> of its health!)</small><br></div><div class="spacer battle-history"><br></div><div class="battle-history"><small>Altaria restored a little HP using its Leftovers!</small><br></div><div class="spacer battle-history"><br></div><h2 class="battle-history">Turn 3</h2><div class="spacer battle-history"><br></div><div class="battle-history">MrGreenChristmas withdrew Steelix!<br></div><div class="battle-history">MrGreenChristmas sent out <strong>Poliwrath</strong>!<br></div><div class="spacer battle-history"><br></div><div class="battle-history">Altaria used <strong>Flamethrower</strong>!<br></div><div class="battle-history"><small>It's not very effective...</small><br></div><div class="battle-history"><small>(The opposing Poliwrath lost <abbr title="−31/345">9.0%</abbr> of its health!)</small><br></div><div class="spacer battle-history"><br></div><div class="battle-history"><small>Altaria restored a little HP using its Leftovers!</small><br></div><div class="spacer battle-history"><br></div><h2 class="battle-history">Turn 4</h2><div class="spacer battle-history"><br></div><div class="battle-history">Altaria, come back!<br></div><div class="battle-history">Go! <strong>Bronzor</strong>!<br></div><div class="spacer battle-history"><br></div><div class="battle-history">The opposing Poliwrath used <strong>Scald</strong>!<br></div><div class="battle-history"><small>(Bronzor lost <abbr title="−75/318">23.6%</abbr> of its health!)</small><br></div><div class="battle-history"><small>The opposing Poliwrath lost some of its HP!</small><br></div><div class="spacer battle-history"><br></div><h2 class="battle-history">Turn 5</h2><div class="chat chatmessage-mrgreenchristmas"><strong style="color:hsl(24,81%,45%)"><small>★</small><span class="username" data-name="MrGreenChristmas">MrGreenChristmas</span>:</strong> <em>0</em></div><div class="chat chatmessage-lucianvega"><strong style="color:hsl(158,75%,37.25155031857375%)"><small> </small><span class="username" data-name="lucianvega">lucianvega</span>:</strong> <em>its bronzor man</em></div><div class="spacer battle-history"><br></div><div class="battle-history">MrGreenChristmas withdrew Poliwrath!<br></div><div class="battle-history">MrGreenChristmas sent out <strong>Skuntank</strong>!<br></div><div class="spacer battle-history"><br></div><div class="battle-history">Bronzor used <strong>Stealth Rock</strong>!<br></div><div class="battle-history"><small>Pointed stones float in the air around the opposing team!</small><br></div><div class="spacer battle-history"><br></div><h2 class="battle-history">Turn 6</h2><div class="spacer battle-history"><br></div><div class="battle-history"><small>(Bronzor is being withdrawn...)</small><br></div><div class="spacer battle-history"><br></div><div class="battle-history">The opposing Skuntank used <strong>Pursuit</strong>!<br></div><div class="battle-history"><small>It's super effective!</small><br></div><div class="battle-history"><small>(Bronzor lost <abbr title="−192/318">60.4%</abbr> of its health!)</small><br></div><div class="spacer battle-history"><br></div><div class="battle-history">Bronzor, come back!<br></div><div class="battle-history">Go! <strong>Altaria</strong>!<br></div><div class="spacer battle-history"><br></div><div class="battle-history"><small>Altaria restored a little HP using its Leftovers!</small><br></div><div class="spacer battle-history"><br></div><h2 class="battle-history">Turn 7</h2><div class="chat chatmessage-eternally"><strong style="color:hsl(110,78%,33%)"><small>★</small><span class="username" data-name="eternally">eternally</span>:</strong> <em>oh so this isnt defog</em></div><div class="chat chatmessage-eternally"><strong style="color:hsl(110,78%,33%)"><small>★</small><span class="username" data-name="eternally">eternally</span>:</strong> <em>interesting</em></div><div class="chat chatmessage-lucianvega"><strong style="color:hsl(158,75%,37.25155031857375%)"><small> </small><span class="username" data-name="lucianvega">lucianvega</span>:</strong> <em>yeah.</em></div><div class="spacer battle-history"><br></div><div class="battle-history">MrGreenChristmas withdrew Skuntank!<br></div><div class="battle-history">MrGreenChristmas sent out <strong>Steelix</strong>!<br></div><div class="battle-history"><small>Pointed stones dug into the opposing Steelix!</small><br></div><div class="spacer battle-history"><br></div><div class="battle-history">Altaria used <strong>Flamethrower</strong>!<br></div><div class="battle-history"><small>It's super effective!</small><br></div><div class="battle-history"><small>(The opposing Steelix lost <abbr title="−142/301">47.2%</abbr> of its health!)</small><br></div><div class="spacer battle-history"><br></div><div class="battle-history"><small>Altaria restored a little HP using its Leftovers!</small><br></div><div class="spacer battle-history"><br></div><h2 class="battle-history">Turn 8</h2><div class="chat chatmessage-mrgreenchristmas"><strong style="color:hsl(24,81%,45%)"><small>★</small><span class="username" data-name="MrGreenChristmas">MrGreenChristmas</span>:</strong> <em>Who doesn't click Draco?</em></div><div class="chat chatmessage-mrgreenchristmas"><strong style="color:hsl(24,81%,45%)"><small>★</small><span class="username" data-name="MrGreenChristmas">MrGreenChristmas</span>:</strong> <em>:c</em></div><div class="chat chatmessage-eternally"><strong style="color:hsl(110,78%,33%)"><small>★</small><span class="username" data-name="eternally">eternally</span>:</strong> <em>lol</em></div><div class="chat chatmessage-lucianvega"><strong style="color:hsl(158,75%,37.25155031857375%)"><small> </small><span class="username" data-name="lucianvega">lucianvega</span>:</strong> <em>who runs draco on stall</em></div><div class="spacer battle-history"><br></div><div class="battle-history">MrGreenChristmas withdrew Steelix!<br></div><div class="battle-history">MrGreenChristmas sent out <strong>Poliwrath</strong>!<br></div><div class="battle-history"><small>Pointed stones dug into the opposing Poliwrath!</small><br></div><div class="spacer battle-history"><br></div><div class="battle-history">Altaria used <strong>Toxic</strong>!<br></div><div class="battle-history"><small>The opposing Poliwrath was badly poisoned!</small><br></div><div class="spacer battle-history"><br></div><div class="battle-history"><small>Altaria restored a little HP using its Leftovers!</small><br></div><div class="battle-history"><small>The opposing Poliwrath was hurt by poison!</small><br></div><div class="spacer battle-history"><br></div><h2 class="battle-history">Turn 9</h2><div class="chat chatmessage-mrgreenchristmas"><strong style="color:hsl(24,81%,45%)"><small>★</small><span class="username" data-name="MrGreenChristmas">MrGreenChristmas</span>:</strong> <em>I'm bad.</em></div><div class="chat chatmessage-lucianvega"><strong style="color:hsl(158,75%,37.25155031857375%)"><small> </small><span class="username" data-name="lucianvega">lucianvega</span>:</strong> <em>WHO TOXICS THE STEELIX</em></div><div class="chat chatmessage-eternally"><strong style="color:hsl(110,78%,33%)"><small>★</small><span class="username" data-name="eternally">eternally</span>:</strong> <em>?</em></div><div class="chat chatmessage-lucianvega"><strong style="color:hsl(158,75%,37.25155031857375%)"><small> </small><span class="username" data-name="lucianvega">lucianvega</span>:</strong> <em>AS IF THIS WAS OU TIER</em></div><div class="chat chatmessage-eternally"><strong style="color:hsl(110,78%,33%)"><small>★</small><span class="username" data-name="eternally">eternally</span>:</strong> <em>thats poliwrath</em></div><div class="chat chatmessage-mrgreenchristmas"><strong style="color:hsl(24,81%,45%)"><small>★</small><span class="username" data-name="MrGreenChristmas">MrGreenChristmas</span>:</strong> <em>P L A Y E D</em></div><div class="spacer battle-history"><br></div><div class="battle-history">Altaria, come back!<br></div><div class="battle-history">Go! <strong>Bronzor</strong>!<br></div><div class="spacer battle-history"><br></div><div class="battle-history">The opposing Poliwrath used <strong>Scald</strong>!<br></div><div class="battle-history"><small>(Bronzor lost <abbr title="−51/318">16.0%</abbr> of its health!)</small><br></div><div class="battle-history"><small>The opposing Poliwrath lost some of its HP!</small><br></div><div class="spacer battle-history"><br></div><div class="battle-history">Bronzor fainted!<br></div><div class="spacer battle-history"><br></div><div class="battle-history"><small>The opposing Poliwrath was hurt by poison!</small><br></div><div class="chat chatmessage-lucianvega"><strong style="color:hsl(158,75%,37.25155031857375%)"><small> </small><span class="username" data-name="lucianvega">lucianvega</span>:</strong> <em>we both know whats going on user eternally</em></div><div class="spacer battle-history"><br></div><div class="battle-history">Go! <strong>Audino</strong>!<br></div><div class="spacer battle-history"><br></div><h2 class="battle-history">Turn 10</h2><div class="chat chatmessage-eternally"><strong style="color:hsl(110,78%,33%)"><small>★</small><span class="username" data-name="eternally">eternally</span>:</strong> <em>uh</em></div><div class="chat chatmessage-lucianvega"><strong style="color:hsl(158,75%,37.25155031857375%)"><small> </small><span class="username" data-name="lucianvega">lucianvega</span>:</strong> <em>you are well guilty</em></div><div class="chat chatmessage-lucianvega"><strong style="color:hsl(158,75%,37.25155031857375%)"><small> </small><span class="username" data-name="lucianvega">lucianvega</span>:</strong> <em>for this crime</em></div><div class="chat"><small>Hugobou joined.</small></div><div class="spacer battle-history"><br></div><div class="battle-history">MrGreenChristmas withdrew Poliwrath!<br></div><div class="battle-history">MrGreenChristmas sent out <strong>Steelix</strong>!<br></div><div class="battle-history"><small>Pointed stones dug into the opposing Steelix!</small><br></div><div class="spacer battle-history"><br></div><div class="battle-history">Audino, come back!<br></div><div class="battle-history">Go! <strong>Altaria</strong>!<br></div><div class="spacer battle-history"><br></div><h2 class="battle-history">Turn 11</h2><div class="spacer battle-history"><br></div><div class="battle-history">MrGreenChristmas withdrew Steelix!<br></div><div class="battle-history">MrGreenChristmas sent out <strong>Weezing</strong>!<br></div><div class="battle-history"><small>Pointed stones dug into the opposing Weezing!</small><br></div><div class="spacer battle-history"><br></div><div class="battle-history">Altaria used <strong>Flamethrower</strong>!<br></div><div class="battle-history"><small>(The opposing Weezing lost <abbr title="−76/307">24.8%</abbr> of its health!)</small><br></div><div class="spacer battle-history"><br></div><h2 class="battle-history">Turn 12</h2><div class="chat chatmessage-mrgreenchristmas"><strong style="color:hsl(24,81%,45%)"><small>★</small><span class="username" data-name="MrGreenChristmas">MrGreenChristmas</span>:</strong> <em>Whoops.</em></div><div class="chat"><small>Hugobou left.</small></div><div class="chat chatmessage-mrgreenchristmas"><strong style="color:hsl(24,81%,45%)"><small>★</small><span class="username" data-name="MrGreenChristmas">MrGreenChristmas</span>:</strong> <em>I just choked.</em></div><div class="chat chatmessage-mrgreenchristmas"><strong style="color:hsl(24,81%,45%)"><small>★</small><span class="username" data-name="MrGreenChristmas">MrGreenChristmas</span>:</strong> <em>But it's okay.</em></div><div class="spacer battle-history"><br></div><div class="battle-history">Altaria used <strong>Flamethrower</strong>!<br></div><div class="battle-history"><small>(The opposing Weezing lost <abbr title="−71/307">23.1%</abbr> of its health!)</small><br></div><div class="spacer battle-history"><br></div><div class="battle-history">The opposing Weezing used <strong>Sludge Bomb</strong>!<br></div><div class="battle-history"><small>(Altaria lost <abbr title="−117/354">33.1%</abbr> of its health!)</small><br></div><div class="spacer battle-history"><br></div><div class="battle-history"><small>Altaria restored a little HP using its Leftovers!</small><br></div><div class="spacer battle-history"><br></div><h2 class="battle-history">Turn 13</h2><div class="chat chatmessage-lucianvega"><strong style="color:hsl(158,75%,37.25155031857375%)"><small> </small><span class="username" data-name="lucianvega">lucianvega</span>:</strong> <em>who is hugobou</em></div><div class="chat chatmessage-mrgreenchristmas"><strong style="color:hsl(24,81%,45%)"><small>★</small><span class="username" data-name="MrGreenChristmas">MrGreenChristmas</span>:</strong> <em>jk I'm bad.</em></div><div class="spacer battle-history"><br></div><div class="battle-history">MrGreenChristmas withdrew Weezing!<br></div><div class="battle-history">MrGreenChristmas sent out <strong>Poliwrath</strong>!<br></div><div class="battle-history"><small>Pointed stones dug into the opposing Poliwrath!</small><br></div><div class="spacer battle-history"><br></div><div class="battle-history">Altaria used <strong>Flamethrower</strong>!<br></div><div class="battle-history"><small>It's not very effective...</small><br></div><div class="battle-history"><small>(The opposing Poliwrath lost <abbr title="−28/345">8.1%</abbr> of its health!)</small><br></div><div class="spacer battle-history"><br></div><div class="battle-history"><small>Altaria restored a little HP using its Leftovers!</small><br></div><div class="battle-history"><small>The opposing Poliwrath was hurt by poison!</small><br></div><div class="spacer battle-history"><br></div><h2 class="battle-history">Turn 14</h2><div class="spacer battle-history"><br></div><div class="battle-history">Altaria, come back!<br></div><div class="battle-history">Go! <strong>Audino</strong>!<br></div><div class="spacer battle-history"><br></div><div class="battle-history">The opposing Poliwrath used <strong>Focus Blast</strong>!<br></div><div class="battle-history"><small>It's super effective!</small><br></div><div class="battle-history"><small>(Audino lost <abbr title="−343/410">83.7%</abbr> of its health!)</small><br></div><div class="battle-history"><small>The opposing Poliwrath lost some of its HP!</small><br></div><div class="spacer battle-history"><br></div><div class="battle-history"><small>The opposing Poliwrath was hurt by poison!</small><br></div><div class="spacer battle-history"><br></div><h2 class="battle-history">Turn 15</h2><div class="chat chatmessage-lucianvega"><strong style="color:hsl(158,75%,37.25155031857375%)"><small> </small><span class="username" data-name="lucianvega">lucianvega</span>:</strong> <em>shooot it hard baby</em></div><div class="chat chatmessage-mrgreenchristmas"><strong style="color:hsl(24,81%,45%)"><small>★</small><span class="username" data-name="MrGreenChristmas">MrGreenChristmas</span>:</strong> <em>Easy.</em></div><div class="spacer battle-history"><br></div><div class="battle-history">Audino used <strong>Protect</strong>!<br></div><div class="battle-history"><small>Audino protected itself!</small><br></div><div class="spacer battle-history"><br></div><div class="battle-history">The opposing Poliwrath used <strong>Scald</strong>!<br></div><div class="battle-history"><small>Audino protected itself!</small><br></div><div class="spacer battle-history"><br></div><div class="battle-history"><small>The opposing Poliwrath was hurt by poison!</small><br></div><div class="spacer battle-history"><br></div><div class="battle-history">The opposing Poliwrath fainted!<br></div><div class="spacer battle-history"><br></div><div class="battle-history">MrGreenChristmas sent out <strong>Tauros</strong>!<br></div><div class="battle-history"><small>Pointed stones dug into the opposing Tauros!</small><br></div><div class="spacer battle-history"><br></div><h2 class="battle-history">Turn 16</h2><div class="spacer battle-history"><br></div><div class="battle-history">Audino, come back!<br></div><div class="battle-history">Go! <strong>Quagsire</strong>!<br></div><div class="spacer battle-history"><br></div><div class="battle-history">The opposing Tauros used <strong>Fire Blast</strong>!<br></div><div class="battle-history"><small>It's not very effective...</small><br></div><div class="battle-history"><small>(Quagsire lost <abbr title="−51/394">12.9%</abbr> of its health!)</small><br></div><div class="spacer battle-history"><br></div><div class="battle-history"><small>Quagsire restored a little HP using its Leftovers!</small><br></div><div class="spacer battle-history"><br></div><h2 class="battle-history">Turn 17</h2><div class="chat chatmessage-lucianvega"><strong style="color:hsl(158,75%,37.25155031857375%)"><small> </small><span class="username" data-name="lucianvega">lucianvega</span>:</strong> <em>QUAGMIRE</em></div><div class="chat chatmessage-lucianvega"><strong style="color:hsl(158,75%,37.25155031857375%)"><small> </small><span class="username" data-name="lucianvega">lucianvega</span>:</strong> <em>THE GOD</em></div><div class="chat chatmessage-eternally"><strong style="color:hsl(110,78%,33%)"><small>★</small><span class="username" data-name="eternally">eternally</span>:</strong> <em>.......</em></div><div class="spacer battle-history"><br></div><div class="battle-history">MrGreenChristmas withdrew Tauros!<br></div><div class="battle-history">MrGreenChristmas sent out <strong>Weezing</strong>!<br></div><div class="battle-history"><small>Pointed stones dug into the opposing Weezing!</small><br></div><div class="spacer battle-history"><br></div><div class="battle-history">Quagsire used <strong>Scald</strong>!<br></div><div class="battle-history"><small>A critical hit!</small><br></div><div class="battle-history"><small>(The opposing Weezing lost <abbr title="−84/307">27.4%</abbr> of its health!)</small><br></div><div class="spacer battle-history"><br></div><div class="battle-history">The opposing Weezing fainted!<br></div><div class="spacer battle-history"><br></div><div class="battle-history"><small>Quagsire restored a little HP using its Leftovers!</small><br></div><div class="chat chatmessage-mrgreenchristmas"><strong style="color:hsl(24,81%,45%)"><small>★</small><span class="username" data-name="MrGreenChristmas">MrGreenChristmas</span>:</strong> <em>Ow.</em></div><div class="spacer battle-history"><br></div><div class="battle-history">MrGreenChristmas sent out <strong>Grumpig</strong>!<br></div><div class="battle-history"><small>Pointed stones dug into the opposing Grumpig!</small><br></div><div class="spacer battle-history"><br></div><h2 class="battle-history">Turn 18</h2><div class="spacer battle-history"><br></div><div class="battle-history">Quagsire, come back!<br></div><div class="battle-history">Go! <strong>Skuntank</strong>!<br></div><div class="spacer battle-history"><br></div><div class="battle-history">The opposing Grumpig used <strong>Calm Mind</strong>!<br></div><div class="battle-history"><small>The opposing Grumpig's Special Attack rose!</small><br></div><div class="battle-history"><small>The opposing Grumpig's Special Defense rose!</small><br></div><div class="spacer battle-history"><br></div><h2 class="battle-history">Turn 19</h2><div class="spacer battle-history"><br></div><div class="battle-history">Skuntank used <strong>Acid Spray</strong>!<br></div><div class="battle-history"><small>(The opposing Grumpig lost <abbr title="−34/301">11.3%</abbr> of its health!)</small><br></div><div class="battle-history"><small>The opposing Grumpig's Special Defense fell harshly!</small><br></div><div class="spacer battle-history"><br></div><div class="battle-history">The opposing Grumpig used <strong>Focus Blast</strong>!<br></div><div class="battle-history"><small>(Skuntank lost <abbr title="−248/347">71.5%</abbr> of its health!)</small><br></div><div class="spacer battle-history"><br></div><div class="battle-history"><small>Skuntank restored a little HP using its Black Sludge!</small><br></div><div class="spacer battle-history"><br></div><h2 class="battle-history">Turn 20</h2><div class="chat chatmessage-lucianvega"><strong style="color:hsl(158,75%,37.25155031857375%)"><small> </small><span class="username" data-name="lucianvega">lucianvega</span>:</strong> <em>OOOO</em></div><div class="chat chatmessage-lucianvega"><strong style="color:hsl(158,75%,37.25155031857375%)"><small> </small><span class="username" data-name="lucianvega">lucianvega</span>:</strong> <em>eternally using the best set</em></div><div class="chat chatmessage-lucianvega"><strong style="color:hsl(158,75%,37.25155031857375%)"><small> </small><span class="username" data-name="lucianvega">lucianvega</span>:</strong> <em>i love youu</em></div><div class="chat chatmessage-eternally"><strong style="color:hsl(110,78%,33%)"><small>★</small><span class="username" data-name="eternally">eternally</span>:</strong> <em>lol</em></div><div class="spacer battle-history"><br></div><div class="battle-history">Skuntank used <strong>Dark Pulse</strong>!<br></div><div class="battle-history"><small>It's super effective!</small><br></div><div class="battle-history"><small>The opposing Grumpig ate its Colbur Berry!</small><br></div><div class="battle-history"><small>The Colbur Berry weakened the damage to the opposing Grumpig!</small><br></div><div class="battle-history"><small>(The opposing Grumpig lost <abbr title="−138/301">45.8%</abbr> of its health!)</small><br></div><div class="spacer battle-history"><br></div><div class="battle-history">The opposing Grumpig used <strong>Signal Beam</strong>!<br></div><div class="battle-history"><small>(Skuntank lost <abbr title="−120/347">34.6%</abbr> of its health!)</small><br></div><div class="spacer battle-history"><br></div><div class="battle-history">Skuntank fainted!<br></div><div class="spacer battle-history"><br></div><div class="battle-history">Go! <strong>Altaria</strong>!<br></div><div class="spacer battle-history"><br></div><h2 class="battle-history">Turn 21</h2><div class="spacer battle-history"><br></div><div class="battle-history">The opposing Grumpig used <strong>Psyshock</strong>!<br></div><div class="battle-history"><small>(Altaria lost <abbr title="−154/354">43.5%</abbr> of its health!)</small><br></div><div class="spacer battle-history"><br></div><div class="battle-history">Altaria used <strong>Haze</strong>!<br></div><div class="battle-history"><small>All stat changes were eliminated!</small><br></div><div class="spacer battle-history"><br></div><div class="battle-history"><small>Altaria restored a little HP using its Leftovers!</small><br></div><div class="spacer battle-history"><br></div><h2 class="battle-history">Turn 22</h2><div class="chat chatmessage-lucianvega"><strong style="color:hsl(158,75%,37.25155031857375%)"><small> </small><span class="username" data-name="lucianvega">lucianvega</span>:</strong> <em>signal beam more like signal bean</em></div><div class="spacer battle-history"><br></div><div class="battle-history">The opposing Grumpig used <strong>Calm Mind</strong>!<br></div><div class="battle-history"><small>The opposing Grumpig's Special Attack rose!</small><br></div><div class="battle-history"><small>The opposing Grumpig's Special Defense rose!</small><br></div><div class="spacer battle-history"><br></div><div class="battle-history">Altaria used <strong>Roost</strong>!<br></div><div class="battle-history"><small>Altaria restored its HP.</small><br></div><div class="spacer battle-history"><br></div><div class="battle-history"><small>Altaria restored a little HP using its Leftovers!</small><br></div><div class="spacer battle-history"><br></div><h2 class="battle-history">Turn 23</h2><div class="spacer battle-history"><br></div><div class="battle-history">The opposing Grumpig used <strong>Psyshock</strong>!<br></div><div class="battle-history"><small>(Altaria lost <abbr title="−142/354">40.1%</abbr> of its health!)</small><br></div><div class="spacer battle-history"><br></div><div class="battle-history">Altaria used <strong>Haze</strong>!<br></div><div class="battle-history"><small>All stat changes were eliminated!</small><br></div><div class="spacer battle-history"><br></div><div class="battle-history"><small>Altaria restored a little HP using its Leftovers!</small><br></div><div class="spacer battle-history"><br></div><h2 class="battle-history">Turn 24</h2><div class="chat chatmessage-mrgreenchristmas"><strong style="color:hsl(24,81%,45%)"><small>★</small><span class="username" data-name="MrGreenChristmas">MrGreenChristmas</span>:</strong> <em>:(</em></div><div class="spacer battle-history"><br></div><div class="battle-history">MrGreenChristmas withdrew Grumpig!<br></div><div class="battle-history">MrGreenChristmas sent out <strong>Skuntank</strong>!<br></div><div class="battle-history"><small>Pointed stones dug into the opposing Skuntank!</small><br></div><div class="spacer battle-history"><br></div><div class="battle-history">Altaria used <strong>Toxic</strong>!<br></div><div class="battle-history"><small>It doesn't affect the opposing Skuntank...</small><br></div><div class="spacer battle-history"><br></div><div class="battle-history"><small>Altaria restored a little HP using its Leftovers!</small><br></div><div class="spacer battle-history"><br></div><h2 class="battle-history">Turn 25</h2><div class="spacer battle-history"><br></div><div class="battle-history">The opposing Skuntank used <strong>Pursuit</strong>!<br></div><div class="battle-history"><small>(Altaria lost <abbr title="−48/354">13.6%</abbr> of its health!)</small><br></div><div class="spacer battle-history"><br></div><div class="battle-history">Altaria used <strong>Roost</strong>!<br></div><div class="battle-history"><small>Altaria restored its HP.</small><br></div><div class="spacer battle-history"><br></div><h2 class="battle-history">Turn 26</h2><div class="spacer battle-history"><br></div><div class="battle-history">Altaria, come back!<br></div><div class="battle-history">Go! <strong>Quagsire</strong>!<br></div><div class="spacer battle-history"><br></div><div class="battle-history">The opposing Skuntank used <strong>Poison Jab</strong>!<br></div><div class="battle-history"><small>It's not very effective...</small><br></div><div class="battle-history"><small>(Quagsire lost <abbr title="−47/394">11.9%</abbr> of its health!)</small><br></div><div class="spacer battle-history"><br></div><div class="battle-history"><small>Quagsire restored a little HP using its Leftovers!</small><br></div><div class="spacer battle-history"><br></div><h2 class="battle-history">Turn 27</h2><div class="chat chatmessage-mrgreenchristmas"><strong style="color:hsl(24,81%,45%)"><small>★</small><span class="username" data-name="MrGreenChristmas">MrGreenChristmas</span>:</strong> <em>I should have Pursuit'd tbh.</em></div><div class="chat chatmessage-lucianvega"><strong style="color:hsl(158,75%,37.25155031857375%)"><small> </small><span class="username" data-name="lucianvega">lucianvega</span>:</strong> <em>what do you call alolan Quagsire if it gets a fire typing?</em></div><div class="chat chatmessage-lucianvega"><strong style="color:hsl(158,75%,37.25155031857375%)"><small> </small><span class="username" data-name="lucianvega">lucianvega</span>:</strong> <em>QUAGFIRE</em></div><div class="chat chatmessage-mrgreenchristmas"><strong style="color:hsl(24,81%,45%)"><small>★</small><span class="username" data-name="MrGreenChristmas">MrGreenChristmas</span>:</strong> <em>Lol.</em></div><div class="chat"><small>lucianvega left.</small></div><div class="chat chatmessage-eternally"><strong style="color:hsl(110,78%,33%)"><small>★</small><span class="username" data-name="eternally">eternally</span>:</strong> <em>lol</em></div><div class="chat"><small>lucianvega joined.</small></div><div class="spacer battle-history"><br></div><div class="battle-history">The opposing Skuntank used <strong>Poison Jab</strong>!<br></div><div class="battle-history"><small>It's not very effective...</small><br></div><div class="battle-history"><small>(Quagsire lost <abbr title="−47/394">11.9%</abbr> of its health!)</small><br></div><div class="spacer battle-history"><br></div><div class="battle-history">Quagsire used <strong>Earthquake</strong>!<br></div><div class="battle-history"><small>It's super effective!</small><br></div><div class="battle-history"><small>(The opposing Skuntank lost <abbr title="−264/347">76.1%</abbr> of its health!)</small><br></div><div class="spacer battle-history"><br></div><div class="battle-history"><small>Quagsire restored a little HP using its Leftovers!</small><br></div><div class="spacer battle-history"><br></div><h2 class="battle-history">Turn 28</h2><div class="spacer battle-history"><br></div><div class="battle-history">The opposing Skuntank used <strong>Poison Jab</strong>!<br></div><div class="battle-history"><small>It's not very effective...</small><br></div><div class="battle-history"><small>(Quagsire lost <abbr title="−48/394">12.2%</abbr> of its health!)</small><br></div><div class="spacer battle-history"><br></div><div class="battle-history">Quagsire used <strong>Earthquake</strong>!<br></div><div class="battle-history"><small>It's super effective!</small><br></div><div class="battle-history"><small>(The opposing Skuntank lost <abbr title="−40/347">11.5%</abbr> of its health!)</small><br></div><div class="spacer battle-history"><br></div><div class="battle-history">The opposing Skuntank fainted!<br></div><div class="spacer battle-history"><br></div><div class="battle-history"><small>Quagsire restored a little HP using its Leftovers!</small><br></div><div class="spacer battle-history"><br></div><div class="battle-history">MrGreenChristmas sent out <strong>Grumpig</strong>!<br></div><div class="battle-history"><small>Pointed stones dug into the opposing Grumpig!</small><br></div><div class="spacer battle-history"><br></div><h2 class="battle-history">Turn 29</h2><div class="spacer battle-history"><br></div><div class="battle-history">The opposing Grumpig used <strong>Focus Blast</strong>!<br></div><div class="battle-history"><small>Quagsire avoided the attack!</small><br></div><div class="spacer battle-history"><br></div><div class="battle-history">Quagsire used <strong>Recover</strong>!<br></div><div class="battle-history"><small>Quagsire restored its HP.</small><br></div><div class="spacer battle-history"><br></div><h2 class="battle-history">Turn 30</h2><div class="chat chatmessage-mrgreenchristmas"><strong style="color:hsl(24,81%,45%)"><small>★</small><span class="username" data-name="MrGreenChristmas">MrGreenChristmas</span>:</strong> <em>I can win if I get a crit.</em></div><div class="spacer battle-history"><br></div><div class="battle-history">The opposing Grumpig used <strong>Focus Blast</strong>!<br></div><div class="battle-history"><small>Quagsire avoided the attack!</small><br></div><div class="spacer battle-history"><br></div><div class="battle-history">Quagsire used <strong>Curse</strong>!<br></div><div class="battle-history"><small>Quagsire's Speed fell!</small><br></div><div class="battle-history"><small>Quagsire's Attack rose!</small><br></div><div class="battle-history"><small>Quagsire's Defense rose!</small><br></div><div class="spacer battle-history"><br></div><h2 class="battle-history">Turn 31</h2><div class="spacer battle-history"><br></div><div class="battle-history">The opposing Grumpig used <strong>Focus Blast</strong>!<br></div><div class="battle-history"><small>(Quagsire lost <abbr title="−184/394">46.7%</abbr> of its health!)</small><br></div><div class="spacer battle-history"><br></div><div class="battle-history">Quagsire used <strong>Recover</strong>!<br></div><div class="battle-history"><small>Quagsire restored its HP.</small><br></div><div class="spacer battle-history"><br></div><h2 class="battle-history">Turn 32</h2><div class="spacer battle-history"><br></div><div class="battle-history">Quagsire, come back!<br></div><div class="battle-history">Go! <strong>Altaria</strong>!<br></div><div class="spacer battle-history"><br></div><div class="battle-history">The opposing Grumpig used <strong>Calm Mind</strong>!<br></div><div class="battle-history"><small>The opposing Grumpig's Special Attack rose!</small><br></div><div class="battle-history"><small>The opposing Grumpig's Special Defense rose!</small><br></div><div class="spacer battle-history"><br></div><h2 class="battle-history">Turn 33</h2><div class="spacer battle-history"><br></div><div class="battle-history">The opposing Grumpig used <strong>Psyshock</strong>!<br></div><div class="battle-history"><small>(Altaria lost <abbr title="−147/354">41.5%</abbr> of its health!)</small><br></div><div class="spacer battle-history"><br></div><div class="battle-history">Altaria used <strong>Haze</strong>!<br></div><div class="battle-history"><small>All stat changes were eliminated!</small><br></div><div class="spacer battle-history"><br></div><div class="battle-history"><small>Altaria restored a little HP using its Leftovers!</small><br></div><div class="spacer battle-history"><br></div><h2 class="battle-history">Turn 34</h2><div class="spacer battle-history"><br></div><div class="battle-history">MrGreenChristmas withdrew Grumpig!<br></div><div class="battle-history">MrGreenChristmas sent out <strong>Tauros</strong>!<br></div><div class="battle-history"><small>Pointed stones dug into the opposing Tauros!</small><br></div><div class="spacer battle-history"><br></div><div class="battle-history">Altaria used <strong>Roost</strong>!<br></div><div class="battle-history"><small>Altaria restored its HP.</small><br></div><div class="spacer battle-history"><br></div><h2 class="battle-history">Turn 35</h2><div class="spacer battle-history"><br></div><div class="battle-history">The opposing Tauros used <strong>Rock Climb</strong>!<br></div><div class="battle-history"><small>(Altaria lost <abbr title="−185/354">52.3%</abbr> of its health!)</small><br></div><div class="spacer battle-history"><br></div><div class="battle-history">Altaria used <strong>Toxic</strong>!<br></div><div class="battle-history"><small>The opposing Tauros was badly poisoned!</small><br></div><div class="spacer battle-history"><br></div><div class="battle-history"><small>Altaria restored a little HP using its Leftovers!</small><br></div><div class="battle-history"><small>The opposing Tauros was hurt by poison!</small><br></div><div class="spacer battle-history"><br></div><h2 class="battle-history">Turn 36</h2><div class="spacer battle-history"><br></div><div class="battle-history">Altaria, come back!<br></div><div class="battle-history">Go! Gourgeist (<strong>Gourgeist-Super</strong>)!<br></div><div class="battle-history"><small>[Gourgeist's Frisk]</small><br><small>Gourgeist frisked the opposing Tauros and found its Life Orb!</small><br></div><div class="spacer battle-history"><br></div><div class="battle-history">The opposing Tauros used <strong>Rock Climb</strong>!<br></div><div class="battle-history"><small>It doesn't affect Gourgeist...</small><br></div><div class="spacer battle-history"><br></div><div class="battle-history"><small>The opposing Tauros was hurt by poison!</small><br></div><div class="spacer battle-history"><br></div><h2 class="battle-history">Turn 37</h2><div class="spacer battle-history"><br></div><div class="battle-history">The opposing Tauros used <strong>Rock Climb</strong>!<br></div><div class="battle-history"><small>It doesn't affect Gourgeist...</small><br></div><div class="spacer battle-history"><br></div><div class="battle-history">Gourgeist used <strong>Synthesis</strong>!<br></div><div class="battle-history"><small>Gourgeist restored its HP.</small><br></div><div class="spacer battle-history"><br></div><div class="battle-history"><small>The opposing Tauros was hurt by poison!</small><br></div><div class="spacer battle-history"><br></div><h2 class="battle-history">Turn 38</h2><div class="spacer battle-history"><br></div><div class="battle-history">MrGreenChristmas withdrew Tauros!<br></div><div class="battle-history">MrGreenChristmas sent out <strong>Steelix</strong>!<br></div><div class="battle-history"><small>Pointed stones dug into the opposing Steelix!</small><br></div><div class="spacer battle-history"><br></div><div class="battle-history">Gourgeist, come back!<br></div><div class="battle-history">Go! <strong>Audino</strong>!<br></div><div class="spacer battle-history"><br></div><h2 class="battle-history">Turn 39</h2><div class="chat chatmessage-lucianvega"><strong style="color:hsl(158,75%,37.25155031857375%)"><small> </small><span class="username" data-name="lucianvega">lucianvega</span>:</strong> <em>why is altaria normal resist 2017</em></div><div class="spacer battle-history"><br></div><div class="battle-history">Audino, come back!<br></div><div class="battle-history">Go! <strong>Altaria</strong>!<br></div><div class="spacer battle-history"><br></div><div class="battle-history">The opposing Steelix used <strong>Stealth Rock</strong>!<br></div><div class="battle-history"><small>Pointed stones float in the air around your team!</small><br></div><div class="spacer battle-history"><br></div><div class="battle-history"><small>Altaria restored a little HP using its Leftovers!</small><br></div><div class="spacer battle-history"><br></div><h2 class="battle-history">Turn 40</h2><div class="chat chatmessage-eternally"><strong style="color:hsl(110,78%,33%)"><small>★</small><span class="username" data-name="eternally">eternally</span>:</strong> <em>lol</em></div><div class="chat chatmessage-lucianvega"><strong style="color:hsl(158,75%,37.25155031857375%)"><small> </small><span class="username" data-name="lucianvega">lucianvega</span>:</strong> <em>just like specs mesprit was fighting check in 2016</em></div><div class="spacer battle-history"><br></div><div class="battle-history">MrGreenChristmas withdrew Steelix!<br></div><div class="battle-history">MrGreenChristmas sent out <strong>Grumpig</strong>!<br></div><div class="battle-history"><small>Pointed stones dug into the opposing Grumpig!</small><br></div><div class="spacer battle-history"><br></div><div class="battle-history">Altaria used <strong>Flamethrower</strong>!<br></div><div class="battle-history"><small>(The opposing Grumpig lost <abbr title="−18/301">6.0%</abbr> of its health!)</small><br></div><div class="spacer battle-history"><br></div><div class="battle-history">The opposing Grumpig fainted!<br></div><div class="spacer battle-history"><br></div><div class="battle-history"><small>Altaria restored a little HP using its Leftovers!</small><br></div><div class="chat chatmessage-eternally"><strong style="color:hsl(110,78%,33%)"><small>★</small><span class="username" data-name="eternally">eternally</span>:</strong> <em>??</em></div><div class="chat chatmessage-eternally"><strong style="color:hsl(110,78%,33%)"><small>★</small><span class="username" data-name="eternally">eternally</span>:</strong> <em>do you not see the bronzor</em></div><div class="chat chatmessage-eternally"><strong style="color:hsl(110,78%,33%)"><small>★</small><span class="username" data-name="eternally">eternally</span>:</strong> <em>and gourgeist</em></div><div class="chat chatmessage-mrgreenchristmas"><strong style="color:hsl(24,81%,45%)"><small>★</small><span class="username" data-name="MrGreenChristmas">MrGreenChristmas</span>:</strong> <em>Idk what you're talking about, my 2016 Fighting check was Ninjask.</em></div><div class="spacer battle-history"><br></div><div class="battle-history">MrGreenChristmas sent out <strong>Tauros</strong>!<br></div><div class="battle-history"><small>Pointed stones dug into the opposing Tauros!</small><br></div><div class="spacer battle-history"><br></div><h2 class="battle-history">Turn 41</h2><div class="chat chatmessage-lucianvega"><strong style="color:hsl(158,75%,37.25155031857375%)"><small> </small><span class="username" data-name="lucianvega">lucianvega</span>:</strong> <em>eternally im saying that bcz of that bulk</em></div><div class="chat chatmessage-lucianvega"><strong style="color:hsl(158,75%,37.25155031857375%)"><small> </small><span class="username" data-name="lucianvega">lucianvega</span>:</strong> <em>not bcz to mock</em></div><div class="chat chatmessage-mrgreenchristmas"><strong style="color:hsl(24,81%,45%)"><small>★</small><span class="username" data-name="MrGreenChristmas">MrGreenChristmas</span>:</strong> <em>Crit here.</em></div><div class="chat chatmessage-eternally"><strong style="color:hsl(110,78%,33%)"><small>★</small><span class="username" data-name="eternally">eternally</span>:</strong> <em>lucianvega hi</em></div><div class="spacer battle-history"><br></div><div class="battle-history">Altaria, come back!<br></div><div class="battle-history">Go! Gourgeist (<strong>Gourgeist-Super</strong>)!<br></div><div class="battle-history"><small>Pointed stones dug into Gourgeist!</small><br></div><div class="battle-history"><small>[Gourgeist's Frisk]</small><br><small>Gourgeist frisked the opposing Tauros and found its Life Orb!</small><br></div><div class="spacer battle-history"><br></div><div class="battle-history">The opposing Tauros used <strong>Fire Blast</strong>!<br></div><div class="battle-history"><small>It's super effective!</small><br></div><div class="battle-history"><small>(Gourgeist lost <abbr title="−172/374">46.0%</abbr> of its health!)</small><br></div><div class="spacer battle-history"><br></div><div class="battle-history"><small>The opposing Tauros was hurt by poison!</small><br></div><div class="spacer battle-history"><br></div><h2 class="battle-history">Turn 42</h2><div class="chat chatmessage-lucianvega"><strong style="color:hsl(158,75%,37.25155031857375%)"><small> </small><span class="username" data-name="lucianvega">lucianvega</span>:</strong> <em>hi.</em></div><div class="spacer battle-history"><br></div><div class="battle-history">Gourgeist, come back!<br></div><div class="battle-history">Go! <strong>Audino</strong>!<br></div><div class="battle-history"><small>Pointed stones dug into Audino!</small><br></div><div class="spacer battle-history"><br></div><div class="battle-history">The opposing Tauros used <strong>Rock Climb</strong>!<br></div><div class="battle-history"><small>(Audino lost <abbr title="−214/410">52.2%</abbr> of its health!)</small><br></div><div class="spacer battle-history"><br></div><div class="battle-history"><small>The opposing Tauros was hurt by poison!</small><br></div><div class="spacer battle-history"><br></div><h2 class="battle-history">Turn 43</h2><div class="spacer battle-history"><br></div><div class="battle-history">The opposing Tauros used <strong>Earthquake</strong>!<br></div><div class="battle-history"><small>(Audino lost <abbr title="−74/410">18.0%</abbr> of its health!)</small><br></div><div class="battle-history"><small>The opposing Tauros lost some of its HP!</small><br></div><div class="spacer battle-history"><br></div><div class="battle-history">Audino fainted!<br></div><div class="battle-history">The opposing Tauros fainted!<br></div><div class="spacer battle-history"><br></div><div class="battle-history">Go! <strong>Altaria</strong>!<br></div><div class="spacer battle-history"><br></div><div class="battle-history">MrGreenChristmas sent out <strong>Steelix</strong>!<br></div><div class="battle-history"><small>Pointed stones dug into Altaria!</small><br></div><div class="battle-history"><small>Pointed stones dug into the opposing Steelix!</small><br></div><div class="spacer battle-history"><br></div><h2 class="battle-history">Turn 44</h2><div class="chat chatmessage-eternally"><strong style="color:hsl(110,78%,33%)"><small>★</small><span class="username" data-name="eternally">eternally</span>:</strong> <em>gg</em></div><div class="chat chatmessage-mrgreenchristmas"><strong style="color:hsl(24,81%,45%)"><small>★</small><span class="username" data-name="MrGreenChristmas">MrGreenChristmas</span>:</strong> <em>GG</em></div><div class="spacer battle-history"><br></div><div class="battle-history">Altaria used <strong>Flamethrower</strong>!<br></div><div class="battle-history"><small>It's super effective!</small><br></div><div class="battle-history"><small>(The opposing Steelix lost <abbr title="−123/301">40.9%</abbr> of its health!)</small><br></div><div class="spacer battle-history"><br></div><div class="battle-history">The opposing Steelix fainted!<br></div><div class="spacer battle-history"><br></div><div class="battle-history"><strong>eternally</strong> won the battle!<br></div></div><div class="inner-preempt"></div></div></div>
</div>
<script>
let daily = Math.floor(Date.now()/1000/60/60/24);document.write('<script src="https://play.pokemonshowdown.com/js/replay-embed.js?version'+daily+'"></'+'script>');
</script>
