<!DOCTYPE html>
<meta charset="utf-8" />
<!-- version 1 -->
<title>NU replay: Jeran vs. Marx' Feces</title>
<style>
html,body {font-family:Verdana, sans-serif;font-size:10pt;margin:0;padding:0;}body{padding:12px 0;} .battle-log {font-family:Verdana, sans-serif;font-size:10pt;} .battle-log-inline {border:1px solid #AAAAAA;background:#EEF2F5;color:black;max-width:640px;margin:0 auto 80px;padding-bottom:5px;} .battle-log .inner {padding:4px 8px 0px 8px;} .battle-log .inner-preempt {padding:0 8px 4px 8px;} .battle-log .inner-after {margin-top:0.5em;} .battle-log h2 {margin:0.5em -8px;padding:4px 8px;border:1px solid #AAAAAA;background:#E0E7EA;border-left:0;border-right:0;font-family:Verdana, sans-serif;font-size:13pt;} .battle-log .chat {vertical-align:middle;padding:3px 0 3px 0;font-size:8pt;} .battle-log .chat strong {color:#40576A;} .battle-log .chat em {padding:1px 4px 1px 3px;color:#000000;font-style:normal;} .chat.mine {background:rgba(0,0,0,0.05);margin-left:-8px;margin-right:-8px;padding-left:8px;padding-right:8px;} .spoiler {color:#BBBBBB;background:#BBBBBB;padding:0px 3px;} .spoiler:hover, .spoiler:active, .spoiler-shown {color:#000000;background:#E2E2E2;padding:0px 3px;} .spoiler a {color:#BBBBBB;} .spoiler:hover a, .spoiler:active a, .spoiler-shown a {color:#2288CC;} .chat code, .chat .spoiler:hover code, .chat .spoiler:active code, .chat .spoiler-shown code {border:1px solid #C0C0C0;background:#EEEEEE;color:black;padding:0 2px;} .chat .spoiler code {border:1px solid #CCCCCC;background:#CCCCCC;color:#CCCCCC;} .battle-log .rated {padding:3px 4px;} .battle-log .rated strong {color:white;background:#89A;padding:1px 4px;border-radius:4px;} .spacer {margin-top:0.5em;} .message-announce {background:#6688AA;color:white;padding:1px 4px 2px;} .message-announce a, .broadcast-green a, .broadcast-blue a, .broadcast-red a {color:#DDEEFF;} .broadcast-green {background-color:#559955;color:white;padding:2px 4px;} .broadcast-blue {background-color:#6688AA;color:white;padding:2px 4px;} .infobox {border:1px solid #6688AA;padding:2px 4px;} .infobox-limited {max-height:200px;overflow:auto;overflow-x:hidden;} .broadcast-red {background-color:#AA5544;color:white;padding:2px 4px;} .message-learn-canlearn {font-weight:bold;color:#228822;text-decoration:underline;} .message-learn-cannotlearn {font-weight:bold;color:#CC2222;text-decoration:underline;} .message-effect-weak {font-weight:bold;color:#CC2222;} .message-effect-resist {font-weight:bold;color:#6688AA;} .message-effect-immune {font-weight:bold;color:#666666;} .message-learn-list {margin-top:0;margin-bottom:0;} .message-throttle-notice, .message-error {color:#992222;} .message-overflow, .chat small.message-overflow {font-size:0pt;} .message-overflow::before {font-size:9pt;content:'...';} .subtle {color:#3A4A66;}
</style>
<div class="wrapper replay-wrapper" style="max-width:1180px;margin:0 auto">
<input type="hidden" name="replayid" value="nu-513804183" />
<div class="battle"></div><div class="battle-log"></div><div class="replay-controls"></div><div class="replay-controls-2"></div>
<h1 style="font-weight:normal;text-align:center"><strong>NU</strong><br /><a href="http://pokemonshowdown.com/users/jeran" class="subtle" target="_blank">Jeran</a> vs. <a href="http://pokemonshowdown.com/users/marxfeces" class="subtle" target="_blank">Marx' Feces</a></h1>
<script type="text/plain" class="battle-log-data">|j|Jeran
|j|Marx' Feces
|player|p1|Jeran|91
|player|p2|Marx' Feces|109
|gametype|singles
|gen|6
|tier|NU
|seed|43535,26418,25226,32815
|rule|Sleep Clause Mod: Limit one foe put to sleep
|rule|Species Clause: Limit one of each Pokémon
|rule|OHKO Clause: OHKO moves are banned
|rule|Moody Clause: Moody is banned
|rule|Evasion Moves Clause: Evasion moves are banned
|rule|Endless Battle Clause: Forcing endless battles is banned
|rule|HP Percentage Mod: HP is shown in percentages
|clearpoke
|poke|p1|Altaria, M|item
|poke|p1|Audino, F|item
|poke|p1|Bronzor|item
|poke|p1|Skuntank, F|item
|poke|p1|Gastrodon, M|item
|poke|p1|Weezing, M|item
|poke|p2|Vileplume, F|item
|poke|p2|Swellow, F|item
|poke|p2|Claydol|item
|poke|p2|Magmortar, F|item
|poke|p2|Samurott, M|item
|poke|p2|Gurdurr, M|item
|rule|Swagger Clause: Swagger is banned
|rule|Baton Pass Clause: Limit one Baton Passer, can't pass Spe and other stats simultaneously
|teampreview
|j|Stats Bot
|l|Stats Bot
|j|FroakieDokey
|j|p2w no skills
|j|alex0kat
|j|knickknack
|j|Jahim
|j|Garchomp 2.0
|j|Atlantian
|j|Quaziqaz
|j|SpazzyPlat
|j|Strong Pyukumuku
|j|CYGUY2000
|j|Tristen4545
|j|SweetSaku
|j|Xela112233
|j|The Rarest Candy
|c| FroakieDokey|hows everyone's night going
|j|AV99
|j|Pizar
|j|4arms2001
|j|God-Says-No
|j|roberto27
|j|IcedC
|c| Quaziqaz|Good
|j|BreachingTrout
|c| Xela112233|Fight
|choice|team 1, team 2, team 3, team 4, team 5, team 6|team 2, team 1, team 3, team 4, team 5, team 6
|
|start
|switch|p1a: Altaria|Altaria, M|353\/353
|switch|p2a: Swellow|Swellow, F|261\/261
|turn|1
|j|WashWailIsAFK
|j|PokeExpert2017
|choice|switch 3|move uturn
|
|switch|p1a: Bronzor|Bronzor|318\/318
|move|p2a: Swellow|U-turn|p1a: Bronzor
|-damage|p1a: Bronzor|269\/318
|c| Quaziqaz|Lag
|choice||switch 4
|
|switch|p2a: Magmortar|Magmortar, F|291\/291
|
|upkeep
|turn|2
|l|PokeExpert2017
|l|Xela112233
|choice|switch 3|move fireblast
|
|switch|p1a: Altaria|Altaria, M|353\/353
|move|p2a: Magmortar|Fire Blast|p1a: Altaria|[miss]
|-miss|p2a: Magmortar|p1a: Altaria
|
|upkeep
|turn|3
|j|2Dent
|l|IcedC
|choice|move toxic|switch 4
|
|switch|p2a: Swellow|Swellow, F|261\/261
|move|p1a: Altaria|Toxic|p2a: Swellow
|-status|p2a: Swellow|tox
|
|-damage|p2a: Swellow|245\/261 tox|[from] psn
|upkeep
|turn|4
|j|dem_noodles
|choice|switch 3|move facade
|
|switch|p1a: Bronzor|Bronzor|269\/318
|move|p2a: Swellow|Facade|p1a: Bronzor
|-resisted|p1a: Bronzor
|-damage|p1a: Bronzor|176\/318
|
|-damage|p2a: Swellow|213\/261 tox|[from] psn
|upkeep
|turn|5
|j|A Hidey Hole
|choice|move rest|move uturn
|
|move|p2a: Swellow|U-turn|p1a: Bronzor
|-damage|p1a: Bronzor|108\/318
|choice||switch 6
|
|switch|p2a: Gurdurr|Gurdurr, M|374\/374
|move|p1a: Bronzor|Rest|p1a: Bronzor
|-status|p1a: Bronzor|slp
|-heal|p1a: Bronzor|318\/318 slp|[silent]
|-status|p1a: Bronzor|slp|[from] move: Rest
|
|upkeep
|turn|6
|choice|switch 2|move knockoff
|
|switch|p1a: Audino|Audino, F|410\/410
|move|p2a: Gurdurr|Knock Off|p1a: Audino
|-crit|p1a: Audino
|-damage|p1a: Audino|314\/410
|
|upkeep
|turn|7
|choice|move healbell mega|switch 2
|
|switch|p2a: Vileplume|Vileplume, F|353\/353
|detailschange|p1a: Audino|Audino-Mega, F
|-mega|p1a: Audino|Audino|Audinite
|move|p1a: Audino|Heal Bell|p1a: Audino
|-activate|p1a: Audino|move: Heal Bell
|-curestatus|p1: Bronzor|slp|[msg]
|
|upkeep
|turn|8
|choice|switch 2|move aromatherapy
|
|switch|p1a: Bronzor|Bronzor|318\/318
|move|p2a: Vileplume|Aromatherapy|p2a: Vileplume
|-activate|p2a: Vileplume|move: Aromatherapy
|-curestatus|p2: Swellow|tox|[msg]
|
|upkeep
|turn|9
|j|jrdn
|j|EqualityPKMN
|choice|move stealthrock|switch 5
|
|switch|p2a: Samurott|Samurott, M|394\/394
|move|p1a: Bronzor|Stealth Rock|p2a: Samurott
|-sidestart|p2: Marx' Feces|move: Stealth Rock
|
|upkeep
|turn|10
|choice|switch 5|move swordsdance
|
|switch|p1a: Gastrodon|Gastrodon, M|424\/424
|move|p2a: Samurott|Swords Dance|p2a: Samurott
|-boost|p2a: Samurott|atk|2
|
|upkeep
|turn|11
|l|4arms2001
|choice|move curse|move swordsdance
|
|move|p2a: Samurott|Swords Dance|p2a: Samurott
|-boost|p2a: Samurott|atk|2
|move|p1a: Gastrodon|Curse|p1a: Gastrodon
|-unboost|p1a: Gastrodon|spe|1
|-boost|p1a: Gastrodon|atk|1
|-boost|p1a: Gastrodon|def|1
|
|upkeep
|turn|12
|c| FroakieDokey|10 turns in and no one has any damage lol
|j|Crorem
|j|Randomname567
|j|bdude379
|choice|move earthquake|move knockoff
|
|move|p2a: Samurott|Knock Off|p1a: Gastrodon
|-crit|p1a: Gastrodon
|-damage|p1a: Gastrodon|0 fnt
|-enditem|p1a: Gastrodon|Leftovers|[from] move: Knock Off|[of] p2a: Samurott
|faint|p1a: Gastrodon
|
|upkeep
|j|KokPekelharing
|c| SpazzyPlat|Nice crit
|j|KCstar
|choice|switch 6|
|
|switch|p1a: Weezing|Weezing, M|327\/327
|turn|13
|choice|move willowisp|move knockoff
|
|move|p1a: Weezing|Will-O-Wisp|p2a: Samurott
|-status|p2a: Samurott|brn
|move|p2a: Samurott|Knock Off|p1a: Weezing
|-damage|p1a: Weezing|221\/327
|-enditem|p1a: Weezing|Black Sludge|[from] move: Knock Off|[of] p2a: Samurott
|
|-damage|p2a: Samurott|345\/394 brn|[from] brn
|upkeep
|turn|14
|c| Quaziqaz|Lag fest 2017
|choice|move sludgebomb|move swordsdance
|
|move|p1a: Weezing|Sludge Bomb|p2a: Samurott
|-damage|p2a: Samurott|230\/394 brn
|move|p2a: Samurott|Swords Dance|p2a: Samurott
|-boost|p2a: Samurott|atk|2
|
|-heal|p2a: Samurott|254\/394 brn|[from] item: Leftovers
|-damage|p2a: Samurott|205\/394 brn|[from] brn
|upkeep
|turn|15
|choice|move sludgebomb|move knockoff
|
|move|p1a: Weezing|Sludge Bomb|p2a: Samurott
|-damage|p2a: Samurott|90\/394 brn
|move|p2a: Samurott|Knock Off|p1a: Weezing
|-damage|p1a: Weezing|124\/327
|
|-heal|p2a: Samurott|114\/394 brn|[from] item: Leftovers
|-damage|p2a: Samurott|65\/394 brn|[from] brn
|upkeep
|turn|16
|choice|move sludgebomb|move aquajet
|
|move|p2a: Samurott|Aqua Jet|p1a: Weezing
|-crit|p1a: Weezing
|-damage|p1a: Weezing|0 fnt
|faint|p1a: Weezing
|
|-heal|p2a: Samurott|89\/394 brn|[from] item: Leftovers
|-damage|p2a: Samurott|40\/394 brn|[from] brn
|upkeep
|l|Garchomp 2.0
|c| Atlantian|wooo
|c| FroakieDokey|wow
|c| KCstar|yes
|c| KCstar|win
|choice|switch 4|
|
|switch|p1a: Skuntank|Skuntank, F|375\/375
|turn|17
|choice|move darkpulse|move aquajet
|
|move|p2a: Samurott|Aqua Jet|p1a: Skuntank
|-damage|p1a: Skuntank|112\/375
|move|p1a: Skuntank|Dark Pulse|p2a: Samurott
|-damage|p2a: Samurott|0 fnt
|faint|p2a: Samurott
|
|-heal|p1a: Skuntank|135\/375|[from] item: Black Sludge
|upkeep
|c| Quaziqaz|Nuetral
|choice||switch 2
|
|switch|p2a: Gurdurr|Gurdurr, M|374\/374
|-damage|p2a: Gurdurr|351\/374|[from] Stealth Rock
|turn|18
|choice|switch 2|move drainpunch
|
|switch|p1a: Audino|Audino-Mega, F|314\/410
|move|p2a: Gurdurr|Drain Punch|p1a: Audino
|-damage|p1a: Audino|233\/410
|-heal|p2a: Gurdurr|374\/374|[from] drain|[of] p1a: Audino
|
|upkeep
|turn|19
|choice|move wish|move poisonjab
|
|move|p1a: Audino|Wish|p1a: Audino
|move|p2a: Gurdurr|Poison Jab|p1a: Audino
|-supereffective|p1a: Audino
|-damage|p1a: Audino|117\/410
|-status|p1a: Audino|psn
|
|-damage|p1a: Audino|66\/410 psn|[from] psn
|upkeep
|turn|20
|choice|move protect|move poisonjab
|
|move|p1a: Audino|Protect|p1a: Audino
|-singleturn|p1a: Audino|Protect
|move|p2a: Gurdurr|Poison Jab|p1a: Audino
|-activate|p1a: Audino|move: Protect
|
|-heal|p1a: Audino|271\/410 psn|[from] move: Wish|[wisher] Audino
|-damage|p1a: Audino|220\/410 psn|[from] psn
|upkeep
|turn|21
|choice|move wish|move poisonjab
|
|move|p1a: Audino|Wish|p1a: Audino
|move|p2a: Gurdurr|Poison Jab|p1a: Audino
|-supereffective|p1a: Audino
|-damage|p1a: Audino|100\/410 psn
|
|-damage|p1a: Audino|49\/410 psn|[from] psn
|upkeep
|turn|22
|choice|move protect|move poisonjab
|
|move|p1a: Audino|Protect|p1a: Audino
|-singleturn|p1a: Audino|Protect
|move|p2a: Gurdurr|Poison Jab|p1a: Audino
|-activate|p1a: Audino|move: Protect
|
|-heal|p1a: Audino|254\/410 psn|[from] move: Wish|[wisher] Audino
|-damage|p1a: Audino|203\/410 psn|[from] psn
|upkeep
|turn|23
|choice|switch 3|move poisonjab
|
|switch|p1a: Altaria|Altaria, M|353\/353
|move|p2a: Gurdurr|Poison Jab|p1a: Altaria
|-crit|p1a: Altaria
|-damage|p1a: Altaria|237\/353
|
|-heal|p1a: Altaria|259\/353|[from] item: Leftovers
|upkeep
|turn|24
|choice|move roost|move knockoff
|
|move|p1a: Altaria|Roost|p1a: Altaria
|-heal|p1a: Altaria|353\/353
|move|p2a: Gurdurr|Knock Off|p1a: Altaria
|-damage|p1a: Altaria|258\/353
|-enditem|p1a: Altaria|Leftovers|[from] move: Knock Off|[of] p2a: Gurdurr
|
|upkeep
|turn|25
|c| SpazzyPlat|Crits
|c| SpazzyPlat|Stop
|choice|move toxic|switch 3
|
|switch|p2a: Claydol|Claydol|324\/324
|-damage|p2a: Claydol|304\/324|[from] Stealth Rock
|move|p1a: Altaria|Toxic|p2a: Claydol
|-status|p2a: Claydol|tox
|
|-heal|p2a: Claydol|324\/324 tox|[from] item: Leftovers
|-damage|p2a: Claydol|304\/324 tox|[from] psn
|upkeep
|turn|26
|choice|switch 3|move rapidspin
|
|switch|p1a: Audino|Audino-Mega, F|203\/410 psn
|move|p2a: Claydol|Rapid Spin|p1a: Audino
|-damage|p1a: Audino|195\/410 psn
|-sideend|p2: Marx' Feces|Stealth Rock|[from] move: Rapid Spin|[of] p2a: Claydol
|
|-heal|p2a: Claydol|324\/324 tox|[from] item: Leftovers
|-damage|p2a: Claydol|284\/324 tox|[from] psn
|-damage|p1a: Audino|144\/410 psn|[from] psn
|upkeep
|turn|27
|choice|move wish|move earthquake
|
|move|p2a: Claydol|Earthquake|p1a: Audino
|-damage|p1a: Audino|90\/410 psn
|move|p1a: Audino|Wish|p1a: Audino
|
|-heal|p2a: Claydol|304\/324 tox|[from] item: Leftovers
|-damage|p2a: Claydol|244\/324 tox|[from] psn
|-damage|p1a: Audino|39\/410 psn|[from] psn
|upkeep
|turn|28
|j|Mastercrazy_YT
|choice|move protect|move stealthrock
|
|move|p1a: Audino|Protect|p1a: Audino
|-singleturn|p1a: Audino|Protect
|move|p2a: Claydol|Stealth Rock|p1a: Audino
|-sidestart|p1: Jeran|move: Stealth Rock
|
|-heal|p1a: Audino|244\/410 psn|[from] move: Wish|[wisher] Audino
|-heal|p2a: Claydol|264\/324 tox|[from] item: Leftovers
|-damage|p2a: Claydol|184\/324 tox|[from] psn
|-damage|p1a: Audino|193\/410 psn|[from] psn
|upkeep
|turn|29
|choice|move healbell|switch 5
|
|switch|p2a: Vileplume|Vileplume, F|353\/353
|move|p1a: Audino|Heal Bell|p1a: Audino
|-activate|p1a: Audino|move: Heal Bell
|-curestatus|p1a: Audino|psn|[msg]
|
|upkeep
|turn|30
|j|Brierton
|c| Brierton|finally finals eh
|choice|switch 5|move sludgebomb
|
|switch|p1a: Bronzor|Bronzor|318\/318
|-damage|p1a: Bronzor|299\/318|[from] Stealth Rock
|move|p2a: Vileplume|Sludge Bomb|p1a: Bronzor
|-immune|p1a: Bronzor|[msg]
|
|upkeep
|turn|31
|choice|move stealthrock|move aromatherapy
|
|move|p2a: Vileplume|Aromatherapy|p2a: Vileplume
|-activate|p2a: Vileplume|move: Aromatherapy
|-curestatus|p2: Claydol|tox|[msg]
|move|p1a: Bronzor|Stealth Rock|p2a: Vileplume
|-sidestart|p2: Marx' Feces|move: Stealth Rock
|
|upkeep
|turn|32
|choice|switch 3|switch 3
|
|switch|p2a: Gurdurr|Gurdurr, M|374\/374
|-damage|p2a: Gurdurr|351\/374|[from] Stealth Rock
|switch|p1a: Altaria|Altaria, M|258\/353
|-damage|p1a: Altaria|170\/353|[from] Stealth Rock
|
|upkeep
|turn|33
|l|Quaziqaz
|choice|move roost|move poisonjab
|
|move|p1a: Altaria|Roost|p1a: Altaria
|-heal|p1a: Altaria|347\/353
|move|p2a: Gurdurr|Poison Jab|p1a: Altaria
|-damage|p1a: Altaria|267\/353
|
|upkeep
|turn|34
|j|ruamaixanh
|j|barbows
|l|jrdn
|l|dem_noodles
|choice|move toxic|switch 5
|
|switch|p2a: Claydol|Claydol|184\/324
|-damage|p2a: Claydol|164\/324|[from] Stealth Rock
|move|p1a: Altaria|Toxic|p2a: Claydol
|-status|p2a: Claydol|tox
|
|-heal|p2a: Claydol|184\/324 tox|[from] item: Leftovers
|-damage|p2a: Claydol|164\/324 tox|[from] psn
|upkeep
|turn|35
|j|guesswhosbackagain
|choice|switch 5|move rapidspin
|
|switch|p1a: Audino|Audino-Mega, F|193\/410
|-damage|p1a: Audino|142\/410|[from] Stealth Rock
|move|p2a: Claydol|Rapid Spin|p1a: Audino
|-damage|p1a: Audino|134\/410
|-sideend|p2: Marx' Feces|Stealth Rock|[from] move: Rapid Spin|[of] p2a: Claydol
|
|-heal|p2a: Claydol|184\/324 tox|[from] item: Leftovers
|-damage|p2a: Claydol|144\/324 tox|[from] psn
|upkeep
|turn|36
|l|guesswhosbackagain
|l|Jahim
|choice|move wish|move toxic
|
|move|p2a: Claydol|Toxic|p1a: Audino
|-status|p1a: Audino|tox
|move|p1a: Audino|Wish|p1a: Audino
|
|-heal|p2a: Claydol|164\/324 tox|[from] item: Leftovers
|-damage|p2a: Claydol|104\/324 tox|[from] psn
|-damage|p1a: Audino|109\/410 tox|[from] psn
|upkeep
|turn|37
|choice|move healbell|switch 6
|
|switch|p2a: Swellow|Swellow, F|213\/261
|move|p1a: Audino|Heal Bell|p1a: Audino
|-activate|p1a: Audino|move: Heal Bell
|-curestatus|p1a: Audino|tox|[msg]
|
|-heal|p1a: Audino|314\/410|[from] move: Wish|[wisher] Audino
|-status|p2a: Swellow|brn|[from] item: Flame Orb
|upkeep
|turn|38
|j|yogibears
|choice|move protect|move facade
|
|move|p1a: Audino|Protect|p1a: Audino
|-singleturn|p1a: Audino|Protect
|move|p2a: Swellow|Facade|p1a: Audino
|-activate|p1a: Audino|move: Protect
|
|-damage|p2a: Swellow|181\/261 brn|[from] brn
|upkeep
|turn|39
|choice|switch 3|move uturn
|
|switch|p1a: Bronzor|Bronzor|299\/318
|-damage|p1a: Bronzor|280\/318|[from] Stealth Rock
|move|p2a: Swellow|U-turn|p1a: Bronzor
|-crit|p1a: Bronzor
|-damage|p1a: Bronzor|171\/318
|choice||switch 4
|
|switch|p2a: Magmortar|Magmortar, F|291\/291
|
|upkeep
|turn|40
|j|Windows Explorer
|l|CYGUY2000
|choice|switch 2|move fireblast
|
|switch|p1a: Skuntank|Skuntank, F|135\/375
|-damage|p1a: Skuntank|89\/375|[from] Stealth Rock
|move|p2a: Magmortar|Fire Blast|p1a: Skuntank
|-damage|p1a: Skuntank|0 fnt
|faint|p1a: Skuntank
|
|upkeep
|choice|switch 5|
|
|switch|p1a: Altaria|Altaria, M|267\/353
|-damage|p1a: Altaria|179\/353|[from] Stealth Rock
|turn|41
|choice|move roost|switch 3
|
|switch|p2a: Vileplume|Vileplume, F|353\/353
|move|p1a: Altaria|Roost|p1a: Altaria
|-heal|p1a: Altaria|353\/353
|
|upkeep
|turn|42
|choice|move flamethrower|switch 3
|
|switch|p2a: Magmortar|Magmortar, F|291\/291
|move|p1a: Altaria|Flamethrower|p2a: Magmortar
|-resisted|p2a: Magmortar
|-damage|p2a: Magmortar|265\/291
|
|upkeep
|turn|43
|j|Lustamine❤
|choice|move toxic|move thunderbolt
|
|move|p2a: Magmortar|Thunderbolt|p1a: Altaria
|-damage|p1a: Altaria|262\/353
|move|p1a: Altaria|Toxic|p2a: Magmortar
|-status|p2a: Magmortar|tox
|
|-damage|p2a: Magmortar|247\/291 tox|[from] psn
|upkeep
|turn|44
|choice|move roost|switch 5
|
|switch|p2a: Gurdurr|Gurdurr, M|351\/374
|move|p1a: Altaria|Roost|p1a: Altaria
|-heal|p1a: Altaria|353\/353
|
|upkeep
|turn|45
|choice|move flamethrower|move poisonjab
|
|move|p1a: Altaria|Flamethrower|p2a: Gurdurr
|-damage|p2a: Gurdurr|287\/374
|move|p2a: Gurdurr|Poison Jab|p1a: Altaria
|-damage|p1a: Altaria|267\/353
|-status|p1a: Altaria|psn
|
|-damage|p1a: Altaria|223\/353 psn|[from] psn
|upkeep
|turn|46
|choice|move roost|move knockoff
|
|move|p1a: Altaria|Roost|p1a: Altaria
|-heal|p1a: Altaria|353\/353 psn
|move|p2a: Gurdurr|Knock Off|p1a: Altaria
|-damage|p1a: Altaria|293\/353 psn
|
|-damage|p1a: Altaria|249\/353 psn|[from] psn
|upkeep
|turn|47
|choice|switch 2|move poisonjab
|
|-curestatus|p1a: Altaria|psn|[from] ability: Natural Cure
|switch|p1a: Bronzor|Bronzor|171\/318
|-damage|p1a: Bronzor|152\/318|[from] Stealth Rock
|move|p2a: Gurdurr|Poison Jab|p1a: Bronzor
|-immune|p1a: Bronzor|[msg]
|
|upkeep
|turn|48
|choice|move stealthrock|move knockoff
|
|move|p2a: Gurdurr|Knock Off|p1a: Bronzor
|-supereffective|p1a: Bronzor
|-damage|p1a: Bronzor|0 fnt
|-enditem|p1a: Bronzor|Eviolite|[from] move: Knock Off|[of] p2a: Gurdurr
|faint|p1a: Bronzor
|
|upkeep
|choice|switch 3|
|
|switch|p1a: Audino|Audino-Mega, F|314\/410
|-damage|p1a: Audino|263\/410|[from] Stealth Rock
|turn|49
|choice|move dazzlinggleam|move poisonjab
|
|move|p1a: Audino|Dazzling Gleam|p2a: Gurdurr
|-supereffective|p2a: Gurdurr
|-damage|p2a: Gurdurr|107\/374
|move|p2a: Gurdurr|Poison Jab|p1a: Audino
|-supereffective|p1a: Audino
|-damage|p1a: Audino|145\/410
|
|upkeep
|turn|50
|j|EstebanR2
|choice|move wish|switch 3
|
|switch|p2a: Vileplume|Vileplume, F|353\/353
|move|p1a: Audino|Wish|p1a: Audino
|
|upkeep
|turn|51
|choice|move protect|move aromatherapy
|
|move|p1a: Audino|Protect|p1a: Audino
|-singleturn|p1a: Audino|Protect
|move|p2a: Vileplume|Aromatherapy|p2a: Vileplume
|-activate|p2a: Vileplume|move: Aromatherapy
|-curestatus|p2: Swellow|brn|[msg]
|-curestatus|p2: Magmortar|tox|[msg]
|-curestatus|p2: Claydol|tox|[msg]
|
|-heal|p1a: Audino|350\/410|[from] move: Wish|[wisher] Audino
|upkeep
|turn|52
|j|4arms2001
|choice|move wish|move sludgebomb
|
|move|p2a: Vileplume|Sludge Bomb|p1a: Audino
|-supereffective|p1a: Audino
|-crit|p1a: Audino
|-damage|p1a: Audino|60\/410
|move|p1a: Audino|Wish|p1a: Audino
|
|upkeep
|turn|53
|choice|move protect|move sludgebomb
|
|move|p1a: Audino|Protect|p1a: Audino
|-singleturn|p1a: Audino|Protect
|move|p2a: Vileplume|Sludge Bomb|p1a: Audino
|-activate|p1a: Audino|move: Protect
|
|-heal|p1a: Audino|265\/410|[from] move: Wish|[wisher] Audino
|upkeep
|turn|54
|choice|switch 2|move sludgebomb
|
|switch|p1a: Altaria|Altaria, M|249\/353
|-damage|p1a: Altaria|161\/353|[from] Stealth Rock
|move|p2a: Vileplume|Sludge Bomb|p1a: Altaria
|-damage|p1a: Altaria|58\/353
|
|upkeep
|turn|55
|c| SpazzyPlat|This battle was bs
|c| FroakieDokey|gg
|choice|move roost|move sludgebomb
|
|move|p1a: Altaria|Roost|p1a: Altaria
|-heal|p1a: Altaria|235\/353
|move|p2a: Vileplume|Sludge Bomb|p1a: Altaria
|-damage|p1a: Altaria|136\/353
|
|upkeep
|turn|56
|choice|move roost|move sludgebomb
|
|move|p1a: Altaria|Roost|p1a: Altaria
|-heal|p1a: Altaria|313\/353
|move|p2a: Vileplume|Sludge Bomb|p1a: Altaria
|-damage|p1a: Altaria|211\/353
|-status|p1a: Altaria|psn
|
|-damage|p1a: Altaria|167\/353 psn|[from] psn
|upkeep
|turn|57
|l|knickknack
|choice|move roost|switch 4
|
|switch|p2a: Swellow|Swellow, F|181\/261
|move|p1a: Altaria|Roost|p1a: Altaria
|-heal|p1a: Altaria|344\/353 psn
|
|-damage|p1a: Altaria|300\/353 psn|[from] psn
|-status|p2a: Swellow|brn|[from] item: Flame Orb
|upkeep
|turn|58
|choice|move roost|move facade
|
|move|p2a: Swellow|Facade|p1a: Altaria
|-damage|p1a: Altaria|48\/353 psn
|move|p1a: Altaria|Roost|p1a: Altaria
|-heal|p1a: Altaria|225\/353 psn
|
|-damage|p2a: Swellow|149\/261 brn|[from] brn
|-damage|p1a: Altaria|181\/353 psn|[from] psn
|upkeep
|turn|59
|l|FroakieDokey
|c| barbows|why bs?
|choice|move roost|move facade
|
|move|p2a: Swellow|Facade|p1a: Altaria
|-damage|p1a: Altaria|0 fnt
|faint|p1a: Altaria
|
|-damage|p2a: Swellow|117\/261 brn|[from] brn
|upkeep
|j|knickknack
|c|★Jeran|pathetic
|-message|Jeran forfeited.
|
|win|Marx' Feces
|player|p1
|player|p2
|l|Jeran
|c| Lustamine❤|lol
|l|knickknack
|c|★Marx' Feces|gg
|j|samjo♥
|l|Marx' Feces
|l|barbows
|l|Lustamine❤
|l|p2w no skills
|l|A Hidey Hole
|l|EstebanR2
|l|4arms2001</script>
</div>
<div class="battle-log battle-log-inline"><div class="inner"><div class="battle-options"></div><div class="inner"><div class="chat"><small>Jeran joined.</small></div><div class="chat"><small>Marx' Feces joined.</small></div><div class=""><small>Format:</small> <br><strong>NU</strong></div><div class=""><small><em>Sleep Clause Mod:</em> Limit one foe put to sleep</small></div><div class=""><small><em>Species Clause:</em> Limit one of each Pokémon</small></div><div class=""><small><em>OHKO Clause:</em> OHKO moves are banned</small></div><div class=""><small><em>Moody Clause:</em> Moody is banned</small></div><div class=""><small><em>Evasion Moves Clause:</em> Evasion moves are banned</small></div><div class=""><small><em>Endless Battle Clause:</em> Forcing endless battles is banned</small></div><div class=""><small><em>HP Percentage Mod:</em> HP is shown in percentages</small></div><div class=""><small><em>Swagger Clause:</em> Swagger is banned</small></div><div class=""><small><em>Baton Pass Clause:</em> Limit one Baton Passer, can't pass Spe and other stats simultaneously</small></div><div class="chat battle-history"><strong>Jeran's team:</strong> <em style="color:#445566;display:block;">Altaria / Audino / Bronzor / Skuntank / Gastrodon / Weezing</em></div><div class="chat battle-history"><strong>Marx' Feces's team:</strong> <em style="color:#445566;display:block;">Vileplume / Swellow / Claydol / Magmortar / Samurott / Gurdurr</em></div><div class="chat"><small>Stats Bot joined.</small></div><div class="chat"><small>Stats Bot left.</small></div><div class="chat"><small>FroakieDokey joined.</small></div><div class="chat"><small>p2w no skills joined.</small></div><div class="chat"><small>alex0kat joined.</small></div><div class="chat"><small>knickknack joined.</small></div><div class="chat"><small>Jahim joined.</small></div><div class="chat"><small>Garchomp 2.0 joined.</small></div><div class="chat"><small>Atlantian joined.</small></div><div class="chat"><small>Quaziqaz joined.</small></div><div class="chat"><small>SpazzyPlat joined.</small></div><div class="chat"><small>Strong Pyukumuku joined.</small></div><div class="chat"><small>CYGUY2000 joined.</small></div><div class="chat"><small>Tristen4545 joined.</small></div><div class="chat"><small>SweetSaku joined.</small></div><div class="chat"><small>Xela112233 joined.</small></div><div class="chat"><small>The Rarest Candy joined.</small></div><div class="chat chatmessage-froakiedokey"><strong style="color:hsl(109,45%,37%)"><small> </small><span class="username" data-name="FroakieDokey">FroakieDokey</span>:</strong> <em>hows everyone's night going</em></div><div class="chat"><small>AV99 joined.</small></div><div class="chat"><small>Pizar joined.</small></div><div class="chat"><small>4arms2001 joined.</small></div><div class="chat"><small>God-Says-No joined.</small></div><div class="chat"><small>roberto27 joined.</small></div><div class="chat"><small>IcedC joined.</small></div><div class="chat chatmessage-quaziqaz"><strong style="color:hsl(146,51%,41%)"><small> </small><span class="username" data-name="Quaziqaz">Quaziqaz</span>:</strong> <em>Good</em></div><div class="chat"><small>BreachingTrout joined.</small></div><div class="chat chatmessage-xela112233"><strong style="color:hsl(141,55%,42.971958020641495%)"><small> </small><span class="username" data-name="Xela112233">Xela112233</span>:</strong> <em>Fight</em></div><div class="spacer battle-history"><br></div><div class="battle-history">Battle started between Jeran and Marx' Feces!<br></div><div class="spacer battle-history"><br></div><div class="battle-history">Go! <strong>Altaria</strong>!<br></div><div class="spacer battle-history"><br></div><div class="battle-history">Marx' Feces sent out <strong>Swellow</strong>!<br></div><div class="spacer battle-history"><br></div><h2 class="battle-history">Turn 1</h2><div class="chat"><small>WashWailIsAFK joined.</small></div><div class="chat"><small>PokeExpert2017 joined.</small></div><div class="spacer battle-history"><br></div><div class="battle-history">Altaria, come back!<br></div><div class="battle-history">Go! <strong>Bronzor</strong>!<br></div><div class="spacer battle-history"><br></div><div class="battle-history">The opposing Swellow used <strong>U-turn</strong>!<br></div><div class="battle-history"><small>(Bronzor lost <abbr title="−49/318">15.4%</abbr> of its health!)</small><br></div><div class="chat chatmessage-quaziqaz"><strong style="color:hsl(146,51%,41%)"><small> </small><span class="username" data-name="Quaziqaz">Quaziqaz</span>:</strong> <em>Lag</em></div><div class="spacer battle-history"><br></div><div class="battle-history">The opposing Swellow went back to Marx' Feces!<br></div><div class="battle-history">Marx' Feces sent out <strong>Magmortar</strong>!<br></div><div class="spacer battle-history"><br></div><h2 class="battle-history">Turn 2</h2><div class="chat"><small>PokeExpert2017 left.</small></div><div class="chat"><small>Xela112233 left.</small></div><div class="spacer battle-history"><br></div><div class="battle-history">Bronzor, come back!<br></div><div class="battle-history">Go! <strong>Altaria</strong>!<br></div><div class="spacer battle-history"><br></div><div class="battle-history">The opposing Magmortar used <strong>Fire Blast</strong>!<br></div><div class="battle-history"><small>Altaria avoided the attack!</small><br></div><div class="spacer battle-history"><br></div><h2 class="battle-history">Turn 3</h2><div class="chat"><small>2Dent joined.</small></div><div class="chat"><small>IcedC left.</small></div><div class="spacer battle-history"><br></div><div class="battle-history">Marx' Feces withdrew Magmortar!<br></div><div class="battle-history">Marx' Feces sent out <strong>Swellow</strong>!<br></div><div class="spacer battle-history"><br></div><div class="battle-history">Altaria used <strong>Toxic</strong>!<br></div><div class="battle-history"><small>The opposing Swellow was badly poisoned!</small><br></div><div class="spacer battle-history"><br></div><div class="battle-history"><small>The opposing Swellow was hurt by poison!</small><br></div><div class="spacer battle-history"><br></div><h2 class="battle-history">Turn 4</h2><div class="chat"><small>dem_noodles joined.</small></div><div class="spacer battle-history"><br></div><div class="battle-history">Altaria, come back!<br></div><div class="battle-history">Go! <strong>Bronzor</strong>!<br></div><div class="spacer battle-history"><br></div><div class="battle-history">The opposing Swellow used <strong>Facade</strong>!<br></div><div class="battle-history"><small>It's not very effective...</small><br></div><div class="battle-history"><small>(Bronzor lost <abbr title="−93/318">29.2%</abbr> of its health!)</small><br></div><div class="spacer battle-history"><br></div><div class="battle-history"><small>The opposing Swellow was hurt by poison!</small><br></div><div class="spacer battle-history"><br></div><h2 class="battle-history">Turn 5</h2><div class="chat"><small>A Hidey Hole joined.</small></div><div class="spacer battle-history"><br></div><div class="battle-history">The opposing Swellow used <strong>U-turn</strong>!<br></div><div class="battle-history"><small>(Bronzor lost <abbr title="−68/318">21.4%</abbr> of its health!)</small><br></div><div class="spacer battle-history"><br></div><div class="battle-history">The opposing Swellow went back to Marx' Feces!<br></div><div class="battle-history">Marx' Feces sent out <strong>Gurdurr</strong>!<br></div><div class="spacer battle-history"><br></div><div class="battle-history">Bronzor used <strong>Rest</strong>!<br></div><div class="battle-history"><small>Bronzor fell asleep!</small><br></div><div class="battle-history"><small>Bronzor slept and became healthy!</small><br></div><div class="spacer battle-history"><br></div><h2 class="battle-history">Turn 6</h2><div class="spacer battle-history"><br></div><div class="battle-history">Bronzor, come back!<br></div><div class="battle-history">Go! <strong>Audino</strong>!<br></div><div class="spacer battle-history"><br></div><div class="battle-history">The opposing Gurdurr used <strong>Knock Off</strong>!<br></div><div class="battle-history"><small>A critical hit!</small><br></div><div class="battle-history"><small>(Audino lost <abbr title="−96/410">23.4%</abbr> of its health!)</small><br></div><div class="spacer battle-history"><br></div><h2 class="battle-history">Turn 7</h2><div class="spacer battle-history"><br></div><div class="battle-history">Marx' Feces withdrew Gurdurr!<br></div><div class="battle-history">Marx' Feces sent out <strong>Vileplume</strong>!<br></div><div class="spacer battle-history"><br></div><div class="battle-history"><small>Audino's Audinite is reacting to Jeran's Mega Bracelet!</small><br>Audino has Mega Evolved into Mega Audino!<br></div><div class="spacer battle-history"><br></div><div class="battle-history">Audino used <strong>Heal Bell</strong>!<br></div><div class="battle-history"><small>A bell chimed!</small><br></div><div class="battle-history"><small>Bronzor woke up!</small><br></div><div class="spacer battle-history"><br></div><h2 class="battle-history">Turn 8</h2><div class="spacer battle-history"><br></div><div class="battle-history">Audino, come back!<br></div><div class="battle-history">Go! <strong>Bronzor</strong>!<br></div><div class="spacer battle-history"><br></div><div class="battle-history">The opposing Vileplume used <strong>Aromatherapy</strong>!<br></div><div class="battle-history"><small>A soothing aroma wafted through the area!</small><br></div><div class="battle-history"><small>The opposing Swellow was cured of its poisoning.</small><br></div><div class="spacer battle-history"><br></div><h2 class="battle-history">Turn 9</h2><div class="chat"><small>jrdn joined.</small></div><div class="chat"><small>EqualityPKMN joined.</small></div><div class="spacer battle-history"><br></div><div class="battle-history">Marx' Feces withdrew Vileplume!<br></div><div class="battle-history">Marx' Feces sent out <strong>Samurott</strong>!<br></div><div class="spacer battle-history"><br></div><div class="battle-history">Bronzor used <strong>Stealth Rock</strong>!<br></div><div class="battle-history"><small>Pointed stones float in the air around the opposing team!</small><br></div><div class="spacer battle-history"><br></div><h2 class="battle-history">Turn 10</h2><div class="spacer battle-history"><br></div><div class="battle-history">Bronzor, come back!<br></div><div class="battle-history">Go! <strong>Gastrodon</strong>!<br></div><div class="spacer battle-history"><br></div><div class="battle-history">The opposing Samurott used <strong>Swords Dance</strong>!<br></div><div class="battle-history"><small>The opposing Samurott's Attack rose sharply!</small><br></div><div class="spacer battle-history"><br></div><h2 class="battle-history">Turn 11</h2><div class="chat"><small>4arms2001 left.</small></div><div class="spacer battle-history"><br></div><div class="battle-history">The opposing Samurott used <strong>Swords Dance</strong>!<br></div><div class="battle-history"><small>The opposing Samurott's Attack rose sharply!</small><br></div><div class="spacer battle-history"><br></div><div class="battle-history">Gastrodon used <strong>Curse</strong>!<br></div><div class="battle-history"><small>Gastrodon's Speed fell!</small><br></div><div class="battle-history"><small>Gastrodon's Attack rose!</small><br></div><div class="battle-history"><small>Gastrodon's Defense rose!</small><br></div><div class="spacer battle-history"><br></div><h2 class="battle-history">Turn 12</h2><div class="chat chatmessage-froakiedokey"><strong style="color:hsl(109,45%,37%)"><small> </small><span class="username" data-name="FroakieDokey">FroakieDokey</span>:</strong> <em>10 turns in and no one has any damage lol</em></div><div class="chat"><small>Crorem joined.</small></div><div class="chat"><small>Randomname567 joined.</small></div><div class="chat"><small>bdude379 joined.</small></div><div class="spacer battle-history"><br></div><div class="battle-history">The opposing Samurott used <strong>Knock Off</strong>!<br></div><div class="battle-history"><small>A critical hit!</small><br></div><div class="battle-history"><small>(Gastrodon lost <abbr title="−424/424">100%</abbr> of its health!)</small><br></div><div class="battle-history"><small>The opposing Samurott knocked off Gastrodon's Leftovers!</small><br></div><div class="spacer battle-history"><br></div><div class="battle-history">Gastrodon fainted!<br></div><div class="chat"><small>KokPekelharing joined.</small></div><div class="chat chatmessage-spazzyplat"><strong style="color:hsl(241,61%,67.8020978824978%)"><small> </small><span class="username" data-name="SpazzyPlat">SpazzyPlat</span>:</strong> <em>Nice crit</em></div><div class="chat"><small>KCstar joined.</small></div><div class="spacer battle-history"><br></div><div class="battle-history">Go! <strong>Weezing</strong>!<br></div><div class="spacer battle-history"><br></div><h2 class="battle-history">Turn 13</h2><div class="spacer battle-history"><br></div><div class="battle-history">Weezing used <strong>Will-O-Wisp</strong>!<br></div><div class="battle-history"><small>The opposing Samurott was burned!</small><br></div><div class="spacer battle-history"><br></div><div class="battle-history">The opposing Samurott used <strong>Knock Off</strong>!<br></div><div class="battle-history"><small>(Weezing lost <abbr title="−106/327">32.4%</abbr> of its health!)</small><br></div><div class="battle-history"><small>The opposing Samurott knocked off Weezing's Black Sludge!</small><br></div><div class="spacer battle-history"><br></div><div class="battle-history"><small>The opposing Samurott was hurt by its burn!</small><br></div><div class="spacer battle-history"><br></div><h2 class="battle-history">Turn 14</h2><div class="chat chatmessage-quaziqaz"><strong style="color:hsl(146,51%,41%)"><small> </small><span class="username" data-name="Quaziqaz">Quaziqaz</span>:</strong> <em>Lag fest 2017</em></div><div class="spacer battle-history"><br></div><div class="battle-history">Weezing used <strong>Sludge Bomb</strong>!<br></div><div class="battle-history"><small>(The opposing Samurott lost <abbr title="−115/394">29.2%</abbr> of its health!)</small><br></div><div class="spacer battle-history"><br></div><div class="battle-history">The opposing Samurott used <strong>Swords Dance</strong>!<br></div><div class="battle-history"><small>The opposing Samurott's Attack rose sharply!</small><br></div><div class="spacer battle-history"><br></div><div class="battle-history"><small>The opposing Samurott restored a little HP using its Leftovers!</small><br></div><div class="battle-history"><small>The opposing Samurott was hurt by its burn!</small><br></div><div class="spacer battle-history"><br></div><h2 class="battle-history">Turn 15</h2><div class="spacer battle-history"><br></div><div class="battle-history">Weezing used <strong>Sludge Bomb</strong>!<br></div><div class="battle-history"><small>(The opposing Samurott lost <abbr title="−115/394">29.2%</abbr> of its health!)</small><br></div><div class="spacer battle-history"><br></div><div class="battle-history">The opposing Samurott used <strong>Knock Off</strong>!<br></div><div class="battle-history"><small>(Weezing lost <abbr title="−97/327">29.7%</abbr> of its health!)</small><br></div><div class="spacer battle-history"><br></div><div class="battle-history"><small>The opposing Samurott restored a little HP using its Leftovers!</small><br></div><div class="battle-history"><small>The opposing Samurott was hurt by its burn!</small><br></div><div class="spacer battle-history"><br></div><h2 class="battle-history">Turn 16</h2><div class="spacer battle-history"><br></div><div class="battle-history">The opposing Samurott used <strong>Aqua Jet</strong>!<br></div><div class="battle-history"><small>A critical hit!</small><br></div><div class="battle-history"><small>(Weezing lost <abbr title="−124/327">37.9%</abbr> of its health!)</small><br></div><div class="spacer battle-history"><br></div><div class="battle-history">Weezing fainted!<br></div><div class="spacer battle-history"><br></div><div class="battle-history"><small>The opposing Samurott restored a little HP using its Leftovers!</small><br></div><div class="battle-history"><small>The opposing Samurott was hurt by its burn!</small><br></div><div class="chat"><small>Garchomp 2.0 left.</small></div><div class="chat chatmessage-atlantian"><strong style="color:hsl(305,57%,48.02376048951834%)"><small> </small><span class="username" data-name="Atlantian">Atlantian</span>:</strong> <em>wooo</em></div><div class="chat chatmessage-froakiedokey"><strong style="color:hsl(109,45%,37%)"><small> </small><span class="username" data-name="FroakieDokey">FroakieDokey</span>:</strong> <em>wow</em></div><div class="chat chatmessage-kcstar"><strong style="color:hsl(176,55%,44.867718150423784%)"><small> </small><span class="username" data-name="KCstar">KCstar</span>:</strong> <em>yes</em></div><div class="chat chatmessage-kcstar"><strong style="color:hsl(176,55%,44.867718150423784%)"><small> </small><span class="username" data-name="KCstar">KCstar</span>:</strong> <em>win</em></div><div class="spacer battle-history"><br></div><div class="battle-history">Go! <strong>Skuntank</strong>!<br></div><div class="spacer battle-history"><br></div><h2 class="battle-history">Turn 17</h2><div class="spacer battle-history"><br></div><div class="battle-history">The opposing Samurott used <strong>Aqua Jet</strong>!<br></div><div class="battle-history"><small>(Skuntank lost <abbr title="−263/375">70.1%</abbr> of its health!)</small><br></div><div class="spacer battle-history"><br></div><div class="battle-history">Skuntank used <strong>Dark Pulse</strong>!<br></div><div class="battle-history"><small>(The opposing Samurott lost <abbr title="−40/394">10.2%</abbr> of its health!)</small><br></div><div class="spacer battle-history"><br></div><div class="battle-history">The opposing Samurott fainted!<br></div><div class="spacer battle-history"><br></div><div class="battle-history"><small>Skuntank restored a little HP using its Black Sludge!</small><br></div><div class="chat chatmessage-quaziqaz"><strong style="color:hsl(146,51%,41%)"><small> </small><span class="username" data-name="Quaziqaz">Quaziqaz</span>:</strong> <em>Nuetral</em></div><div class="spacer battle-history"><br></div><div class="battle-history">Marx' Feces sent out <strong>Gurdurr</strong>!<br></div><div class="battle-history"><small>Pointed stones dug into the opposing Gurdurr!</small><br></div><div class="spacer battle-history"><br></div><h2 class="battle-history">Turn 18</h2><div class="spacer battle-history"><br></div><div class="battle-history">Skuntank, come back!<br></div><div class="battle-history">Go! Audino (<strong>Audino-Mega</strong>)!<br></div><div class="spacer battle-history"><br></div><div class="battle-history">The opposing Gurdurr used <strong>Drain Punch</strong>!<br></div><div class="battle-history"><small>(Audino lost <abbr title="−81/410">19.8%</abbr> of its health!)</small><br></div><div class="battle-history"><small>Audino had its energy drained!</small><br></div><div class="spacer battle-history"><br></div><h2 class="battle-history">Turn 19</h2><div class="spacer battle-history"><br></div><div class="battle-history">Audino used <strong>Wish</strong>!<br></div><div class="spacer battle-history"><br></div><div class="battle-history">The opposing Gurdurr used <strong>Poison Jab</strong>!<br></div><div class="battle-history"><small>It's super effective!</small><br></div><div class="battle-history"><small>(Audino lost <abbr title="−116/410">28.3%</abbr> of its health!)</small><br></div><div class="battle-history"><small>Audino was poisoned!</small><br></div><div class="spacer battle-history"><br></div><div class="battle-history"><small>Audino was hurt by poison!</small><br></div><div class="spacer battle-history"><br></div><h2 class="battle-history">Turn 20</h2><div class="spacer battle-history"><br></div><div class="battle-history">Audino used <strong>Protect</strong>!<br></div><div class="battle-history"><small>Audino protected itself!</small><br></div><div class="spacer battle-history"><br></div><div class="battle-history">The opposing Gurdurr used <strong>Poison Jab</strong>!<br></div><div class="battle-history"><small>Audino protected itself!</small><br></div><div class="spacer battle-history"><br></div><div class="battle-history"><small>Audino's wish came true!</small><br></div><div class="battle-history"><small>Audino was hurt by poison!</small><br></div><div class="spacer battle-history"><br></div><h2 class="battle-history">Turn 21</h2><div class="spacer battle-history"><br></div><div class="battle-history">Audino used <strong>Wish</strong>!<br></div><div class="spacer battle-history"><br></div><div class="battle-history">The opposing Gurdurr used <strong>Poison Jab</strong>!<br></div><div class="battle-history"><small>It's super effective!</small><br></div><div class="battle-history"><small>(Audino lost <abbr title="−120/410">29.3%</abbr> of its health!)</small><br></div><div class="spacer battle-history"><br></div><div class="battle-history"><small>Audino was hurt by poison!</small><br></div><div class="spacer battle-history"><br></div><h2 class="battle-history">Turn 22</h2><div class="spacer battle-history"><br></div><div class="battle-history">Audino used <strong>Protect</strong>!<br></div><div class="battle-history"><small>Audino protected itself!</small><br></div><div class="spacer battle-history"><br></div><div class="battle-history">The opposing Gurdurr used <strong>Poison Jab</strong>!<br></div><div class="battle-history"><small>Audino protected itself!</small><br></div><div class="spacer battle-history"><br></div><div class="battle-history"><small>Audino's wish came true!</small><br></div><div class="battle-history"><small>Audino was hurt by poison!</small><br></div><div class="spacer battle-history"><br></div><h2 class="battle-history">Turn 23</h2><div class="spacer battle-history"><br></div><div class="battle-history">Audino, come back!<br></div><div class="battle-history">Go! <strong>Altaria</strong>!<br></div><div class="spacer battle-history"><br></div><div class="battle-history">The opposing Gurdurr used <strong>Poison Jab</strong>!<br></div><div class="battle-history"><small>A critical hit!</small><br></div><div class="battle-history"><small>(Altaria lost <abbr title="−116/353">32.9%</abbr> of its health!)</small><br></div><div class="spacer battle-history"><br></div><div class="battle-history"><small>Altaria restored a little HP using its Leftovers!</small><br></div><div class="spacer battle-history"><br></div><h2 class="battle-history">Turn 24</h2><div class="spacer battle-history"><br></div><div class="battle-history">Altaria used <strong>Roost</strong>!<br></div><div class="battle-history"><small>Altaria restored its HP.</small><br></div><div class="spacer battle-history"><br></div><div class="battle-history">The opposing Gurdurr used <strong>Knock Off</strong>!<br></div><div class="battle-history"><small>(Altaria lost <abbr title="−95/353">26.9%</abbr> of its health!)</small><br></div><div class="battle-history"><small>The opposing Gurdurr knocked off Altaria's Leftovers!</small><br></div><div class="spacer battle-history"><br></div><h2 class="battle-history">Turn 25</h2><div class="chat chatmessage-spazzyplat"><strong style="color:hsl(241,61%,67.8020978824978%)"><small> </small><span class="username" data-name="SpazzyPlat">SpazzyPlat</span>:</strong> <em>Crits</em></div><div class="chat chatmessage-spazzyplat"><strong style="color:hsl(241,61%,67.8020978824978%)"><small> </small><span class="username" data-name="SpazzyPlat">SpazzyPlat</span>:</strong> <em>Stop</em></div><div class="spacer battle-history"><br></div><div class="battle-history">Marx' Feces withdrew Gurdurr!<br></div><div class="battle-history">Marx' Feces sent out <strong>Claydol</strong>!<br></div><div class="battle-history"><small>Pointed stones dug into the opposing Claydol!</small><br></div><div class="spacer battle-history"><br></div><div class="battle-history">Altaria used <strong>Toxic</strong>!<br></div><div class="battle-history"><small>The opposing Claydol was badly poisoned!</small><br></div><div class="spacer battle-history"><br></div><div class="battle-history"><small>The opposing Claydol restored a little HP using its Leftovers!</small><br></div><div class="battle-history"><small>The opposing Claydol was hurt by poison!</small><br></div><div class="spacer battle-history"><br></div><h2 class="battle-history">Turn 26</h2><div class="spacer battle-history"><br></div><div class="battle-history">Altaria, come back!<br></div><div class="battle-history">Go! Audino (<strong>Audino-Mega</strong>)!<br></div><div class="spacer battle-history"><br></div><div class="battle-history">The opposing Claydol used <strong>Rapid Spin</strong>!<br></div><div class="battle-history"><small>(Audino lost <abbr title="−8/410">2.0%</abbr> of its health!)</small><br></div><div class="battle-history"><small>The pointed stones disappeared from around the opposing team!</small><br></div><div class="spacer battle-history"><br></div><div class="battle-history"><small>The opposing Claydol restored a little HP using its Leftovers!</small><br></div><div class="battle-history"><small>The opposing Claydol was hurt by poison!</small><br></div><div class="battle-history"><small>Audino was hurt by poison!</small><br></div><div class="spacer battle-history"><br></div><h2 class="battle-history">Turn 27</h2><div class="spacer battle-history"><br></div><div class="battle-history">The opposing Claydol used <strong>Earthquake</strong>!<br></div><div class="battle-history"><small>(Audino lost <abbr title="−54/410">13.2%</abbr> of its health!)</small><br></div><div class="spacer battle-history"><br></div><div class="battle-history">Audino used <strong>Wish</strong>!<br></div><div class="spacer battle-history"><br></div><div class="battle-history"><small>The opposing Claydol restored a little HP using its Leftovers!</small><br></div><div class="battle-history"><small>The opposing Claydol was hurt by poison!</small><br></div><div class="battle-history"><small>Audino was hurt by poison!</small><br></div><div class="spacer battle-history"><br></div><h2 class="battle-history">Turn 28</h2><div class="chat"><small>Mastercrazy_YT joined.</small></div><div class="spacer battle-history"><br></div><div class="battle-history">Audino used <strong>Protect</strong>!<br></div><div class="battle-history"><small>Audino protected itself!</small><br></div><div class="spacer battle-history"><br></div><div class="battle-history">The opposing Claydol used <strong>Stealth Rock</strong>!<br></div><div class="battle-history"><small>Pointed stones float in the air around your team!</small><br></div><div class="spacer battle-history"><br></div><div class="battle-history"><small>Audino's wish came true!</small><br></div><div class="battle-history"><small>The opposing Claydol restored a little HP using its Leftovers!</small><br></div><div class="battle-history"><small>The opposing Claydol was hurt by poison!</small><br></div><div class="battle-history"><small>Audino was hurt by poison!</small><br></div><div class="spacer battle-history"><br></div><h2 class="battle-history">Turn 29</h2><div class="spacer battle-history"><br></div><div class="battle-history">Marx' Feces withdrew Claydol!<br></div><div class="battle-history">Marx' Feces sent out <strong>Vileplume</strong>!<br></div><div class="spacer battle-history"><br></div><div class="battle-history">Audino used <strong>Heal Bell</strong>!<br></div><div class="battle-history"><small>A bell chimed!</small><br></div><div class="battle-history"><small>Audino was cured of its poisoning.</small><br></div><div class="spacer battle-history"><br></div><h2 class="battle-history">Turn 30</h2><div class="chat"><small>Brierton joined.</small></div><div class="chat chatmessage-brierton"><strong style="color:hsl(147,40%,41%)"><small> </small><span class="username" data-name="Brierton">Brierton</span>:</strong> <em>finally finals eh</em></div><div class="spacer battle-history"><br></div><div class="battle-history">Audino, come back!<br></div><div class="battle-history">Go! <strong>Bronzor</strong>!<br></div><div class="battle-history"><small>Pointed stones dug into Bronzor!</small><br></div><div class="spacer battle-history"><br></div><div class="battle-history">The opposing Vileplume used <strong>Sludge Bomb</strong>!<br></div><div class="battle-history"><small>It doesn't affect Bronzor...</small><br></div><div class="spacer battle-history"><br></div><h2 class="battle-history">Turn 31</h2><div class="spacer battle-history"><br></div><div class="battle-history">The opposing Vileplume used <strong>Aromatherapy</strong>!<br></div><div class="battle-history"><small>A soothing aroma wafted through the area!</small><br></div><div class="battle-history"><small>The opposing Claydol was cured of its poisoning.</small><br></div><div class="spacer battle-history"><br></div><div class="battle-history">Bronzor used <strong>Stealth Rock</strong>!<br></div><div class="battle-history"><small>Pointed stones float in the air around the opposing team!</small><br></div><div class="spacer battle-history"><br></div><h2 class="battle-history">Turn 32</h2><div class="spacer battle-history"><br></div><div class="battle-history">Marx' Feces withdrew Vileplume!<br></div><div class="battle-history">Marx' Feces sent out <strong>Gurdurr</strong>!<br></div><div class="battle-history"><small>Pointed stones dug into the opposing Gurdurr!</small><br></div><div class="spacer battle-history"><br></div><div class="battle-history">Bronzor, come back!<br></div><div class="battle-history">Go! <strong>Altaria</strong>!<br></div><div class="battle-history"><small>Pointed stones dug into Altaria!</small><br></div><div class="spacer battle-history"><br></div><h2 class="battle-history">Turn 33</h2><div class="chat"><small>Quaziqaz left.</small></div><div class="spacer battle-history"><br></div><div class="battle-history">Altaria used <strong>Roost</strong>!<br></div><div class="battle-history"><small>Altaria restored its HP.</small><br></div><div class="spacer battle-history"><br></div><div class="battle-history">The opposing Gurdurr used <strong>Poison Jab</strong>!<br></div><div class="battle-history"><small>(Altaria lost <abbr title="−80/353">22.7%</abbr> of its health!)</small><br></div><div class="spacer battle-history"><br></div><h2 class="battle-history">Turn 34</h2><div class="chat"><small>ruamaixanh joined.</small></div><div class="chat"><small>barbows joined.</small></div><div class="chat"><small>jrdn left.</small></div><div class="chat"><small>dem_noodles left.</small></div><div class="spacer battle-history"><br></div><div class="battle-history">Marx' Feces withdrew Gurdurr!<br></div><div class="battle-history">Marx' Feces sent out <strong>Claydol</strong>!<br></div><div class="battle-history"><small>Pointed stones dug into the opposing Claydol!</small><br></div><div class="spacer battle-history"><br></div><div class="battle-history">Altaria used <strong>Toxic</strong>!<br></div><div class="battle-history"><small>The opposing Claydol was badly poisoned!</small><br></div><div class="spacer battle-history"><br></div><div class="battle-history"><small>The opposing Claydol restored a little HP using its Leftovers!</small><br></div><div class="battle-history"><small>The opposing Claydol was hurt by poison!</small><br></div><div class="spacer battle-history"><br></div><h2 class="battle-history">Turn 35</h2><div class="chat"><small>guesswhosbackagain joined.</small></div><div class="spacer battle-history"><br></div><div class="battle-history">Altaria, come back!<br></div><div class="battle-history">Go! Audino (<strong>Audino-Mega</strong>)!<br></div><div class="battle-history"><small>Pointed stones dug into Audino!</small><br></div><div class="spacer battle-history"><br></div><div class="battle-history">The opposing Claydol used <strong>Rapid Spin</strong>!<br></div><div class="battle-history"><small>(Audino lost <abbr title="−8/410">2.0%</abbr> of its health!)</small><br></div><div class="battle-history"><small>The pointed stones disappeared from around the opposing team!</small><br></div><div class="spacer battle-history"><br></div><div class="battle-history"><small>The opposing Claydol restored a little HP using its Leftovers!</small><br></div><div class="battle-history"><small>The opposing Claydol was hurt by poison!</small><br></div><div class="spacer battle-history"><br></div><h2 class="battle-history">Turn 36</h2><div class="chat"><small>guesswhosbackagain left.</small></div><div class="chat"><small>Jahim left.</small></div><div class="spacer battle-history"><br></div><div class="battle-history">The opposing Claydol used <strong>Toxic</strong>!<br></div><div class="battle-history"><small>Audino was badly poisoned!</small><br></div><div class="spacer battle-history"><br></div><div class="battle-history">Audino used <strong>Wish</strong>!<br></div><div class="spacer battle-history"><br></div><div class="battle-history"><small>The opposing Claydol restored a little HP using its Leftovers!</small><br></div><div class="battle-history"><small>The opposing Claydol was hurt by poison!</small><br></div><div class="battle-history"><small>Audino was hurt by poison!</small><br></div><div class="spacer battle-history"><br></div><h2 class="battle-history">Turn 37</h2><div class="spacer battle-history"><br></div><div class="battle-history">Marx' Feces withdrew Claydol!<br></div><div class="battle-history">Marx' Feces sent out <strong>Swellow</strong>!<br></div><div class="spacer battle-history"><br></div><div class="battle-history">Audino used <strong>Heal Bell</strong>!<br></div><div class="battle-history"><small>A bell chimed!</small><br></div><div class="battle-history"><small>Audino was cured of its poisoning.</small><br></div><div class="spacer battle-history"><br></div><div class="battle-history"><small>Audino's wish came true!</small><br></div><div class="battle-history"><small>The opposing Swellow was burned!</small><br></div><div class="spacer battle-history"><br></div><h2 class="battle-history">Turn 38</h2><div class="chat"><small>yogibears joined.</small></div><div class="spacer battle-history"><br></div><div class="battle-history">Audino used <strong>Protect</strong>!<br></div><div class="battle-history"><small>Audino protected itself!</small><br></div><div class="spacer battle-history"><br></div><div class="battle-history">The opposing Swellow used <strong>Facade</strong>!<br></div><div class="battle-history"><small>Audino protected itself!</small><br></div><div class="spacer battle-history"><br></div><div class="battle-history"><small>The opposing Swellow was hurt by its burn!</small><br></div><div class="spacer battle-history"><br></div><h2 class="battle-history">Turn 39</h2><div class="spacer battle-history"><br></div><div class="battle-history">Audino, come back!<br></div><div class="battle-history">Go! <strong>Bronzor</strong>!<br></div><div class="battle-history"><small>Pointed stones dug into Bronzor!</small><br></div><div class="spacer battle-history"><br></div><div class="battle-history">The opposing Swellow used <strong>U-turn</strong>!<br></div><div class="battle-history"><small>A critical hit!</small><br></div><div class="battle-history"><small>(Bronzor lost <abbr title="−109/318">34.3%</abbr> of its health!)</small><br></div><div class="spacer battle-history"><br></div><div class="battle-history">The opposing Swellow went back to Marx' Feces!<br></div><div class="battle-history">Marx' Feces sent out <strong>Magmortar</strong>!<br></div><div class="spacer battle-history"><br></div><h2 class="battle-history">Turn 40</h2><div class="chat"><small>Windows Explorer joined.</small></div><div class="chat"><small>CYGUY2000 left.</small></div><div class="spacer battle-history"><br></div><div class="battle-history">Bronzor, come back!<br></div><div class="battle-history">Go! <strong>Skuntank</strong>!<br></div><div class="battle-history"><small>Pointed stones dug into Skuntank!</small><br></div><div class="spacer battle-history"><br></div><div class="battle-history">The opposing Magmortar used <strong>Fire Blast</strong>!<br></div><div class="battle-history"><small>(Skuntank lost <abbr title="−89/375">23.7%</abbr> of its health!)</small><br></div><div class="spacer battle-history"><br></div><div class="battle-history">Skuntank fainted!<br></div><div class="spacer battle-history"><br></div><div class="battle-history">Go! <strong>Altaria</strong>!<br></div><div class="battle-history"><small>Pointed stones dug into Altaria!</small><br></div><div class="spacer battle-history"><br></div><h2 class="battle-history">Turn 41</h2><div class="spacer battle-history"><br></div><div class="battle-history">Marx' Feces withdrew Magmortar!<br></div><div class="battle-history">Marx' Feces sent out <strong>Vileplume</strong>!<br></div><div class="spacer battle-history"><br></div><div class="battle-history">Altaria used <strong>Roost</strong>!<br></div><div class="battle-history"><small>Altaria restored its HP.</small><br></div><div class="spacer battle-history"><br></div><h2 class="battle-history">Turn 42</h2><div class="spacer battle-history"><br></div><div class="battle-history">Marx' Feces withdrew Vileplume!<br></div><div class="battle-history">Marx' Feces sent out <strong>Magmortar</strong>!<br></div><div class="spacer battle-history"><br></div><div class="battle-history">Altaria used <strong>Flamethrower</strong>!<br></div><div class="battle-history"><small>It's not very effective...</small><br></div><div class="battle-history"><small>(The opposing Magmortar lost <abbr title="−26/291">8.9%</abbr> of its health!)</small><br></div><div class="spacer battle-history"><br></div><h2 class="battle-history">Turn 43</h2><div class="chat"><small>Lustamine❤ joined.</small></div><div class="spacer battle-history"><br></div><div class="battle-history">The opposing Magmortar used <strong>Thunderbolt</strong>!<br></div><div class="battle-history"><small>(Altaria lost <abbr title="−91/353">25.8%</abbr> of its health!)</small><br></div><div class="spacer battle-history"><br></div><div class="battle-history">Altaria used <strong>Toxic</strong>!<br></div><div class="battle-history"><small>The opposing Magmortar was badly poisoned!</small><br></div><div class="spacer battle-history"><br></div><div class="battle-history"><small>The opposing Magmortar was hurt by poison!</small><br></div><div class="spacer battle-history"><br></div><h2 class="battle-history">Turn 44</h2><div class="spacer battle-history"><br></div><div class="battle-history">Marx' Feces withdrew Magmortar!<br></div><div class="battle-history">Marx' Feces sent out <strong>Gurdurr</strong>!<br></div><div class="spacer battle-history"><br></div><div class="battle-history">Altaria used <strong>Roost</strong>!<br></div><div class="battle-history"><small>Altaria restored its HP.</small><br></div><div class="spacer battle-history"><br></div><h2 class="battle-history">Turn 45</h2><div class="spacer battle-history"><br></div><div class="battle-history">Altaria used <strong>Flamethrower</strong>!<br></div><div class="battle-history"><small>(The opposing Gurdurr lost <abbr title="−64/374">17.1%</abbr> of its health!)</small><br></div><div class="spacer battle-history"><br></div><div class="battle-history">The opposing Gurdurr used <strong>Poison Jab</strong>!<br></div><div class="battle-history"><small>(Altaria lost <abbr title="−86/353">24.4%</abbr> of its health!)</small><br></div><div class="battle-history"><small>Altaria was poisoned!</small><br></div><div class="spacer battle-history"><br></div><div class="battle-history"><small>Altaria was hurt by poison!</small><br></div><div class="spacer battle-history"><br></div><h2 class="battle-history">Turn 46</h2><div class="spacer battle-history"><br></div><div class="battle-history">Altaria used <strong>Roost</strong>!<br></div><div class="battle-history"><small>Altaria restored its HP.</small><br></div><div class="spacer battle-history"><br></div><div class="battle-history">The opposing Gurdurr used <strong>Knock Off</strong>!<br></div><div class="battle-history"><small>(Altaria lost <abbr title="−60/353">17.0%</abbr> of its health!)</small><br></div><div class="spacer battle-history"><br></div><div class="battle-history"><small>Altaria was hurt by poison!</small><br></div><div class="spacer battle-history"><br></div><h2 class="battle-history">Turn 47</h2><div class="spacer battle-history"><br></div><div class="battle-history"><small>(Altaria is cured by its Natural Cure!)</small><br></div><div class="battle-history">Altaria, come back!<br></div><div class="battle-history">Go! <strong>Bronzor</strong>!<br></div><div class="battle-history"><small>Pointed stones dug into Bronzor!</small><br></div><div class="spacer battle-history"><br></div><div class="battle-history">The opposing Gurdurr used <strong>Poison Jab</strong>!<br></div><div class="battle-history"><small>It doesn't affect Bronzor...</small><br></div><div class="spacer battle-history"><br></div><h2 class="battle-history">Turn 48</h2><div class="spacer battle-history"><br></div><div class="battle-history">The opposing Gurdurr used <strong>Knock Off</strong>!<br></div><div class="battle-history"><small>It's super effective!</small><br></div><div class="battle-history"><small>(Bronzor lost <abbr title="−152/318">47.8%</abbr> of its health!)</small><br></div><div class="battle-history"><small>The opposing Gurdurr knocked off Bronzor's Eviolite!</small><br></div><div class="spacer battle-history"><br></div><div class="battle-history">Bronzor fainted!<br></div><div class="spacer battle-history"><br></div><div class="battle-history">Go! Audino (<strong>Audino-Mega</strong>)!<br></div><div class="battle-history"><small>Pointed stones dug into Audino!</small><br></div><div class="spacer battle-history"><br></div><h2 class="battle-history">Turn 49</h2><div class="spacer battle-history"><br></div><div class="battle-history">Audino used <strong>Dazzling Gleam</strong>!<br></div><div class="battle-history"><small>It's super effective!</small><br></div><div class="battle-history"><small>(The opposing Gurdurr lost <abbr title="−180/374">48.1%</abbr> of its health!)</small><br></div><div class="spacer battle-history"><br></div><div class="battle-history">The opposing Gurdurr used <strong>Poison Jab</strong>!<br></div><div class="battle-history"><small>It's super effective!</small><br></div><div class="battle-history"><small>(Audino lost <abbr title="−118/410">28.8%</abbr> of its health!)</small><br></div><div class="spacer battle-history"><br></div><h2 class="battle-history">Turn 50</h2><div class="chat"><small>EstebanR2 joined.</small></div><div class="spacer battle-history"><br></div><div class="battle-history">Marx' Feces withdrew Gurdurr!<br></div><div class="battle-history">Marx' Feces sent out <strong>Vileplume</strong>!<br></div><div class="spacer battle-history"><br></div><div class="battle-history">Audino used <strong>Wish</strong>!<br></div><div class="spacer battle-history"><br></div><h2 class="battle-history">Turn 51</h2><div class="spacer battle-history"><br></div><div class="battle-history">Audino used <strong>Protect</strong>!<br></div><div class="battle-history"><small>Audino protected itself!</small><br></div><div class="spacer battle-history"><br></div><div class="battle-history">The opposing Vileplume used <strong>Aromatherapy</strong>!<br></div><div class="battle-history"><small>A soothing aroma wafted through the area!</small><br></div><div class="battle-history"><small>The opposing Swellow's burn was healed.</small><br></div><div class="battle-history"><small>The opposing Magmortar was cured of its poisoning.</small><br></div><div class="battle-history"><small>The opposing Claydol was cured of its poisoning.</small><br></div><div class="spacer battle-history"><br></div><div class="battle-history"><small>Audino's wish came true!</small><br></div><div class="spacer battle-history"><br></div><h2 class="battle-history">Turn 52</h2><div class="chat"><small>4arms2001 joined.</small></div><div class="spacer battle-history"><br></div><div class="battle-history">The opposing Vileplume used <strong>Sludge Bomb</strong>!<br></div><div class="battle-history"><small>It's super effective!</small><br></div><div class="battle-history"><small>A critical hit!</small><br></div><div class="battle-history"><small>(Audino lost <abbr title="−290/410">70.7%</abbr> of its health!)</small><br></div><div class="spacer battle-history"><br></div><div class="battle-history">Audino used <strong>Wish</strong>!<br></div><div class="spacer battle-history"><br></div><h2 class="battle-history">Turn 53</h2><div class="spacer battle-history"><br></div><div class="battle-history">Audino used <strong>Protect</strong>!<br></div><div class="battle-history"><small>Audino protected itself!</small><br></div><div class="spacer battle-history"><br></div><div class="battle-history">The opposing Vileplume used <strong>Sludge Bomb</strong>!<br></div><div class="battle-history"><small>Audino protected itself!</small><br></div><div class="spacer battle-history"><br></div><div class="battle-history"><small>Audino's wish came true!</small><br></div><div class="spacer battle-history"><br></div><h2 class="battle-history">Turn 54</h2><div class="spacer battle-history"><br></div><div class="battle-history">Audino, come back!<br></div><div class="battle-history">Go! <strong>Altaria</strong>!<br></div><div class="battle-history"><small>Pointed stones dug into Altaria!</small><br></div><div class="spacer battle-history"><br></div><div class="battle-history">The opposing Vileplume used <strong>Sludge Bomb</strong>!<br></div><div class="battle-history"><small>(Altaria lost <abbr title="−103/353">29.2%</abbr> of its health!)</small><br></div><div class="spacer battle-history"><br></div><h2 class="battle-history">Turn 55</h2><div class="chat chatmessage-spazzyplat"><strong style="color:hsl(241,61%,67.8020978824978%)"><small> </small><span class="username" data-name="SpazzyPlat">SpazzyPlat</span>:</strong> <em>This battle was bs</em></div><div class="chat chatmessage-froakiedokey"><strong style="color:hsl(109,45%,37%)"><small> </small><span class="username" data-name="FroakieDokey">FroakieDokey</span>:</strong> <em>gg</em></div><div class="spacer battle-history"><br></div><div class="battle-history">Altaria used <strong>Roost</strong>!<br></div><div class="battle-history"><small>Altaria restored its HP.</small><br></div><div class="spacer battle-history"><br></div><div class="battle-history">The opposing Vileplume used <strong>Sludge Bomb</strong>!<br></div><div class="battle-history"><small>(Altaria lost <abbr title="−99/353">28.0%</abbr> of its health!)</small><br></div><div class="spacer battle-history"><br></div><h2 class="battle-history">Turn 56</h2><div class="spacer battle-history"><br></div><div class="battle-history">Altaria used <strong>Roost</strong>!<br></div><div class="battle-history"><small>Altaria restored its HP.</small><br></div><div class="spacer battle-history"><br></div><div class="battle-history">The opposing Vileplume used <strong>Sludge Bomb</strong>!<br></div><div class="battle-history"><small>(Altaria lost <abbr title="−102/353">28.9%</abbr> of its health!)</small><br></div><div class="battle-history"><small>Altaria was poisoned!</small><br></div><div class="spacer battle-history"><br></div><div class="battle-history"><small>Altaria was hurt by poison!</small><br></div><div class="spacer battle-history"><br></div><h2 class="battle-history">Turn 57</h2><div class="chat"><small>knickknack left.</small></div><div class="spacer battle-history"><br></div><div class="battle-history">Marx' Feces withdrew Vileplume!<br></div><div class="battle-history">Marx' Feces sent out <strong>Swellow</strong>!<br></div><div class="spacer battle-history"><br></div><div class="battle-history">Altaria used <strong>Roost</strong>!<br></div><div class="battle-history"><small>Altaria restored its HP.</small><br></div><div class="spacer battle-history"><br></div><div class="battle-history"><small>Altaria was hurt by poison!</small><br></div><div class="battle-history"><small>The opposing Swellow was burned!</small><br></div><div class="spacer battle-history"><br></div><h2 class="battle-history">Turn 58</h2><div class="spacer battle-history"><br></div><div class="battle-history">The opposing Swellow used <strong>Facade</strong>!<br></div><div class="battle-history"><small>(Altaria lost <abbr title="−252/353">71.4%</abbr> of its health!)</small><br></div><div class="spacer battle-history"><br></div><div class="battle-history">Altaria used <strong>Roost</strong>!<br></div><div class="battle-history"><small>Altaria restored its HP.</small><br></div><div class="spacer battle-history"><br></div><div class="battle-history"><small>The opposing Swellow was hurt by its burn!</small><br></div><div class="battle-history"><small>Altaria was hurt by poison!</small><br></div><div class="spacer battle-history"><br></div><h2 class="battle-history">Turn 59</h2><div class="chat"><small>FroakieDokey left.</small></div><div class="chat chatmessage-barbows"><strong style="color:hsl(257,83%,55.39397267109467%)"><small> </small><span class="username" data-name="barbows">barbows</span>:</strong> <em>why bs?</em></div><div class="spacer battle-history"><br></div><div class="battle-history">The opposing Swellow used <strong>Facade</strong>!<br></div><div class="battle-history"><small>(Altaria lost <abbr title="−181/353">51.3%</abbr> of its health!)</small><br></div><div class="spacer battle-history"><br></div><div class="battle-history">Altaria fainted!<br></div><div class="spacer battle-history"><br></div><div class="battle-history"><small>The opposing Swellow was hurt by its burn!</small><br></div><div class="chat"><small>knickknack joined.</small></div><div class="chat chatmessage-jeran"><strong style="color:hsl(334,66%,46%)"><small>★</small><span class="username" data-name="Jeran">Jeran</span>:</strong> <em>pathetic</em></div><div class="spacer battle-history"><br></div><div class="battle-history"><small>Jeran forfeited.</small><br></div><div class="spacer battle-history"><br></div><div class="battle-history"><strong>Marx' Feces</strong> won the battle!<br></div><div class="chat"><small>Jeran left.</small></div><div class="chat chatmessage-lustamine"><strong style="color:hsl(277,46%,55.11916226935354%)"><small> </small><span class="username" data-name="Lustamine❤">Lustamine❤</span>:</strong> <em>lol</em></div><div class="chat"><small>knickknack left.</small></div><div class="chat chatmessage-marxfeces"><strong style="color:hsl(231,72%,57.868599381482966%)"><small>★</small><span class="username" data-name="Marx' Feces">Marx' Feces</span>:</strong> <em>gg</em></div><div class="chat"><small>samjo♥ joined.</small></div><div class="chat"><small>Marx' Feces left.</small></div><div class="chat"><small>barbows left.</small></div><div class="chat"><small>Lustamine❤ left.</small></div><div class="chat"><small>p2w no skills left.</small></div><div class="chat"><small>A Hidey Hole left.</small></div><div class="chat"><small>EstebanR2 left.</small></div><div class="chat"><small>4arms2001 left.</small></div></div><div class="inner-preempt"></div></div></div>
</div>
<script>
let daily = Math.floor(Date.now()/1000/60/60/24);document.write('<script src="https://play.pokemonshowdown.com/js/replay-embed.js?version'+daily+'"></'+'script>');
</script>
