<!DOCTYPE html>
<meta charset="utf-8" />
<!-- version 1 -->
<title>NU replay: ydeoj vs. tapewormmeister</title>
<style>
html,body {font-family:Verdana, sans-serif;font-size:10pt;margin:0;padding:0;}body{padding:12px 0;} .battle-log {font-family:Verdana, sans-serif;font-size:10pt;} .battle-log-inline {border:1px solid #AAAAAA;background:#EEF2F5;color:black;max-width:640px;margin:0 auto 80px;padding-bottom:5px;} .battle-log .inner {padding:4px 8px 0px 8px;} .battle-log .inner-preempt {padding:0 8px 4px 8px;} .battle-log .inner-after {margin-top:0.5em;} .battle-log h2 {margin:0.5em -8px;padding:4px 8px;border:1px solid #AAAAAA;background:#E0E7EA;border-left:0;border-right:0;font-family:Verdana, sans-serif;font-size:13pt;} .battle-log .chat {vertical-align:middle;padding:3px 0 3px 0;font-size:8pt;} .battle-log .chat strong {color:#40576A;} .battle-log .chat em {padding:1px 4px 1px 3px;color:#000000;font-style:normal;} .chat.mine {background:rgba(0,0,0,0.05);margin-left:-8px;margin-right:-8px;padding-left:8px;padding-right:8px;} .spoiler {color:#BBBBBB;background:#BBBBBB;padding:0px 3px;} .spoiler:hover, .spoiler:active, .spoiler-shown {color:#000000;background:#E2E2E2;padding:0px 3px;} .spoiler a {color:#BBBBBB;} .spoiler:hover a, .spoiler:active a, .spoiler-shown a {color:#2288CC;} .chat code, .chat .spoiler:hover code, .chat .spoiler:active code, .chat .spoiler-shown code {border:1px solid #C0C0C0;background:#EEEEEE;color:black;padding:0 2px;} .chat .spoiler code {border:1px solid #CCCCCC;background:#CCCCCC;color:#CCCCCC;} .battle-log .rated {padding:3px 4px;} .battle-log .rated strong {color:white;background:#89A;padding:1px 4px;border-radius:4px;} .spacer {margin-top:0.5em;} .message-announce {background:#6688AA;color:white;padding:1px 4px 2px;} .message-announce a, .broadcast-green a, .broadcast-blue a, .broadcast-red a {color:#DDEEFF;} .broadcast-green {background-color:#559955;color:white;padding:2px 4px;} .broadcast-blue {background-color:#6688AA;color:white;padding:2px 4px;} .infobox {border:1px solid #6688AA;padding:2px 4px;} .infobox-limited {max-height:200px;overflow:auto;overflow-x:hidden;} .broadcast-red {background-color:#AA5544;color:white;padding:2px 4px;} .message-learn-canlearn {font-weight:bold;color:#228822;text-decoration:underline;} .message-learn-cannotlearn {font-weight:bold;color:#CC2222;text-decoration:underline;} .message-effect-weak {font-weight:bold;color:#CC2222;} .message-effect-resist {font-weight:bold;color:#6688AA;} .message-effect-immune {font-weight:bold;color:#666666;} .message-learn-list {margin-top:0;margin-bottom:0;} .message-throttle-notice, .message-error {color:#992222;} .message-overflow, .chat small.message-overflow {font-size:0pt;} .message-overflow::before {font-size:9pt;content:'...';} .subtle {color:#3A4A66;}
</style>
<div class="wrapper replay-wrapper" style="max-width:1180px;margin:0 auto">
<input type="hidden" name="replayid" value="nu-545695956" />
<div class="battle"></div><div class="battle-log"></div><div class="replay-controls"></div><div class="replay-controls-2"></div>
<h1 style="font-weight:normal;text-align:center"><strong>NU</strong><br /><a href="http://pokemonshowdown.com/users/ydeoj" class="subtle" target="_blank">ydeoj</a> vs. <a href="http://pokemonshowdown.com/users/tapewormmeister" class="subtle" target="_blank">tapewormmeister</a></h1>
<script type="text/plain" class="battle-log-data">|j|ydeoj
|j|tapewormmeister
|player|p1|ydeoj|265
|player|p2|tapewormmeister|48
|gametype|singles
|gen|6
|tier|NU
|seed|16936,23849,24229,22070
|rule|Sleep Clause Mod: Limit one foe put to sleep
|rule|Species Clause: Limit one of each Pokémon
|rule|OHKO Clause: OHKO moves are banned
|rule|Moody Clause: Moody is banned
|rule|Evasion Moves Clause: Evasion moves are banned
|rule|Endless Battle Clause: Forcing endless battles is banned
|rule|HP Percentage Mod: HP is shown in percentages
|clearpoke
|poke|p1|Aggron, M, shiny|item
|poke|p1|Ludicolo, M, shiny|item
|poke|p1|Sandslash, F|item
|poke|p1|Jynx, F|item
|poke|p1|Electivire, F, shiny|item
|poke|p1|Klinklang, shiny|item
|poke|p2|Wailord, M, shiny|item
|poke|p2|Magmortar, M|item
|poke|p2|Zebstrika, M, shiny|item
|poke|p2|Dusknoir, M, shiny|item
|poke|p2|Gigalith, M, shiny|item
|poke|p2|Leavanny, M, shiny|item
|rule|Swagger Clause: Swagger is banned
|rule|Baton Pass Clause: Limit one Baton Passer, can't pass Spe and other stats simultaneously
|teampreview
|choice|team 1, team 2, team 3, team 4, team 5, team 6|team 2, team 1, team 3, team 4, team 5, team 6
|
|start
|switch|p1a: Aggron|Aggron, M, shiny|292\/292
|switch|p2a: Unqualified|Magmortar, M|354\/354
|turn|1
|choice|move earthquake|move flareblitz
|
|move|p2a: Unqualified|Flare Blitz|p1a: Aggron
|-damage|p1a: Aggron|225\/292
|-damage|p2a: Unqualified|332\/354|[from] recoil|[of] p1a: Aggron
|move|p1a: Aggron|Earthquake|p2a: Unqualified
|-supereffective|p2a: Unqualified
|-damage|p2a: Unqualified|54\/354
|
|-heal|p1a: Aggron|243\/292|[from] item: Leftovers
|upkeep
|turn|2
|choice|move autotomize|move sunnyday
|
|move|p2a: Unqualified|Sunny Day|p2a: Unqualified
|-weather|SunnyDay
|move|p1a: Aggron|Autotomize|p1a: Aggron
|-boost|p1a: Aggron|spe|2
|-start|p1a: Aggron|Autotomize
|
|-weather|SunnyDay|[upkeep]
|-heal|p1a: Aggron|261\/292|[from] item: Leftovers
|upkeep
|turn|3
|choice|move stoneedge|switch 5
|
|switch|p2a: Boom|Gigalith, M, shiny|374\/374
|move|p1a: Aggron|Stone Edge|p2a: Boom|[miss]
|-miss|p1a: Aggron|p2a: Boom
|
|-weather|SunnyDay|[upkeep]
|-heal|p1a: Aggron|279\/292|[from] item: Leftovers
|upkeep
|turn|4
|choice|move earthquake|move earthquake
|
|move|p1a: Aggron|Earthquake|p2a: Boom
|-supereffective|p2a: Boom
|-damage|p2a: Boom|246\/374
|move|p2a: Boom|Earthquake|p1a: Aggron
|-supereffective|p1a: Aggron
|-damage|p1a: Aggron|0 fnt
|-damage|p2a: Boom|209\/374|[from] item: Life Orb
|faint|p1a: Aggron
|
|-weather|SunnyDay|[upkeep]
|upkeep
|choice|switch 6|
|
|switch|p1a: Klinklang|Klinklang, shiny|261\/261
|turn|5
|choice|move geargrind|move earthquake
|
|move|p1a: Klinklang|Gear Grind|p2a: Boom
|-supereffective|p2a: Boom
|-damage|p2a: Boom|95\/374
|-supereffective|p2a: Boom
|-damage|p2a: Boom|0 fnt
|-hitcount|p2a: Boom|2
|faint|p2a: Boom
|
|-weather|SunnyDay|[upkeep]
|upkeep
|choice||switch 3
|
|switch|p2a: Hong Kong|Zebstrika, M, shiny|354\/354
|turn|6
|choice|move geargrind|move thunderwave
|
|move|p2a: Hong Kong|Thunder Wave|p1a: Klinklang
|-status|p1a: Klinklang|par
|move|p1a: Klinklang|Gear Grind|p2a: Hong Kong
|-resisted|p2a: Hong Kong
|-damage|p2a: Hong Kong|302\/354
|-damage|p1a: Klinklang|218\/261 par|[from] item: Rocky Helmet|[of] p2a: Hong Kong
|-resisted|p2a: Hong Kong
|-damage|p2a: Hong Kong|245\/354
|-damage|p1a: Klinklang|175\/261 par|[from] item: Rocky Helmet|[of] p2a: Hong Kong
|-hitcount|p2a: Hong Kong|2
|
|-weather|none
|-heal|p1a: Klinklang|191\/261 par|[from] item: Leftovers
|upkeep
|turn|7
|choice|move toxic|move facade
|
|move|p2a: Hong Kong|Facade|p1a: Klinklang
|-resisted|p1a: Klinklang
|-damage|p1a: Klinklang|168\/261 par
|move|p1a: Klinklang|Toxic|p2a: Hong Kong
|-status|p2a: Hong Kong|tox
|
|-heal|p1a: Klinklang|184\/261 par|[from] item: Leftovers
|-damage|p2a: Hong Kong|223\/354 tox|[from] psn
|upkeep
|turn|8
|choice|move shiftgear|move rest
|
|move|p2a: Hong Kong|Rest|p2a: Hong Kong
|-status|p2a: Hong Kong|slp
|-heal|p2a: Hong Kong|354\/354 slp|[silent]
|-status|p2a: Hong Kong|slp|[from] move: Rest
|cant|p1a: Klinklang|par
|
|-heal|p1a: Klinklang|200\/261 par|[from] item: Leftovers
|upkeep
|turn|9
|choice|move thunderbolt|move mefirst
|
|cant|p2a: Hong Kong|slp
|cant|p1a: Klinklang|par
|
|-heal|p1a: Klinklang|216\/261 par|[from] item: Leftovers
|upkeep
|turn|10
|choice|move thunderbolt|move mefirst
|
|cant|p2a: Hong Kong|slp
|move|p1a: Klinklang|Thunderbolt|p2a: Hong Kong
|-resisted|p2a: Hong Kong
|-damage|p2a: Hong Kong|318\/354 slp
|
|-heal|p1a: Klinklang|232\/261 par|[from] item: Leftovers
|upkeep
|turn|11
|choice|move geargrind|move mefirst
|
|-curestatus|p2a: Hong Kong|slp|[msg]
|move|p2a: Hong Kong|Me First|p1a: Klinklang
|move|p2a: Hong Kong|Gear Grind|p1a: Klinklang|[from]Me First
|-resisted|p1a: Klinklang
|-damage|p1a: Klinklang|207\/261 par
|-resisted|p1a: Klinklang
|-damage|p1a: Klinklang|183\/261 par
|-hitcount|p1a: Klinklang|2
|cant|p1a: Klinklang|par
|
|-heal|p1a: Klinklang|199\/261 par|[from] item: Leftovers
|upkeep
|turn|12
|choice|move shiftgear|move mefirst
|
|move|p2a: Hong Kong|Me First|p1a: Klinklang
|-fail|p1a: Klinklang
|cant|p1a: Klinklang|par
|
|-heal|p1a: Klinklang|215\/261 par|[from] item: Leftovers
|upkeep
|turn|13
|choice|move shiftgear|switch 4
|
|switch|p2a: Gripper|Dusknoir, M, shiny|294\/294
|-item|p1a: Klinklang|Leftovers|[from] ability: Frisk|[of] p2a: Gripper|[identify]
|move|p1a: Klinklang|Shift Gear|p1a: Klinklang
|-boost|p1a: Klinklang|spe|2
|-boost|p1a: Klinklang|atk|1
|
|-heal|p1a: Klinklang|231\/261 par|[from] item: Leftovers
|upkeep
|turn|14
|choice|move geargrind|move firepunch
|
|move|p1a: Klinklang|Gear Grind|p2a: Gripper
|-damage|p2a: Gripper|200\/294
|-damage|p2a: Gripper|101\/294
|-hitcount|p2a: Gripper|2
|move|p2a: Gripper|Fire Punch|p1a: Klinklang
|-supereffective|p1a: Klinklang
|-damage|p1a: Klinklang|81\/261 par
|
|-heal|p1a: Klinklang|97\/261 par|[from] item: Leftovers
|-heal|p2a: Gripper|119\/294|[from] item: Leftovers
|upkeep
|turn|15
|choice|move geargrind|switch 6
|
|switch|p2a: Succ|Leavanny, M, shiny|291\/291
|move|p1a: Klinklang|Gear Grind|p2a: Succ
|-damage|p2a: Succ|146\/291
|-damage|p2a: Succ|2\/291
|-hitcount|p2a: Succ|2
|
|-heal|p1a: Klinklang|113\/261 par|[from] item: Leftovers
|upkeep
|turn|16
|choice|move geargrind|move signalbeam
|
|move|p2a: Succ|Signal Beam|p1a: Klinklang
|-resisted|p1a: Klinklang
|-damage|p1a: Klinklang|57\/261 par
|move|p1a: Klinklang|Gear Grind|p2a: Succ|[miss]
|-miss|p1a: Klinklang|p2a: Succ
|
|-heal|p1a: Klinklang|73\/261 par|[from] item: Leftovers
|upkeep
|turn|17
|choice|move toxic|switch 2
|
|switch|p2a: Your Mom|Wailord, M, shiny|543\/543
|move|p1a: Klinklang|Toxic|p2a: Your Mom
|-status|p2a: Your Mom|tox
|
|-heal|p1a: Klinklang|89\/261 par|[from] item: Leftovers
|-damage|p2a: Your Mom|510\/543 tox|[from] psn
|upkeep
|turn|18
|choice|switch 4|move earthquake
|
|switch|p1a: Jynx|Jynx, F|271\/271
|move|p2a: Your Mom|Earthquake|p1a: Jynx
|-crit|p1a: Jynx
|-damage|p1a: Jynx|2\/271
|-damage|p2a: Your Mom|456\/543 tox|[from] item: Life Orb
|
|-heal|p1a: Jynx|18\/271|[from] item: Leftovers
|-damage|p2a: Your Mom|390\/543 tox|[from] psn
|upkeep
|turn|19
|choice|move protect|move blizzard
|
|move|p1a: Jynx|Protect|p1a: Jynx
|-singleturn|p1a: Jynx|Protect
|move|p2a: Your Mom|Blizzard|p1a: Jynx
|-activate|p1a: Jynx|move: Protect
|
|-heal|p1a: Jynx|34\/271|[from] item: Leftovers
|-damage|p2a: Your Mom|291\/543 tox|[from] psn
|upkeep
|turn|20
|choice|switch 2|move waterspout
|
|switch|p1a: Ludicolo|Ludicolo, M, shiny|301\/301
|move|p2a: Your Mom|Water Spout|p1a: Ludicolo
|-resisted|p1a: Ludicolo
|-damage|p1a: Ludicolo|278\/301
|-damage|p2a: Your Mom|237\/543 tox|[from] item: Life Orb
|
|-damage|p2a: Your Mom|105\/543 tox|[from] psn
|upkeep
|turn|21
|choice|move protect|move heavyslam
|
|move|p1a: Ludicolo|Protect|p1a: Ludicolo
|-singleturn|p1a: Ludicolo|Protect
|move|p2a: Your Mom|Heavy Slam|p1a: Ludicolo
|-activate|p1a: Ludicolo|move: Protect
|
|-damage|p2a: Your Mom|0 fnt|[from] psn
|upkeep
|faint|p2a: Your Mom
|choice||switch 5
|
|switch|p2a: Unqualified|Magmortar, M|54\/354
|turn|22
|choice|move hydropump|move overheat
|
|move|p2a: Unqualified|Overheat|p1a: Ludicolo
|-damage|p1a: Ludicolo|59\/301
|-unboost|p2a: Unqualified|spa|2
|move|p1a: Ludicolo|Hydro Pump|p2a: Unqualified|[miss]
|-miss|p1a: Ludicolo|p2a: Unqualified
|
|upkeep
|turn|23
|choice|switch 5|move overheat
|
|switch|p1a: Electivire|Electivire, F, shiny|353\/353
|move|p2a: Unqualified|Overheat|p1a: Electivire
|-damage|p1a: Electivire|199\/353
|-unboost|p2a: Unqualified|spa|2
|
|-heal|p1a: Electivire|221\/353|[from] item: Leftovers
|upkeep
|turn|24
|choice|move earthquake|switch 4
|
|switch|p2a: Hong Kong|Zebstrika, M, shiny|318\/354
|move|p1a: Electivire|Earthquake|p2a: Hong Kong
|-supereffective|p2a: Hong Kong
|-damage|p2a: Hong Kong|0 fnt
|faint|p2a: Hong Kong
|
|-heal|p1a: Electivire|243\/353|[from] item: Leftovers
|upkeep
|choice||switch 6
|
|switch|p2a: Gripper|Dusknoir, M, shiny|119\/294
|-item|p1a: Electivire|Leftovers|[from] ability: Frisk|[of] p2a: Gripper|[identify]
|turn|25
|choice|move thunderpunch|move destinybond
|
|move|p1a: Electivire|Thunder Punch|p2a: Gripper
|-damage|p2a: Gripper|13\/294
|move|p2a: Gripper|Destiny Bond|p2a: Gripper
|-singlemove|p2a: Gripper|Destiny Bond
|
|-heal|p1a: Electivire|265\/353|[from] item: Leftovers
|-heal|p2a: Gripper|31\/294|[from] item: Leftovers
|upkeep
|turn|26
|choice|switch 2|move painsplit
|
|switch|p1a: Jynx|Jynx, F|34\/271
|move|p2a: Gripper|Pain Split|p1a: Jynx
|-sethp|p1a: Jynx|32\/271|p2a: Gripper|32\/294|[from] move: Pain Split
|
|-heal|p1a: Jynx|48\/271|[from] item: Leftovers
|-heal|p2a: Gripper|50\/294|[from] item: Leftovers
|upkeep
|turn|27
|choice|move icebeam|move firepunch
|
|move|p1a: Jynx|Ice Beam|p2a: Gripper
|-damage|p2a: Gripper|0 fnt
|faint|p2a: Gripper
|
|-heal|p1a: Jynx|64\/271|[from] item: Leftovers
|upkeep
|choice||switch 4
|
|switch|p2a: Unqualified|Magmortar, M|54\/354
|turn|28
|choice|move icebeam|move psychic
|
|move|p1a: Jynx|Ice Beam|p2a: Unqualified
|-resisted|p2a: Unqualified
|-damage|p2a: Unqualified|0 fnt
|faint|p2a: Unqualified
|
|-heal|p1a: Jynx|80\/271|[from] item: Leftovers
|upkeep
|choice||switch 2
|
|switch|p2a: Succ|Leavanny, M, shiny|2\/291
|turn|29
|choice|move toxic|move gigadrain
|
|move|p2a: Succ|Giga Drain|p1a: Jynx
|-damage|p1a: Jynx|0 fnt
|-heal|p2a: Succ|42\/291|[from] drain|[of] p1a: Jynx
|faint|p1a: Jynx
|
|upkeep
|choice|switch 3|
|
|switch|p1a: Sandslash|Sandslash, F|292\/292
|turn|30
|choice|move earthquake|move gigadrain
|
|move|p2a: Succ|Giga Drain|p1a: Sandslash
|-supereffective|p1a: Sandslash
|-enditem|p1a: Sandslash|Focus Sash
|-damage|p1a: Sandslash|1\/292
|-heal|p2a: Succ|188\/291|[from] drain|[of] p1a: Sandslash
|move|p1a: Sandslash|Earthquake|p2a: Succ
|-resisted|p2a: Succ
|-damage|p2a: Succ|146\/291
|
|upkeep
|turn|31
|choice|switch 2|move gigadrain
|
|switch|p1a: Electivire|Electivire, F, shiny|265\/353
|move|p2a: Succ|Giga Drain|p1a: Electivire
|-damage|p1a: Electivire|153\/353
|-heal|p2a: Succ|202\/291|[from] drain|[of] p1a: Electivire
|
|-heal|p1a: Electivire|175\/353|[from] item: Leftovers
|upkeep
|turn|32
|choice|move thunderpunch|move gigadrain
|
|move|p2a: Succ|Giga Drain|p1a: Electivire
|-damage|p1a: Electivire|61\/353
|-heal|p2a: Succ|259\/291|[from] drain|[of] p1a: Electivire
|move|p1a: Electivire|Thunder Punch|p2a: Succ
|-resisted|p2a: Succ
|-damage|p2a: Succ|180\/291
|
|-heal|p1a: Electivire|83\/353|[from] item: Leftovers
|upkeep
|turn|33
|choice|move thunderwave|move gigadrain
|
|move|p2a: Succ|Giga Drain|p1a: Electivire
|-damage|p1a: Electivire|0 fnt
|-heal|p2a: Succ|222\/291|[from] drain|[of] p1a: Electivire
|faint|p1a: Electivire
|
|upkeep
|choice|switch 4|
|
|switch|p1a: Klinklang|Klinklang, shiny|89\/261 par
|turn|34
|choice|move geargrind|move gigadrain
|
|move|p2a: Succ|Giga Drain|p1a: Klinklang
|-resisted|p1a: Klinklang
|-damage|p1a: Klinklang|37\/261 par
|-heal|p2a: Succ|248\/291|[from] drain|[of] p1a: Klinklang
|move|p1a: Klinklang|Gear Grind|p2a: Succ
|-damage|p2a: Succ|151\/291
|-damage|p2a: Succ|67\/291
|-hitcount|p2a: Succ|2
|
|-heal|p1a: Klinklang|53\/261 par|[from] item: Leftovers
|upkeep
|turn|35
|choice|move geargrind|move gigadrain
|
|move|p2a: Succ|Giga Drain|p1a: Klinklang
|-resisted|p1a: Klinklang
|-damage|p1a: Klinklang|1\/261 par
|-heal|p2a: Succ|93\/291|[from] drain|[of] p1a: Klinklang
|cant|p1a: Klinklang|par
|
|-heal|p1a: Klinklang|17\/261 par|[from] item: Leftovers
|upkeep
|turn|36
|choice|switch 5|move gigadrain
|
|switch|p1a: Ludicolo|Ludicolo, M, shiny|59\/301
|move|p2a: Succ|Giga Drain|p1a: Ludicolo
|-damage|p1a: Ludicolo|0 fnt
|-heal|p2a: Succ|123\/291|[from] drain|[of] p1a: Ludicolo
|faint|p1a: Ludicolo
|
|upkeep
|choice|switch 5|
|
|switch|p1a: Klinklang|Klinklang, shiny|17\/261 par
|turn|37
|choice|move geargrind|move gigadrain
|
|move|p2a: Succ|Giga Drain|p1a: Klinklang
|-resisted|p1a: Klinklang
|-damage|p1a: Klinklang|0 fnt
|-heal|p2a: Succ|132\/291|[from] drain|[of] p1a: Klinklang
|faint|p1a: Klinklang
|
|upkeep
|choice|switch 2|
|
|switch|p1a: Sandslash|Sandslash, F|1\/292
|turn|38
|choice|move flail|move gigadrain
|
|move|p2a: Succ|Giga Drain|p1a: Sandslash
|-supereffective|p1a: Sandslash
|-damage|p1a: Sandslash|0 fnt
|-heal|p2a: Succ|133\/291|[from] drain|[of] p1a: Sandslash
|faint|p1a: Sandslash
|
|win|tapewormmeister
|player|p1
|player|p2</script>
</div>
<div class="battle-log battle-log-inline"><div class="inner"><div class="battle-options"></div><div class="inner"><div class="chat"><small>ydeoj joined.</small></div><div class="chat"><small>tapewormmeister joined.</small></div><div class=""><small>Format:</small> <br><strong>NU</strong></div><div class=""><small><em>Sleep Clause Mod:</em> Limit one foe put to sleep</small></div><div class=""><small><em>Species Clause:</em> Limit one of each Pokémon</small></div><div class=""><small><em>OHKO Clause:</em> OHKO moves are banned</small></div><div class=""><small><em>Moody Clause:</em> Moody is banned</small></div><div class=""><small><em>Evasion Moves Clause:</em> Evasion moves are banned</small></div><div class=""><small><em>Endless Battle Clause:</em> Forcing endless battles is banned</small></div><div class=""><small><em>HP Percentage Mod:</em> HP is shown in percentages</small></div><div class=""><small><em>Swagger Clause:</em> Swagger is banned</small></div><div class=""><small><em>Baton Pass Clause:</em> Limit one Baton Passer, can't pass Spe and other stats simultaneously</small></div><div class="chat battle-history"><strong>ydeoj's team:</strong> <em style="color:#445566;display:block;">Aggron / Ludicolo / Sandslash / Jynx / Electivire / Klinklang</em></div><div class="chat battle-history"><strong>tapewormmeister's team:</strong> <em style="color:#445566;display:block;">Wailord / Magmortar / Zebstrika / Dusknoir / Gigalith / Leavanny</em></div><div class="spacer battle-history"><br></div><div class="battle-history">Battle started between ydeoj and tapewormmeister!<br></div><div class="spacer battle-history"><br></div><div class="battle-history">Go! <strong>Aggron</strong>!<br></div><div class="spacer battle-history"><br></div><div class="battle-history">tapewormmeister sent out Unqualified (<strong>Magmortar</strong>)!<br></div><div class="spacer battle-history"><br></div><h2 class="battle-history">Turn 1</h2><div class="spacer battle-history"><br></div><div class="battle-history">The opposing Unqualified used <strong>Flare Blitz</strong>!<br></div><div class="battle-history"><small>(Aggron lost <abbr title="−67/292">22.9%</abbr> of its health!)</small><br></div><div class="battle-history"><small>The opposing Unqualified is damaged by the recoil!</small><br></div><div class="spacer battle-history"><br></div><div class="battle-history">Aggron used <strong>Earthquake</strong>!<br></div><div class="battle-history"><small>It's super effective!</small><br></div><div class="battle-history"><small>(The opposing Unqualified lost <abbr title="−278/354">78.5%</abbr> of its health!)</small><br></div><div class="spacer battle-history"><br></div><div class="battle-history"><small>Aggron restored a little HP using its Leftovers!</small><br></div><div class="spacer battle-history"><br></div><h2 class="battle-history">Turn 2</h2><div class="spacer battle-history"><br></div><div class="battle-history">The opposing Unqualified used <strong>Sunny Day</strong>!<br></div><div class="battle-history"><small>The sunlight turned harsh!</small><br></div><div class="spacer battle-history"><br></div><div class="battle-history">Aggron used <strong>Autotomize</strong>!<br></div><div class="battle-history"><small>Aggron's Speed rose sharply!</small><br></div><div class="battle-history"><small>Aggron became nimble!</small><br></div><div class="spacer battle-history"><br></div><div class="battle-history"><small>(The sunlight is strong!)</small><br></div><div class="battle-history"><small>Aggron restored a little HP using its Leftovers!</small><br></div><div class="spacer battle-history"><br></div><h2 class="battle-history">Turn 3</h2><div class="spacer battle-history"><br></div><div class="battle-history">tapewormmeister withdrew Unqualified!<br></div><div class="battle-history">tapewormmeister sent out Boom (<strong>Gigalith</strong>)!<br></div><div class="spacer battle-history"><br></div><div class="battle-history">Aggron used <strong>Stone Edge</strong>!<br></div><div class="battle-history"><small>The opposing Boom avoided the attack!</small><br></div><div class="spacer battle-history"><br></div><div class="battle-history"><small>(The sunlight is strong!)</small><br></div><div class="battle-history"><small>Aggron restored a little HP using its Leftovers!</small><br></div><div class="spacer battle-history"><br></div><h2 class="battle-history">Turn 4</h2><div class="spacer battle-history"><br></div><div class="battle-history">Aggron used <strong>Earthquake</strong>!<br></div><div class="battle-history"><small>It's super effective!</small><br></div><div class="battle-history"><small>(The opposing Boom lost <abbr title="−128/374">34.2%</abbr> of its health!)</small><br></div><div class="spacer battle-history"><br></div><div class="battle-history">The opposing Boom used <strong>Earthquake</strong>!<br></div><div class="battle-history"><small>It's super effective!</small><br></div><div class="battle-history"><small>(Aggron lost <abbr title="−279/292">95.5%</abbr> of its health!)</small><br></div><div class="battle-history"><small>The opposing Boom lost some of its HP!</small><br></div><div class="spacer battle-history"><br></div><div class="battle-history">Aggron fainted!<br></div><div class="spacer battle-history"><br></div><div class="battle-history"><small>(The sunlight is strong!)</small><br></div><div class="spacer battle-history"><br></div><div class="battle-history">Go! <strong>Klinklang</strong>!<br></div><div class="spacer battle-history"><br></div><h2 class="battle-history">Turn 5</h2><div class="spacer battle-history"><br></div><div class="battle-history">Klinklang used <strong>Gear Grind</strong>!<br></div><div class="battle-history"><small>It's super effective!</small><br></div><div class="battle-history"><small>(The opposing Boom lost <abbr title="−114/374">30.5%</abbr> of its health!)</small><br></div><div class="battle-history"><small>It's super effective!</small><br></div><div class="battle-history"><small>(The opposing Boom lost <abbr title="−95/374">25.4%</abbr> of its health!)</small><br></div><div class="battle-history"><small>Hit 2 times!</small><br></div><div class="spacer battle-history"><br></div><div class="battle-history">The opposing Boom fainted!<br></div><div class="spacer battle-history"><br></div><div class="battle-history"><small>(The sunlight is strong!)</small><br></div><div class="spacer battle-history"><br></div><div class="battle-history">tapewormmeister sent out Hong Kong (<strong>Zebstrika</strong>)!<br></div><div class="spacer battle-history"><br></div><h2 class="battle-history">Turn 6</h2><div class="spacer battle-history"><br></div><div class="battle-history">The opposing Hong Kong used <strong>Thunder Wave</strong>!<br></div><div class="battle-history"><small>Klinklang is paralyzed! It may be unable to move!</small><br></div><div class="spacer battle-history"><br></div><div class="battle-history">Klinklang used <strong>Gear Grind</strong>!<br></div><div class="battle-history"><small>It's not very effective...</small><br></div><div class="battle-history"><small>(The opposing Hong Kong lost <abbr title="−52/354">14.7%</abbr> of its health!)</small><br></div><div class="battle-history"><small>Klinklang was hurt by the Rocky Helmet!</small><br></div><div class="battle-history"><small>It's not very effective...</small><br></div><div class="battle-history"><small>(The opposing Hong Kong lost <abbr title="−57/354">16.1%</abbr> of its health!)</small><br></div><div class="battle-history"><small>Klinklang was hurt by the Rocky Helmet!</small><br></div><div class="battle-history"><small>Hit 2 times!</small><br></div><div class="spacer battle-history"><br></div><div class="battle-history"><small>The sunlight faded.</small><br></div><div class="battle-history"><small>Klinklang restored a little HP using its Leftovers!</small><br></div><div class="spacer battle-history"><br></div><h2 class="battle-history">Turn 7</h2><div class="spacer battle-history"><br></div><div class="battle-history">The opposing Hong Kong used <strong>Facade</strong>!<br></div><div class="battle-history"><small>It's not very effective...</small><br></div><div class="battle-history"><small>(Klinklang lost <abbr title="−23/261">8.8%</abbr> of its health!)</small><br></div><div class="spacer battle-history"><br></div><div class="battle-history">Klinklang used <strong>Toxic</strong>!<br></div><div class="battle-history"><small>The opposing Hong Kong was badly poisoned!</small><br></div><div class="spacer battle-history"><br></div><div class="battle-history"><small>Klinklang restored a little HP using its Leftovers!</small><br></div><div class="battle-history"><small>The opposing Hong Kong was hurt by poison!</small><br></div><div class="spacer battle-history"><br></div><h2 class="battle-history">Turn 8</h2><div class="spacer battle-history"><br></div><div class="battle-history">The opposing Hong Kong used <strong>Rest</strong>!<br></div><div class="battle-history"><small>The opposing Hong Kong fell asleep!</small><br></div><div class="battle-history"><small>The opposing Hong Kong slept and became healthy!</small><br></div><div class="spacer battle-history"><br></div><div class="battle-history">Klinklang is paralyzed! It can't move!<br></div><div class="spacer battle-history"><br></div><div class="battle-history"><small>Klinklang restored a little HP using its Leftovers!</small><br></div><div class="spacer battle-history"><br></div><h2 class="battle-history">Turn 9</h2><div class="spacer battle-history"><br></div><div class="battle-history">The opposing Hong Kong is fast asleep.<br></div><div class="spacer battle-history"><br></div><div class="battle-history">Klinklang is paralyzed! It can't move!<br></div><div class="spacer battle-history"><br></div><div class="battle-history"><small>Klinklang restored a little HP using its Leftovers!</small><br></div><div class="spacer battle-history"><br></div><h2 class="battle-history">Turn 10</h2><div class="spacer battle-history"><br></div><div class="battle-history">The opposing Hong Kong is fast asleep.<br></div><div class="spacer battle-history"><br></div><div class="battle-history">Klinklang used <strong>Thunderbolt</strong>!<br></div><div class="battle-history"><small>It's not very effective...</small><br></div><div class="battle-history"><small>(The opposing Hong Kong lost <abbr title="−36/354">10.2%</abbr> of its health!)</small><br></div><div class="spacer battle-history"><br></div><div class="battle-history"><small>Klinklang restored a little HP using its Leftovers!</small><br></div><div class="spacer battle-history"><br></div><h2 class="battle-history">Turn 11</h2><div class="spacer battle-history"><br></div><div class="battle-history"><small>The opposing Hong Kong woke up!</small><br></div><div class="spacer battle-history"><br></div><div class="battle-history">The opposing Hong Kong used <strong>Me First</strong>!<br></div><div class="spacer battle-history"><br></div><div class="battle-history">The opposing Hong Kong used <strong>Gear Grind</strong>!<br></div><div class="battle-history"><small>It's not very effective...</small><br></div><div class="battle-history"><small>(Klinklang lost <abbr title="−25/261">9.6%</abbr> of its health!)</small><br></div><div class="battle-history"><small>It's not very effective...</small><br></div><div class="battle-history"><small>(Klinklang lost <abbr title="−24/261">9.2%</abbr> of its health!)</small><br></div><div class="battle-history"><small>Hit 2 times!</small><br></div><div class="spacer battle-history"><br></div><div class="battle-history">Klinklang is paralyzed! It can't move!<br></div><div class="spacer battle-history"><br></div><div class="battle-history"><small>Klinklang restored a little HP using its Leftovers!</small><br></div><div class="spacer battle-history"><br></div><h2 class="battle-history">Turn 12</h2><div class="spacer battle-history"><br></div><div class="battle-history">The opposing Hong Kong used <strong>Me First</strong>!<br></div><div class="battle-history"><small>But it failed!</small><br></div><div class="spacer battle-history"><br></div><div class="battle-history">Klinklang is paralyzed! It can't move!<br></div><div class="spacer battle-history"><br></div><div class="battle-history"><small>Klinklang restored a little HP using its Leftovers!</small><br></div><div class="spacer battle-history"><br></div><h2 class="battle-history">Turn 13</h2><div class="spacer battle-history"><br></div><div class="battle-history">tapewormmeister withdrew Hong Kong!<br></div><div class="battle-history">tapewormmeister sent out Gripper (<strong>Dusknoir</strong>)!<br></div><div class="battle-history"><small>[The opposing Gripper's Frisk]</small><br><small>The opposing Gripper frisked Klinklang and found its Leftovers!</small><br></div><div class="spacer battle-history"><br></div><div class="battle-history">Klinklang used <strong>Shift Gear</strong>!<br></div><div class="battle-history"><small>Klinklang's Speed rose sharply!</small><br></div><div class="battle-history"><small>Klinklang's Attack rose!</small><br></div><div class="spacer battle-history"><br></div><div class="battle-history"><small>Klinklang restored a little HP using its Leftovers!</small><br></div><div class="spacer battle-history"><br></div><h2 class="battle-history">Turn 14</h2><div class="spacer battle-history"><br></div><div class="battle-history">Klinklang used <strong>Gear Grind</strong>!<br></div><div class="battle-history"><small>(The opposing Gripper lost <abbr title="−94/294">32.0%</abbr> of its health!)</small><br></div><div class="battle-history"><small>(The opposing Gripper lost <abbr title="−99/294">33.7%</abbr> of its health!)</small><br></div><div class="battle-history"><small>Hit 2 times!</small><br></div><div class="spacer battle-history"><br></div><div class="battle-history">The opposing Gripper used <strong>Fire Punch</strong>!<br></div><div class="battle-history"><small>It's super effective!</small><br></div><div class="battle-history"><small>(Klinklang lost <abbr title="−150/261">57.5%</abbr> of its health!)</small><br></div><div class="spacer battle-history"><br></div><div class="battle-history"><small>Klinklang restored a little HP using its Leftovers!</small><br></div><div class="battle-history"><small>The opposing Gripper restored a little HP using its Leftovers!</small><br></div><div class="spacer battle-history"><br></div><h2 class="battle-history">Turn 15</h2><div class="spacer battle-history"><br></div><div class="battle-history">tapewormmeister withdrew Gripper!<br></div><div class="battle-history">tapewormmeister sent out Succ (<strong>Leavanny</strong>)!<br></div><div class="spacer battle-history"><br></div><div class="battle-history">Klinklang used <strong>Gear Grind</strong>!<br></div><div class="battle-history"><small>(The opposing Succ lost <abbr title="−145/291">49.8%</abbr> of its health!)</small><br></div><div class="battle-history"><small>(The opposing Succ lost <abbr title="−144/291">49.5%</abbr> of its health!)</small><br></div><div class="battle-history"><small>Hit 2 times!</small><br></div><div class="spacer battle-history"><br></div><div class="battle-history"><small>Klinklang restored a little HP using its Leftovers!</small><br></div><div class="spacer battle-history"><br></div><h2 class="battle-history">Turn 16</h2><div class="spacer battle-history"><br></div><div class="battle-history">The opposing Succ used <strong>Signal Beam</strong>!<br></div><div class="battle-history"><small>It's not very effective...</small><br></div><div class="battle-history"><small>(Klinklang lost <abbr title="−56/261">21.5%</abbr> of its health!)</small><br></div><div class="spacer battle-history"><br></div><div class="battle-history">Klinklang used <strong>Gear Grind</strong>!<br></div><div class="battle-history"><small>The opposing Succ avoided the attack!</small><br></div><div class="spacer battle-history"><br></div><div class="battle-history"><small>Klinklang restored a little HP using its Leftovers!</small><br></div><div class="spacer battle-history"><br></div><h2 class="battle-history">Turn 17</h2><div class="spacer battle-history"><br></div><div class="battle-history">tapewormmeister withdrew Succ!<br></div><div class="battle-history">tapewormmeister sent out Your Mom (<strong>Wailord</strong>)!<br></div><div class="spacer battle-history"><br></div><div class="battle-history">Klinklang used <strong>Toxic</strong>!<br></div><div class="battle-history"><small>The opposing Your Mom was badly poisoned!</small><br></div><div class="spacer battle-history"><br></div><div class="battle-history"><small>Klinklang restored a little HP using its Leftovers!</small><br></div><div class="battle-history"><small>The opposing Your Mom was hurt by poison!</small><br></div><div class="spacer battle-history"><br></div><h2 class="battle-history">Turn 18</h2><div class="spacer battle-history"><br></div><div class="battle-history">Klinklang, come back!<br></div><div class="battle-history">Go! <strong>Jynx</strong>!<br></div><div class="spacer battle-history"><br></div><div class="battle-history">The opposing Your Mom used <strong>Earthquake</strong>!<br></div><div class="battle-history"><small>A critical hit!</small><br></div><div class="battle-history"><small>(Jynx lost <abbr title="−269/271">99.3%</abbr> of its health!)</small><br></div><div class="battle-history"><small>The opposing Your Mom lost some of its HP!</small><br></div><div class="spacer battle-history"><br></div><div class="battle-history"><small>Jynx restored a little HP using its Leftovers!</small><br></div><div class="battle-history"><small>The opposing Your Mom was hurt by poison!</small><br></div><div class="spacer battle-history"><br></div><h2 class="battle-history">Turn 19</h2><div class="spacer battle-history"><br></div><div class="battle-history">Jynx used <strong>Protect</strong>!<br></div><div class="battle-history"><small>Jynx protected itself!</small><br></div><div class="spacer battle-history"><br></div><div class="battle-history">The opposing Your Mom used <strong>Blizzard</strong>!<br></div><div class="battle-history"><small>Jynx protected itself!</small><br></div><div class="spacer battle-history"><br></div><div class="battle-history"><small>Jynx restored a little HP using its Leftovers!</small><br></div><div class="battle-history"><small>The opposing Your Mom was hurt by poison!</small><br></div><div class="spacer battle-history"><br></div><h2 class="battle-history">Turn 20</h2><div class="spacer battle-history"><br></div><div class="battle-history">Jynx, come back!<br></div><div class="battle-history">Go! <strong>Ludicolo</strong>!<br></div><div class="spacer battle-history"><br></div><div class="battle-history">The opposing Your Mom used <strong>Water Spout</strong>!<br></div><div class="battle-history"><small>It's not very effective...</small><br></div><div class="battle-history"><small>(Ludicolo lost <abbr title="−23/301">7.6%</abbr> of its health!)</small><br></div><div class="battle-history"><small>The opposing Your Mom lost some of its HP!</small><br></div><div class="spacer battle-history"><br></div><div class="battle-history"><small>The opposing Your Mom was hurt by poison!</small><br></div><div class="spacer battle-history"><br></div><h2 class="battle-history">Turn 21</h2><div class="spacer battle-history"><br></div><div class="battle-history">Ludicolo used <strong>Protect</strong>!<br></div><div class="battle-history"><small>Ludicolo protected itself!</small><br></div><div class="spacer battle-history"><br></div><div class="battle-history">The opposing Your Mom used <strong>Heavy Slam</strong>!<br></div><div class="battle-history"><small>Ludicolo protected itself!</small><br></div><div class="spacer battle-history"><br></div><div class="battle-history"><small>The opposing Your Mom was hurt by poison!</small><br></div><div class="spacer battle-history"><br></div><div class="battle-history">The opposing Your Mom fainted!<br></div><div class="spacer battle-history"><br></div><div class="battle-history">tapewormmeister sent out Unqualified (<strong>Magmortar</strong>)!<br></div><div class="spacer battle-history"><br></div><h2 class="battle-history">Turn 22</h2><div class="spacer battle-history"><br></div><div class="battle-history">The opposing Unqualified used <strong>Overheat</strong>!<br></div><div class="battle-history"><small>(Ludicolo lost <abbr title="−219/301">72.8%</abbr> of its health!)</small><br></div><div class="battle-history"><small>The opposing Unqualified's Special Attack fell harshly!</small><br></div><div class="spacer battle-history"><br></div><div class="battle-history">Ludicolo used <strong>Hydro Pump</strong>!<br></div><div class="battle-history"><small>The opposing Unqualified avoided the attack!</small><br></div><div class="spacer battle-history"><br></div><h2 class="battle-history">Turn 23</h2><div class="spacer battle-history"><br></div><div class="battle-history">Ludicolo, come back!<br></div><div class="battle-history">Go! <strong>Electivire</strong>!<br></div><div class="spacer battle-history"><br></div><div class="battle-history">The opposing Unqualified used <strong>Overheat</strong>!<br></div><div class="battle-history"><small>(Electivire lost <abbr title="−154/353">43.6%</abbr> of its health!)</small><br></div><div class="battle-history"><small>The opposing Unqualified's Special Attack fell harshly!</small><br></div><div class="spacer battle-history"><br></div><div class="battle-history"><small>Electivire restored a little HP using its Leftovers!</small><br></div><div class="spacer battle-history"><br></div><h2 class="battle-history">Turn 24</h2><div class="spacer battle-history"><br></div><div class="battle-history">tapewormmeister withdrew Unqualified!<br></div><div class="battle-history">tapewormmeister sent out Hong Kong (<strong>Zebstrika</strong>)!<br></div><div class="spacer battle-history"><br></div><div class="battle-history">Electivire used <strong>Earthquake</strong>!<br></div><div class="battle-history"><small>It's super effective!</small><br></div><div class="battle-history"><small>(The opposing Hong Kong lost <abbr title="−318/354">89.8%</abbr> of its health!)</small><br></div><div class="spacer battle-history"><br></div><div class="battle-history">The opposing Hong Kong fainted!<br></div><div class="spacer battle-history"><br></div><div class="battle-history"><small>Electivire restored a little HP using its Leftovers!</small><br></div><div class="spacer battle-history"><br></div><div class="battle-history">tapewormmeister sent out Gripper (<strong>Dusknoir</strong>)!<br></div><div class="battle-history"><small>[The opposing Gripper's Frisk]</small><br><small>The opposing Gripper frisked Electivire and found its Leftovers!</small><br></div><div class="spacer battle-history"><br></div><h2 class="battle-history">Turn 25</h2><div class="spacer battle-history"><br></div><div class="battle-history">Electivire used <strong>Thunder Punch</strong>!<br></div><div class="battle-history"><small>(The opposing Gripper lost <abbr title="−106/294">36.1%</abbr> of its health!)</small><br></div><div class="spacer battle-history"><br></div><div class="battle-history">The opposing Gripper used <strong>Destiny Bond</strong>!<br></div><div class="battle-history">The opposing Gripper is hoping to take its attacker down with it!<br></div><div class="spacer battle-history"><br></div><div class="battle-history"><small>Electivire restored a little HP using its Leftovers!</small><br></div><div class="battle-history"><small>The opposing Gripper restored a little HP using its Leftovers!</small><br></div><div class="spacer battle-history"><br></div><h2 class="battle-history">Turn 26</h2><div class="spacer battle-history"><br></div><div class="battle-history">Electivire, come back!<br></div><div class="battle-history">Go! <strong>Jynx</strong>!<br></div><div class="spacer battle-history"><br></div><div class="battle-history">The opposing Gripper used <strong>Pain Split</strong>!<br></div><div class="battle-history"><small>The battlers shared their pain!</small><br></div><div class="spacer battle-history"><br></div><div class="battle-history"><small>Jynx restored a little HP using its Leftovers!</small><br></div><div class="battle-history"><small>The opposing Gripper restored a little HP using its Leftovers!</small><br></div><div class="spacer battle-history"><br></div><h2 class="battle-history">Turn 27</h2><div class="spacer battle-history"><br></div><div class="battle-history">Jynx used <strong>Ice Beam</strong>!<br></div><div class="battle-history"><small>(The opposing Gripper lost <abbr title="−50/294">17.0%</abbr> of its health!)</small><br></div><div class="spacer battle-history"><br></div><div class="battle-history">The opposing Gripper fainted!<br></div><div class="spacer battle-history"><br></div><div class="battle-history"><small>Jynx restored a little HP using its Leftovers!</small><br></div><div class="spacer battle-history"><br></div><div class="battle-history">tapewormmeister sent out Unqualified (<strong>Magmortar</strong>)!<br></div><div class="spacer battle-history"><br></div><h2 class="battle-history">Turn 28</h2><div class="spacer battle-history"><br></div><div class="battle-history">Jynx used <strong>Ice Beam</strong>!<br></div><div class="battle-history"><small>It's not very effective...</small><br></div><div class="battle-history"><small>(The opposing Unqualified lost <abbr title="−54/354">15.3%</abbr> of its health!)</small><br></div><div class="spacer battle-history"><br></div><div class="battle-history">The opposing Unqualified fainted!<br></div><div class="spacer battle-history"><br></div><div class="battle-history"><small>Jynx restored a little HP using its Leftovers!</small><br></div><div class="spacer battle-history"><br></div><div class="battle-history">tapewormmeister sent out Succ (<strong>Leavanny</strong>)!<br></div><div class="spacer battle-history"><br></div><h2 class="battle-history">Turn 29</h2><div class="spacer battle-history"><br></div><div class="battle-history">The opposing Succ used <strong>Giga Drain</strong>!<br></div><div class="battle-history"><small>(Jynx lost <abbr title="−80/271">29.5%</abbr> of its health!)</small><br></div><div class="battle-history"><small>Jynx had its energy drained!</small><br></div><div class="spacer battle-history"><br></div><div class="battle-history">Jynx fainted!<br></div><div class="spacer battle-history"><br></div><div class="battle-history">Go! <strong>Sandslash</strong>!<br></div><div class="spacer battle-history"><br></div><h2 class="battle-history">Turn 30</h2><div class="spacer battle-history"><br></div><div class="battle-history">The opposing Succ used <strong>Giga Drain</strong>!<br></div><div class="battle-history"><small>It's super effective!</small><br></div><div class="battle-history"><small>Sandslash hung on using its Focus Sash!</small><br></div><div class="battle-history"><small>(Sandslash lost <abbr title="−291/292">99.7%</abbr> of its health!)</small><br></div><div class="battle-history"><small>Sandslash had its energy drained!</small><br></div><div class="spacer battle-history"><br></div><div class="battle-history">Sandslash used <strong>Earthquake</strong>!<br></div><div class="battle-history"><small>It's not very effective...</small><br></div><div class="battle-history"><small>(The opposing Succ lost <abbr title="−42/291">14.4%</abbr> of its health!)</small><br></div><div class="spacer battle-history"><br></div><h2 class="battle-history">Turn 31</h2><div class="spacer battle-history"><br></div><div class="battle-history">Sandslash, come back!<br></div><div class="battle-history">Go! <strong>Electivire</strong>!<br></div><div class="spacer battle-history"><br></div><div class="battle-history">The opposing Succ used <strong>Giga Drain</strong>!<br></div><div class="battle-history"><small>(Electivire lost <abbr title="−112/353">31.7%</abbr> of its health!)</small><br></div><div class="battle-history"><small>Electivire had its energy drained!</small><br></div><div class="spacer battle-history"><br></div><div class="battle-history"><small>Electivire restored a little HP using its Leftovers!</small><br></div><div class="spacer battle-history"><br></div><h2 class="battle-history">Turn 32</h2><div class="spacer battle-history"><br></div><div class="battle-history">The opposing Succ used <strong>Giga Drain</strong>!<br></div><div class="battle-history"><small>(Electivire lost <abbr title="−114/353">32.3%</abbr> of its health!)</small><br></div><div class="battle-history"><small>Electivire had its energy drained!</small><br></div><div class="spacer battle-history"><br></div><div class="battle-history">Electivire used <strong>Thunder Punch</strong>!<br></div><div class="battle-history"><small>It's not very effective...</small><br></div><div class="battle-history"><small>(The opposing Succ lost <abbr title="−79/291">27.1%</abbr> of its health!)</small><br></div><div class="spacer battle-history"><br></div><div class="battle-history"><small>Electivire restored a little HP using its Leftovers!</small><br></div><div class="spacer battle-history"><br></div><h2 class="battle-history">Turn 33</h2><div class="spacer battle-history"><br></div><div class="battle-history">The opposing Succ used <strong>Giga Drain</strong>!<br></div><div class="battle-history"><small>(Electivire lost <abbr title="−83/353">23.5%</abbr> of its health!)</small><br></div><div class="battle-history"><small>Electivire had its energy drained!</small><br></div><div class="spacer battle-history"><br></div><div class="battle-history">Electivire fainted!<br></div><div class="spacer battle-history"><br></div><div class="battle-history">Go! <strong>Klinklang</strong>!<br></div><div class="spacer battle-history"><br></div><h2 class="battle-history">Turn 34</h2><div class="spacer battle-history"><br></div><div class="battle-history">The opposing Succ used <strong>Giga Drain</strong>!<br></div><div class="battle-history"><small>It's not very effective...</small><br></div><div class="battle-history"><small>(Klinklang lost <abbr title="−52/261">19.9%</abbr> of its health!)</small><br></div><div class="battle-history"><small>Klinklang had its energy drained!</small><br></div><div class="spacer battle-history"><br></div><div class="battle-history">Klinklang used <strong>Gear Grind</strong>!<br></div><div class="battle-history"><small>(The opposing Succ lost <abbr title="−97/291">33.3%</abbr> of its health!)</small><br></div><div class="battle-history"><small>(The opposing Succ lost <abbr title="−84/291">28.9%</abbr> of its health!)</small><br></div><div class="battle-history"><small>Hit 2 times!</small><br></div><div class="spacer battle-history"><br></div><div class="battle-history"><small>Klinklang restored a little HP using its Leftovers!</small><br></div><div class="spacer battle-history"><br></div><h2 class="battle-history">Turn 35</h2><div class="spacer battle-history"><br></div><div class="battle-history">The opposing Succ used <strong>Giga Drain</strong>!<br></div><div class="battle-history"><small>It's not very effective...</small><br></div><div class="battle-history"><small>(Klinklang lost <abbr title="−52/261">19.9%</abbr> of its health!)</small><br></div><div class="battle-history"><small>Klinklang had its energy drained!</small><br></div><div class="spacer battle-history"><br></div><div class="battle-history">Klinklang is paralyzed! It can't move!<br></div><div class="spacer battle-history"><br></div><div class="battle-history"><small>Klinklang restored a little HP using its Leftovers!</small><br></div><div class="spacer battle-history"><br></div><h2 class="battle-history">Turn 36</h2><div class="spacer battle-history"><br></div><div class="battle-history">Klinklang, come back!<br></div><div class="battle-history">Go! <strong>Ludicolo</strong>!<br></div><div class="spacer battle-history"><br></div><div class="battle-history">The opposing Succ used <strong>Giga Drain</strong>!<br></div><div class="battle-history"><small>(Ludicolo lost <abbr title="−59/301">19.6%</abbr> of its health!)</small><br></div><div class="battle-history"><small>Ludicolo had its energy drained!</small><br></div><div class="spacer battle-history"><br></div><div class="battle-history">Ludicolo fainted!<br></div><div class="spacer battle-history"><br></div><div class="battle-history">Go! <strong>Klinklang</strong>!<br></div><div class="spacer battle-history"><br></div><h2 class="battle-history">Turn 37</h2><div class="spacer battle-history"><br></div><div class="battle-history">The opposing Succ used <strong>Giga Drain</strong>!<br></div><div class="battle-history"><small>It's not very effective...</small><br></div><div class="battle-history"><small>(Klinklang lost <abbr title="−17/261">6.5%</abbr> of its health!)</small><br></div><div class="battle-history"><small>Klinklang had its energy drained!</small><br></div><div class="spacer battle-history"><br></div><div class="battle-history">Klinklang fainted!<br></div><div class="spacer battle-history"><br></div><div class="battle-history">Go! <strong>Sandslash</strong>!<br></div><div class="spacer battle-history"><br></div><h2 class="battle-history">Turn 38</h2><div class="spacer battle-history"><br></div><div class="battle-history">The opposing Succ used <strong>Giga Drain</strong>!<br></div><div class="battle-history"><small>It's super effective!</small><br></div><div class="battle-history"><small>(Sandslash lost <abbr title="−1/292">0.3%</abbr> of its health!)</small><br></div><div class="battle-history"><small>Sandslash had its energy drained!</small><br></div><div class="spacer battle-history"><br></div><div class="battle-history">Sandslash fainted!<br></div><div class="spacer battle-history"><br></div><div class="battle-history"><strong>tapewormmeister</strong> won the battle!<br></div></div><div class="inner-preempt"></div></div></div>
</div>
<script>
let daily = Math.floor(Date.now()/1000/60/60/24);document.write('<script src="https://play.pokemonshowdown.com/js/replay-embed.js?version'+daily+'"></'+'script>');
</script>
