<!DOCTYPE html>
<meta charset="utf-8" />
<!-- version 1 -->
<title>NU replay: BrojinSiiiiiii vs. MelCake</title>
<style>
html,body {font-family:Verdana, sans-serif;font-size:10pt;margin:0;padding:0;}body{padding:12px 0;} .battle-log {font-family:Verdana, sans-serif;font-size:10pt;} .battle-log-inline {border:1px solid #AAAAAA;background:#EEF2F5;color:black;max-width:640px;margin:0 auto 80px;padding-bottom:5px;} .battle-log .inner {padding:4px 8px 0px 8px;} .battle-log .inner-preempt {padding:0 8px 4px 8px;} .battle-log .inner-after {margin-top:0.5em;} .battle-log h2 {margin:0.5em -8px;padding:4px 8px;border:1px solid #AAAAAA;background:#E0E7EA;border-left:0;border-right:0;font-family:Verdana, sans-serif;font-size:13pt;} .battle-log .chat {vertical-align:middle;padding:3px 0 3px 0;font-size:8pt;} .battle-log .chat strong {color:#40576A;} .battle-log .chat em {padding:1px 4px 1px 3px;color:#000000;font-style:normal;} .chat.mine {background:rgba(0,0,0,0.05);margin-left:-8px;margin-right:-8px;padding-left:8px;padding-right:8px;} .spoiler {color:#BBBBBB;background:#BBBBBB;padding:0px 3px;} .spoiler:hover, .spoiler:active, .spoiler-shown {color:#000000;background:#E2E2E2;padding:0px 3px;} .spoiler a {color:#BBBBBB;} .spoiler:hover a, .spoiler:active a, .spoiler-shown a {color:#2288CC;} .chat code, .chat .spoiler:hover code, .chat .spoiler:active code, .chat .spoiler-shown code {border:1px solid #C0C0C0;background:#EEEEEE;color:black;padding:0 2px;} .chat .spoiler code {border:1px solid #CCCCCC;background:#CCCCCC;color:#CCCCCC;} .battle-log .rated {padding:3px 4px;} .battle-log .rated strong {color:white;background:#89A;padding:1px 4px;border-radius:4px;} .spacer {margin-top:0.5em;} .message-announce {background:#6688AA;color:white;padding:1px 4px 2px;} .message-announce a, .broadcast-green a, .broadcast-blue a, .broadcast-red a {color:#DDEEFF;} .broadcast-green {background-color:#559955;color:white;padding:2px 4px;} .broadcast-blue {background-color:#6688AA;color:white;padding:2px 4px;} .infobox {border:1px solid #6688AA;padding:2px 4px;} .infobox-limited {max-height:200px;overflow:auto;overflow-x:hidden;} .broadcast-red {background-color:#AA5544;color:white;padding:2px 4px;} .message-learn-canlearn {font-weight:bold;color:#228822;text-decoration:underline;} .message-learn-cannotlearn {font-weight:bold;color:#CC2222;text-decoration:underline;} .message-effect-weak {font-weight:bold;color:#CC2222;} .message-effect-resist {font-weight:bold;color:#6688AA;} .message-effect-immune {font-weight:bold;color:#666666;} .message-learn-list {margin-top:0;margin-bottom:0;} .message-throttle-notice, .message-error {color:#992222;} .message-overflow, .chat small.message-overflow {font-size:0pt;} .message-overflow::before {font-size:9pt;content:'...';} .subtle {color:#3A4A66;}
</style>
<div class="wrapper replay-wrapper" style="max-width:1180px;margin:0 auto">
<input type="hidden" name="replayid" value="nu-518268770" />
<div class="battle"></div><div class="battle-log"></div><div class="replay-controls"></div><div class="replay-controls-2"></div>
<h1 style="font-weight:normal;text-align:center"><strong>NU</strong><br /><a href="http://pokemonshowdown.com/users/brojinsiiiiiii" class="subtle" target="_blank">BrojinSiiiiiii</a> vs. <a href="http://pokemonshowdown.com/users/melcake" class="subtle" target="_blank">MelCake</a></h1>
<script type="text/plain" class="battle-log-data">|j|BrojinSiiiiiii
|j|MelCake
|player|p1|BrojinSiiiiiii|265
|player|p2|MelCake|280
|gametype|singles
|gen|6
|tier|NU
|rated
|seed|2458,52640,33360,29674
|rule|Sleep Clause Mod: Limit one foe put to sleep
|rule|Species Clause: Limit one of each Pokémon
|rule|OHKO Clause: OHKO moves are banned
|rule|Moody Clause: Moody is banned
|rule|Evasion Moves Clause: Evasion moves are banned
|rule|Endless Battle Clause: Forcing endless battles is banned
|rule|HP Percentage Mod: HP is shown in percentages
|clearpoke
|poke|p1|Charizard, M, shiny|item
|poke|p1|Samurott, M, shiny|item
|poke|p1|Torterra, M, shiny|item
|poke|p1|Regirock, shiny|item
|poke|p1|Mesprit, shiny|item
|poke|p1|Audino, F, shiny|item
|poke|p2|Miltank, F|item
|poke|p2|Vivillon, F|item
|poke|p2|Audino, M|item
|poke|p2|Lilligant, F|item
|poke|p2|Xatu, F|item
|poke|p2|Garbodor, F|item
|rule|Swagger Clause: Swagger is banned
|rule|Baton Pass Clause: Limit one Baton Passer, can't pass Spe and other stats simultaneously
|teampreview
|choice|team 4, team 2, team 3, team 1, team 5, team 6|team 1, team 2, team 3, team 4, team 5, team 6
|
|start
|switch|p1a: Lekgolo 🖼|Regirock, shiny|364\/364
|switch|p2a: Miltank|Miltank, F|394\/394
|turn|1
|choice|move stealthrock|move toxic
|
|move|p2a: Miltank|Toxic|p1a: Lekgolo 🖼|[miss]
|-miss|p2a: Miltank|p1a: Lekgolo 🖼
|move|p1a: Lekgolo 🖼|Stealth Rock|p2a: Miltank
|-sidestart|p2: MelCake|move: Stealth Rock
|
|upkeep
|turn|2
|choice|move toxic|move toxic
|
|move|p2a: Miltank|Toxic|p1a: Lekgolo 🖼
|-status|p1a: Lekgolo 🖼|tox
|move|p1a: Lekgolo 🖼|Toxic|p2a: Miltank
|-status|p2a: Miltank|tox
|
|-damage|p2a: Miltank|370\/394 tox|[from] psn
|-damage|p1a: Lekgolo 🖼|342\/364 tox|[from] psn
|upkeep
|turn|3
|choice|switch 5|move stealthrock
|
|switch|p1a: Prophet of Regret|Mesprit, shiny|364\/364
|move|p2a: Miltank|Stealth Rock|p1a: Prophet of Regret
|-sidestart|p1: BrojinSiiiiiii|move: Stealth Rock
|
|-heal|p2a: Miltank|394\/394 tox|[from] item: Leftovers
|-damage|p2a: Miltank|346\/394 tox|[from] psn
|upkeep
|turn|4
|choice|move reflect|move bodyslam
|
|move|p2a: Miltank|Body Slam|p1a: Prophet of Regret
|-damage|p1a: Prophet of Regret|297\/364
|move|p1a: Prophet of Regret|Reflect|p1a: Prophet of Regret
|-sidestart|p1: BrojinSiiiiiii|Reflect
|
|-heal|p2a: Miltank|370\/394 tox|[from] item: Leftovers
|-damage|p2a: Miltank|298\/394 tox|[from] psn
|upkeep
|turn|5
|choice|move lightscreen|move toxic
|
|move|p2a: Miltank|Toxic|p1a: Prophet of Regret
|-status|p1a: Prophet of Regret|tox
|move|p1a: Prophet of Regret|Light Screen|p1a: Prophet of Regret
|-sidestart|p1: BrojinSiiiiiii|move: Light Screen
|
|-heal|p2a: Miltank|322\/394 tox|[from] item: Leftovers
|-damage|p2a: Miltank|226\/394 tox|[from] psn
|-damage|p1a: Prophet of Regret|275\/364 tox|[from] psn
|upkeep
|turn|6
|choice|move uturn|move milkdrink
|
|move|p2a: Miltank|Milk Drink|p2a: Miltank
|-heal|p2a: Miltank|394\/394 tox
|move|p1a: Prophet of Regret|U-turn|p2a: Miltank
|-damage|p2a: Miltank|356\/394 tox
|choice|switch 4|
|
|switch|p1a: Banshee 🔥|Charizard, M, shiny|297\/297
|-damage|p1a: Banshee 🔥|149\/297|[from] Stealth Rock
|
|-heal|p2a: Miltank|380\/394 tox|[from] item: Leftovers
|-damage|p2a: Miltank|260\/394 tox|[from] psn
|upkeep
|turn|7
|choice|move focusblast|move milkdrink
|
|move|p1a: Banshee 🔥|Focus Blast|p2a: Miltank
|-supereffective|p2a: Miltank
|-crit|p2a: Miltank
|-damage|p2a: Miltank|0 fnt
|-damage|p1a: Banshee 🔥|120\/297|[from] item: Life Orb
|faint|p2a: Miltank
|
|upkeep
|choice||switch 6
|
|switch|p2a: Garbodor|Garbodor, F|364\/364
|-damage|p2a: Garbodor|319\/364|[from] Stealth Rock
|turn|8
|choice|move fireblast|move spikes
|
|move|p1a: Banshee 🔥|Fire Blast|p2a: Garbodor
|-damage|p2a: Garbodor|66\/364
|-damage|p1a: Banshee 🔥|91\/297|[from] item: Life Orb
|move|p2a: Garbodor|Spikes|p1a: Banshee 🔥
|-sidestart|p1: BrojinSiiiiiii|Spikes
|
|upkeep
|turn|9
|choice|move airslash|move gunkshot
|
|move|p1a: Banshee 🔥|Air Slash|p2a: Garbodor
|-damage|p2a: Garbodor|0 fnt
|-damage|p1a: Banshee 🔥|62\/297|[from] item: Life Orb
|faint|p2a: Garbodor
|
|upkeep
|choice||switch 5
|
|switch|p2a: Xatu|Xatu, F|334\/334
|-damage|p2a: Xatu|251\/334|[from] Stealth Rock
|turn|10
|choice|move fireblast|move roost
|
|move|p1a: Banshee 🔥|Fire Blast|p2a: Xatu
|-damage|p2a: Xatu|0 fnt
|-damage|p1a: Banshee 🔥|33\/297|[from] item: Life Orb
|faint|p2a: Xatu
|
|upkeep
|choice||switch 3
|
|switch|p2a: Audino|Audino, M|410\/410
|-damage|p2a: Audino|359\/410|[from] Stealth Rock
|turn|11
|choice|move fireblast|move calmmind mega
|
|detailschange|p2a: Audino|Audino-Mega, M
|-mega|p2a: Audino|Audino|Audinite
|move|p1a: Banshee 🔥|Fire Blast|p2a: Audino
|-damage|p2a: Audino|102\/410
|-status|p2a: Audino|brn
|-damage|p1a: Banshee 🔥|4\/297|[from] item: Life Orb
|move|p2a: Audino|Calm Mind|p2a: Audino
|-boost|p2a: Audino|spa|1
|-boost|p2a: Audino|spd|1
|
|-damage|p2a: Audino|51\/410 brn|[from] brn
|-sideend|p1: BrojinSiiiiiii|Reflect
|upkeep
|turn|12
|choice|move airslash|move rest
|
|move|p1a: Banshee 🔥|Air Slash|p2a: Audino
|-damage|p2a: Audino|0 fnt
|-damage|p1a: Banshee 🔥|0 fnt|[from] item: Life Orb
|faint|p2a: Audino
|faint|p1a: Banshee 🔥
|
|-sideend|p1: BrojinSiiiiiii|move: Light Screen
|upkeep
|choice|switch 4|switch 2
|
|switch|p2a: Vivillon|Vivillon, F|301\/301
|switch|p1a: Prophet of Regret|Mesprit, shiny|275\/364 tox
|-damage|p2a: Vivillon|151\/301|[from] Stealth Rock
|-damage|p1a: Prophet of Regret|230\/364 tox|[from] Stealth Rock
|turn|13
|choice|move thunderwave|move quiverdance
|
|move|p2a: Vivillon|Quiver Dance|p2a: Vivillon
|-boost|p2a: Vivillon|spa|1
|-boost|p2a: Vivillon|spd|1
|-boost|p2a: Vivillon|spe|1
|move|p1a: Prophet of Regret|Thunder Wave|p2a: Vivillon
|-status|p2a: Vivillon|par
|
|-damage|p1a: Prophet of Regret|208\/364 tox|[from] psn
|upkeep
|turn|14
|choice|move lightscreen|move hurricane
|
|move|p1a: Prophet of Regret|Light Screen|p1a: Prophet of Regret
|-sidestart|p1: BrojinSiiiiiii|move: Light Screen
|move|p2a: Vivillon|Hurricane|p1a: Prophet of Regret
|-damage|p1a: Prophet of Regret|122\/364 tox
|-start|p1a: Prophet of Regret|confusion
|
|-damage|p1a: Prophet of Regret|78\/364 tox|[from] psn
|upkeep
|turn|15
|choice|move uturn|move hurricane
|
|-activate|p1a: Prophet of Regret|confusion
|move|p1a: Prophet of Regret|U-turn|p2a: Vivillon
|-resisted|p2a: Vivillon
|-damage|p2a: Vivillon|98\/301 par
|choice|switch 5|
|
|switch|p1a: Lekgolo 🖼|Regirock, shiny|342\/364 tox
|-damage|p1a: Lekgolo 🖼|297\/364 tox|[from] Stealth Rock
|-damage|p1a: Lekgolo 🖼|252\/364 tox|[from] Spikes
|move|p2a: Vivillon|Hurricane|p1a: Lekgolo 🖼
|-resisted|p1a: Lekgolo 🖼
|-damage|p1a: Lekgolo 🖼|198\/364 tox
|
|-heal|p1a: Lekgolo 🖼|220\/364 tox|[from] item: Leftovers
|-damage|p1a: Lekgolo 🖼|198\/364 tox|[from] psn
|upkeep
|turn|16
|choice|move explosion|move energyball
|
|move|p1a: Lekgolo 🖼|Explosion|p2a: Vivillon
|-damage|p2a: Vivillon|0 fnt
|faint|p1a: Lekgolo 🖼
|faint|p2a: Vivillon
|
|upkeep
|choice|switch 5|switch 4
|
|switch|p2a: Lilligant|Lilligant, F|281\/281
|switch|p1a: Prophet of Regret|Mesprit, shiny|78\/364 tox
|-damage|p2a: Lilligant|246\/281|[from] Stealth Rock
|-damage|p1a: Prophet of Regret|33\/364 tox|[from] Stealth Rock
|turn|17
|choice|move thunderwave|move quiverdance
|
|move|p2a: Lilligant|Quiver Dance|p2a: Lilligant
|-boost|p2a: Lilligant|spa|1
|-boost|p2a: Lilligant|spd|1
|-boost|p2a: Lilligant|spe|1
|move|p1a: Prophet of Regret|Thunder Wave|p2a: Lilligant
|-status|p2a: Lilligant|par
|
|-damage|p1a: Prophet of Regret|11\/364 tox|[from] psn
|upkeep
|turn|18
|choice|move uturn|move quiverdance
|
|move|p1a: Prophet of Regret|U-turn|p2a: Lilligant
|-supereffective|p2a: Lilligant
|-damage|p2a: Lilligant|106\/281 par
|choice|switch 2|
|
|switch|p1a: Energy Sword 💘|Samurott, M, shiny|331\/331
|-damage|p1a: Energy Sword 💘|290\/331|[from] Spikes
|-damage|p1a: Energy Sword 💘|249\/331|[from] Stealth Rock
|move|p2a: Lilligant|Quiver Dance|p2a: Lilligant
|-boost|p2a: Lilligant|spa|1
|-boost|p2a: Lilligant|spd|1
|-boost|p2a: Lilligant|spe|1
|
|upkeep
|turn|19
|choice|move megahorn|move gigadrain
|
|move|p1a: Energy Sword 💘|Megahorn|p2a: Lilligant
|-supereffective|p2a: Lilligant
|-damage|p2a: Lilligant|0 fnt
|faint|p2a: Lilligant
|
|win|BrojinSiiiiiii
|player|p1
|player|p2
|l|MelCake</script>
</div>
<div class="battle-log battle-log-inline"><div class="inner"><div class="battle-options"></div><div class="inner"><div class="chat"><small>BrojinSiiiiiii joined.</small></div><div class="chat"><small>MelCake joined.</small></div><div class=""><small>Format:</small> <br><strong>NU</strong></div><div class="rated"><strong>Rated battle</strong></div><div class=""><small><em>Sleep Clause Mod:</em> Limit one foe put to sleep</small></div><div class=""><small><em>Species Clause:</em> Limit one of each Pokémon</small></div><div class=""><small><em>OHKO Clause:</em> OHKO moves are banned</small></div><div class=""><small><em>Moody Clause:</em> Moody is banned</small></div><div class=""><small><em>Evasion Moves Clause:</em> Evasion moves are banned</small></div><div class=""><small><em>Endless Battle Clause:</em> Forcing endless battles is banned</small></div><div class=""><small><em>HP Percentage Mod:</em> HP is shown in percentages</small></div><div class=""><small><em>Swagger Clause:</em> Swagger is banned</small></div><div class=""><small><em>Baton Pass Clause:</em> Limit one Baton Passer, can't pass Spe and other stats simultaneously</small></div><div class="chat battle-history"><strong>BrojinSiiiiiii's team:</strong> <em style="color:#445566;display:block;">Charizard / Samurott / Torterra / Regirock / Mesprit / Audino</em></div><div class="chat battle-history"><strong>MelCake's team:</strong> <em style="color:#445566;display:block;">Miltank / Vivillon / Audino / Lilligant / Xatu / Garbodor</em></div><div class="spacer battle-history"><br></div><div class="battle-history">Battle started between BrojinSiiiiiii and MelCake!<br></div><div class="spacer battle-history"><br></div><div class="battle-history">Go! Lekgolo 🖼 (<strong>Regirock</strong>)!<br></div><div class="spacer battle-history"><br></div><div class="battle-history">MelCake sent out <strong>Miltank</strong>!<br></div><div class="spacer battle-history"><br></div><h2 class="battle-history">Turn 1</h2><div class="spacer battle-history"><br></div><div class="battle-history">The opposing Miltank used <strong>Toxic</strong>!<br></div><div class="battle-history"><small>Lekgolo 🖼 avoided the attack!</small><br></div><div class="spacer battle-history"><br></div><div class="battle-history">Lekgolo 🖼 used <strong>Stealth Rock</strong>!<br></div><div class="battle-history"><small>Pointed stones float in the air around the opposing team!</small><br></div><div class="spacer battle-history"><br></div><h2 class="battle-history">Turn 2</h2><div class="spacer battle-history"><br></div><div class="battle-history">The opposing Miltank used <strong>Toxic</strong>!<br></div><div class="battle-history"><small>Lekgolo 🖼 was badly poisoned!</small><br></div><div class="spacer battle-history"><br></div><div class="battle-history">Lekgolo 🖼 used <strong>Toxic</strong>!<br></div><div class="battle-history"><small>The opposing Miltank was badly poisoned!</small><br></div><div class="spacer battle-history"><br></div><div class="battle-history"><small>The opposing Miltank was hurt by poison!</small><br></div><div class="battle-history"><small>Lekgolo 🖼 was hurt by poison!</small><br></div><div class="spacer battle-history"><br></div><h2 class="battle-history">Turn 3</h2><div class="spacer battle-history"><br></div><div class="battle-history">Lekgolo 🖼, come back!<br></div><div class="battle-history">Go! Prophet of Regret (<strong>Mesprit</strong>)!<br></div><div class="spacer battle-history"><br></div><div class="battle-history">The opposing Miltank used <strong>Stealth Rock</strong>!<br></div><div class="battle-history"><small>Pointed stones float in the air around your team!</small><br></div><div class="spacer battle-history"><br></div><div class="battle-history"><small>The opposing Miltank restored a little HP using its Leftovers!</small><br></div><div class="battle-history"><small>The opposing Miltank was hurt by poison!</small><br></div><div class="spacer battle-history"><br></div><h2 class="battle-history">Turn 4</h2><div class="spacer battle-history"><br></div><div class="battle-history">The opposing Miltank used <strong>Body Slam</strong>!<br></div><div class="battle-history"><small>(Prophet of Regret lost <abbr title="−67/364">18.4%</abbr> of its health!)</small><br></div><div class="spacer battle-history"><br></div><div class="battle-history">Prophet of Regret used <strong>Reflect</strong>!<br></div><div class="battle-history"><small>Reflect made your team stronger against physical moves!</small><br></div><div class="spacer battle-history"><br></div><div class="battle-history"><small>The opposing Miltank restored a little HP using its Leftovers!</small><br></div><div class="battle-history"><small>The opposing Miltank was hurt by poison!</small><br></div><div class="spacer battle-history"><br></div><h2 class="battle-history">Turn 5</h2><div class="spacer battle-history"><br></div><div class="battle-history">The opposing Miltank used <strong>Toxic</strong>!<br></div><div class="battle-history"><small>Prophet of Regret was badly poisoned!</small><br></div><div class="spacer battle-history"><br></div><div class="battle-history">Prophet of Regret used <strong>Light Screen</strong>!<br></div><div class="battle-history"><small>Light Screen made your team stronger against special moves!</small><br></div><div class="spacer battle-history"><br></div><div class="battle-history"><small>The opposing Miltank restored a little HP using its Leftovers!</small><br></div><div class="battle-history"><small>The opposing Miltank was hurt by poison!</small><br></div><div class="battle-history"><small>Prophet of Regret was hurt by poison!</small><br></div><div class="spacer battle-history"><br></div><h2 class="battle-history">Turn 6</h2><div class="spacer battle-history"><br></div><div class="battle-history">The opposing Miltank used <strong>Milk Drink</strong>!<br></div><div class="battle-history"><small>The opposing Miltank restored its HP.</small><br></div><div class="spacer battle-history"><br></div><div class="battle-history">Prophet of Regret used <strong>U-turn</strong>!<br></div><div class="battle-history"><small>(The opposing Miltank lost <abbr title="−38/394">9.6%</abbr> of its health!)</small><br></div><div class="spacer battle-history"><br></div><div class="battle-history">Prophet of Regret went back to BrojinSiiiiiii!<br></div><div class="battle-history">Go! Banshee 🔥 (<strong>Charizard</strong>)!<br></div><div class="battle-history"><small>Pointed stones dug into Banshee 🔥!</small><br></div><div class="spacer battle-history"><br></div><div class="battle-history"><small>The opposing Miltank restored a little HP using its Leftovers!</small><br></div><div class="battle-history"><small>The opposing Miltank was hurt by poison!</small><br></div><div class="spacer battle-history"><br></div><h2 class="battle-history">Turn 7</h2><div class="spacer battle-history"><br></div><div class="battle-history">Banshee 🔥 used <strong>Focus Blast</strong>!<br></div><div class="battle-history"><small>It's super effective!</small><br></div><div class="battle-history"><small>A critical hit!</small><br></div><div class="battle-history"><small>(The opposing Miltank lost <abbr title="−260/394">66.0%</abbr> of its health!)</small><br></div><div class="battle-history"><small>Banshee 🔥 lost some of its HP!</small><br></div><div class="spacer battle-history"><br></div><div class="battle-history">The opposing Miltank fainted!<br></div><div class="spacer battle-history"><br></div><div class="battle-history">MelCake sent out <strong>Garbodor</strong>!<br></div><div class="battle-history"><small>Pointed stones dug into the opposing Garbodor!</small><br></div><div class="spacer battle-history"><br></div><h2 class="battle-history">Turn 8</h2><div class="spacer battle-history"><br></div><div class="battle-history">Banshee 🔥 used <strong>Fire Blast</strong>!<br></div><div class="battle-history"><small>(The opposing Garbodor lost <abbr title="−253/364">69.5%</abbr> of its health!)</small><br></div><div class="battle-history"><small>Banshee 🔥 lost some of its HP!</small><br></div><div class="spacer battle-history"><br></div><div class="battle-history">The opposing Garbodor used <strong>Spikes</strong>!<br></div><div class="battle-history"><small>Spikes were scattered on the ground all around your team!</small><br></div><div class="spacer battle-history"><br></div><h2 class="battle-history">Turn 9</h2><div class="spacer battle-history"><br></div><div class="battle-history">Banshee 🔥 used <strong>Air Slash</strong>!<br></div><div class="battle-history"><small>(The opposing Garbodor lost <abbr title="−66/364">18.1%</abbr> of its health!)</small><br></div><div class="battle-history"><small>Banshee 🔥 lost some of its HP!</small><br></div><div class="spacer battle-history"><br></div><div class="battle-history">The opposing Garbodor fainted!<br></div><div class="spacer battle-history"><br></div><div class="battle-history">MelCake sent out <strong>Xatu</strong>!<br></div><div class="battle-history"><small>Pointed stones dug into the opposing Xatu!</small><br></div><div class="spacer battle-history"><br></div><h2 class="battle-history">Turn 10</h2><div class="spacer battle-history"><br></div><div class="battle-history">Banshee 🔥 used <strong>Fire Blast</strong>!<br></div><div class="battle-history"><small>(The opposing Xatu lost <abbr title="−251/334">75.1%</abbr> of its health!)</small><br></div><div class="battle-history"><small>Banshee 🔥 lost some of its HP!</small><br></div><div class="spacer battle-history"><br></div><div class="battle-history">The opposing Xatu fainted!<br></div><div class="spacer battle-history"><br></div><div class="battle-history">MelCake sent out <strong>Audino</strong>!<br></div><div class="battle-history"><small>Pointed stones dug into the opposing Audino!</small><br></div><div class="spacer battle-history"><br></div><h2 class="battle-history">Turn 11</h2><div class="spacer battle-history"><br></div><div class="battle-history"><small>The opposing Audino's Audinite is reacting to MelCake's Mega Bracelet!</small><br>The opposing Audino has Mega Evolved into Mega Audino!<br></div><div class="spacer battle-history"><br></div><div class="battle-history">Banshee 🔥 used <strong>Fire Blast</strong>!<br></div><div class="battle-history"><small>(The opposing Audino lost <abbr title="−257/410">62.7%</abbr> of its health!)</small><br></div><div class="battle-history"><small>The opposing Audino was burned!</small><br></div><div class="battle-history"><small>Banshee 🔥 lost some of its HP!</small><br></div><div class="spacer battle-history"><br></div><div class="battle-history">The opposing Audino used <strong>Calm Mind</strong>!<br></div><div class="battle-history"><small>The opposing Audino's Special Attack rose!</small><br></div><div class="battle-history"><small>The opposing Audino's Special Defense rose!</small><br></div><div class="spacer battle-history"><br></div><div class="battle-history"><small>The opposing Audino was hurt by its burn!</small><br></div><div class="battle-history"><small>Your team's Reflect wore off!</small><br></div><div class="spacer battle-history"><br></div><h2 class="battle-history">Turn 12</h2><div class="spacer battle-history"><br></div><div class="battle-history">Banshee 🔥 used <strong>Air Slash</strong>!<br></div><div class="battle-history"><small>(The opposing Audino lost <abbr title="−51/410">12.4%</abbr> of its health!)</small><br></div><div class="battle-history"><small>Banshee 🔥 lost some of its HP!</small><br></div><div class="spacer battle-history"><br></div><div class="battle-history">The opposing Audino fainted!<br></div><div class="battle-history">Banshee 🔥 fainted!<br></div><div class="spacer battle-history"><br></div><div class="battle-history"><small>Your team's Light Screen wore off!</small><br></div><div class="spacer battle-history"><br></div><div class="battle-history">MelCake sent out <strong>Vivillon</strong>!<br></div><div class="spacer battle-history"><br></div><div class="battle-history">Go! Prophet of Regret (<strong>Mesprit</strong>)!<br></div><div class="battle-history"><small>Pointed stones dug into the opposing Vivillon!</small><br></div><div class="battle-history"><small>Pointed stones dug into Prophet of Regret!</small><br></div><div class="spacer battle-history"><br></div><h2 class="battle-history">Turn 13</h2><div class="spacer battle-history"><br></div><div class="battle-history">The opposing Vivillon used <strong>Quiver Dance</strong>!<br></div><div class="battle-history"><small>The opposing Vivillon's Special Attack rose!</small><br></div><div class="battle-history"><small>The opposing Vivillon's Special Defense rose!</small><br></div><div class="battle-history"><small>The opposing Vivillon's Speed rose!</small><br></div><div class="spacer battle-history"><br></div><div class="battle-history">Prophet of Regret used <strong>Thunder Wave</strong>!<br></div><div class="battle-history"><small>The opposing Vivillon is paralyzed! It may be unable to move!</small><br></div><div class="spacer battle-history"><br></div><div class="battle-history"><small>Prophet of Regret was hurt by poison!</small><br></div><div class="spacer battle-history"><br></div><h2 class="battle-history">Turn 14</h2><div class="spacer battle-history"><br></div><div class="battle-history">Prophet of Regret used <strong>Light Screen</strong>!<br></div><div class="battle-history"><small>Light Screen made your team stronger against special moves!</small><br></div><div class="spacer battle-history"><br></div><div class="battle-history">The opposing Vivillon used <strong>Hurricane</strong>!<br></div><div class="battle-history"><small>(Prophet of Regret lost <abbr title="−86/364">23.6%</abbr> of its health!)</small><br></div><div class="battle-history"><small>Prophet of Regret became confused!</small><br></div><div class="spacer battle-history"><br></div><div class="battle-history"><small>Prophet of Regret was hurt by poison!</small><br></div><div class="spacer battle-history"><br></div><h2 class="battle-history">Turn 15</h2><div class="spacer battle-history"><br></div><div class="battle-history"><small>Prophet of Regret is confused!</small><br></div><div class="battle-history">Prophet of Regret used <strong>U-turn</strong>!<br></div><div class="battle-history"><small>It's not very effective...</small><br></div><div class="battle-history"><small>(The opposing Vivillon lost <abbr title="−53/301">17.6%</abbr> of its health!)</small><br></div><div class="spacer battle-history"><br></div><div class="battle-history">Prophet of Regret went back to BrojinSiiiiiii!<br></div><div class="battle-history">Go! Lekgolo 🖼 (<strong>Regirock</strong>)!<br></div><div class="battle-history"><small>Pointed stones dug into Lekgolo 🖼!</small><br></div><div class="battle-history"><small>Lekgolo 🖼 is hurt by the spikes!</small><br></div><div class="spacer battle-history"><br></div><div class="battle-history">The opposing Vivillon used <strong>Hurricane</strong>!<br></div><div class="battle-history"><small>It's not very effective...</small><br></div><div class="battle-history"><small>(Lekgolo 🖼 lost <abbr title="−54/364">14.8%</abbr> of its health!)</small><br></div><div class="spacer battle-history"><br></div><div class="battle-history"><small>Lekgolo 🖼 restored a little HP using its Leftovers!</small><br></div><div class="battle-history"><small>Lekgolo 🖼 was hurt by poison!</small><br></div><div class="spacer battle-history"><br></div><h2 class="battle-history">Turn 16</h2><div class="spacer battle-history"><br></div><div class="battle-history">Lekgolo 🖼 used <strong>Explosion</strong>!<br></div><div class="battle-history"><small>(The opposing Vivillon lost <abbr title="−98/301">32.6%</abbr> of its health!)</small><br></div><div class="spacer battle-history"><br></div><div class="battle-history">Lekgolo 🖼 fainted!<br></div><div class="battle-history">The opposing Vivillon fainted!<br></div><div class="spacer battle-history"><br></div><div class="battle-history">MelCake sent out <strong>Lilligant</strong>!<br></div><div class="spacer battle-history"><br></div><div class="battle-history">Go! Prophet of Regret (<strong>Mesprit</strong>)!<br></div><div class="battle-history"><small>Pointed stones dug into the opposing Lilligant!</small><br></div><div class="battle-history"><small>Pointed stones dug into Prophet of Regret!</small><br></div><div class="spacer battle-history"><br></div><h2 class="battle-history">Turn 17</h2><div class="spacer battle-history"><br></div><div class="battle-history">The opposing Lilligant used <strong>Quiver Dance</strong>!<br></div><div class="battle-history"><small>The opposing Lilligant's Special Attack rose!</small><br></div><div class="battle-history"><small>The opposing Lilligant's Special Defense rose!</small><br></div><div class="battle-history"><small>The opposing Lilligant's Speed rose!</small><br></div><div class="spacer battle-history"><br></div><div class="battle-history">Prophet of Regret used <strong>Thunder Wave</strong>!<br></div><div class="battle-history"><small>The opposing Lilligant is paralyzed! It may be unable to move!</small><br></div><div class="spacer battle-history"><br></div><div class="battle-history"><small>Prophet of Regret was hurt by poison!</small><br></div><div class="spacer battle-history"><br></div><h2 class="battle-history">Turn 18</h2><div class="spacer battle-history"><br></div><div class="battle-history">Prophet of Regret used <strong>U-turn</strong>!<br></div><div class="battle-history"><small>It's super effective!</small><br></div><div class="battle-history"><small>(The opposing Lilligant lost <abbr title="−140/281">49.8%</abbr> of its health!)</small><br></div><div class="spacer battle-history"><br></div><div class="battle-history">Prophet of Regret went back to BrojinSiiiiiii!<br></div><div class="battle-history">Go! Energy Sword 💘 (<strong>Samurott</strong>)!<br></div><div class="battle-history"><small>Energy Sword 💘 is hurt by the spikes!</small><br></div><div class="battle-history"><small>Pointed stones dug into Energy Sword 💘!</small><br></div><div class="spacer battle-history"><br></div><div class="battle-history">The opposing Lilligant used <strong>Quiver Dance</strong>!<br></div><div class="battle-history"><small>The opposing Lilligant's Special Attack rose!</small><br></div><div class="battle-history"><small>The opposing Lilligant's Special Defense rose!</small><br></div><div class="battle-history"><small>The opposing Lilligant's Speed rose!</small><br></div><div class="spacer battle-history"><br></div><h2 class="battle-history">Turn 19</h2><div class="spacer battle-history"><br></div><div class="battle-history">Energy Sword 💘 used <strong>Megahorn</strong>!<br></div><div class="battle-history"><small>It's super effective!</small><br></div><div class="battle-history"><small>(The opposing Lilligant lost <abbr title="−106/281">37.7%</abbr> of its health!)</small><br></div><div class="spacer battle-history"><br></div><div class="battle-history">The opposing Lilligant fainted!<br></div><div class="spacer battle-history"><br></div><div class="battle-history"><strong>BrojinSiiiiiii</strong> won the battle!<br></div><div class="chat"><small>MelCake left.</small></div></div><div class="inner-preempt"></div></div></div>
</div>
<script>
let daily = Math.floor(Date.now()/1000/60/60/24);document.write('<script src="https://play.pokemonshowdown.com/js/replay-embed.js?version'+daily+'"></'+'script>');
</script>
