<!DOCTYPE html>
<meta charset="utf-8" />
<!-- version 1 -->
<title>NU replay: Shadestep vs. Shadowtags</title>
<style>
html,body {font-family:Verdana, sans-serif;font-size:10pt;margin:0;padding:0;}body{padding:12px 0;} .battle-log {font-family:Verdana, sans-serif;font-size:10pt;} .battle-log-inline {border:1px solid #AAAAAA;background:#EEF2F5;color:black;max-width:640px;margin:0 auto 80px;padding-bottom:5px;} .battle-log .inner {padding:4px 8px 0px 8px;} .battle-log .inner-preempt {padding:0 8px 4px 8px;} .battle-log .inner-after {margin-top:0.5em;} .battle-log h2 {margin:0.5em -8px;padding:4px 8px;border:1px solid #AAAAAA;background:#E0E7EA;border-left:0;border-right:0;font-family:Verdana, sans-serif;font-size:13pt;} .battle-log .chat {vertical-align:middle;padding:3px 0 3px 0;font-size:8pt;} .battle-log .chat strong {color:#40576A;} .battle-log .chat em {padding:1px 4px 1px 3px;color:#000000;font-style:normal;} .chat.mine {background:rgba(0,0,0,0.05);margin-left:-8px;margin-right:-8px;padding-left:8px;padding-right:8px;} .spoiler {color:#BBBBBB;background:#BBBBBB;padding:0px 3px;} .spoiler:hover, .spoiler:active, .spoiler-shown {color:#000000;background:#E2E2E2;padding:0px 3px;} .spoiler a {color:#BBBBBB;} .spoiler:hover a, .spoiler:active a, .spoiler-shown a {color:#2288CC;} .chat code, .chat .spoiler:hover code, .chat .spoiler:active code, .chat .spoiler-shown code {border:1px solid #C0C0C0;background:#EEEEEE;color:black;padding:0 2px;} .chat .spoiler code {border:1px solid #CCCCCC;background:#CCCCCC;color:#CCCCCC;} .battle-log .rated {padding:3px 4px;} .battle-log .rated strong {color:white;background:#89A;padding:1px 4px;border-radius:4px;} .spacer {margin-top:0.5em;} .message-announce {background:#6688AA;color:white;padding:1px 4px 2px;} .message-announce a, .broadcast-green a, .broadcast-blue a, .broadcast-red a {color:#DDEEFF;} .broadcast-green {background-color:#559955;color:white;padding:2px 4px;} .broadcast-blue {background-color:#6688AA;color:white;padding:2px 4px;} .infobox {border:1px solid #6688AA;padding:2px 4px;} .infobox-limited {max-height:200px;overflow:auto;overflow-x:hidden;} .broadcast-red {background-color:#AA5544;color:white;padding:2px 4px;} .message-learn-canlearn {font-weight:bold;color:#228822;text-decoration:underline;} .message-learn-cannotlearn {font-weight:bold;color:#CC2222;text-decoration:underline;} .message-effect-weak {font-weight:bold;color:#CC2222;} .message-effect-resist {font-weight:bold;color:#6688AA;} .message-effect-immune {font-weight:bold;color:#666666;} .message-learn-list {margin-top:0;margin-bottom:0;} .message-throttle-notice, .message-error {color:#992222;} .message-overflow, .chat small.message-overflow {font-size:0pt;} .message-overflow::before {font-size:9pt;content:'...';} .subtle {color:#3A4A66;}
</style>
<div class="wrapper replay-wrapper" style="max-width:1180px;margin:0 auto">
<input type="hidden" name="replayid" value="nu-530513954" />
<div class="battle"></div><div class="battle-log"></div><div class="replay-controls"></div><div class="replay-controls-2"></div>
<h1 style="font-weight:normal;text-align:center"><strong>NU</strong><br /><a href="http://pokemonshowdown.com/users/shadestep" class="subtle" target="_blank">Shadestep</a> vs. <a href="http://pokemonshowdown.com/users/shadowtags" class="subtle" target="_blank">Shadowtags</a></h1>
<script type="text/plain" class="battle-log-data">|j|Shadestep
|j|Shadowtags
|player|p1|Shadestep|237
|player|p2|Shadowtags|#shadowtags
|gametype|singles
|gen|6
|tier|NU
|seed|37262,57551,60970,58354
|rule|Sleep Clause Mod: Limit one foe put to sleep
|rule|Species Clause: Limit one of each Pokémon
|rule|OHKO Clause: OHKO moves are banned
|rule|Moody Clause: Moody is banned
|rule|Evasion Moves Clause: Evasion moves are banned
|rule|Endless Battle Clause: Forcing endless battles is banned
|rule|HP Percentage Mod: HP is shown in percentages
|clearpoke
|poke|p1|Garbodor, F|item
|poke|p1|Shiftry, F|item
|poke|p1|Lanturn, F|item
|poke|p1|Mesprit|item
|poke|p1|Steelix, M|item
|poke|p1|Swellow, M|item
|poke|p2|Frogadier, M|item
|poke|p2|Rhydon, F|item
|poke|p2|Rotom|item
|poke|p2|Tauros, M|item
|poke|p2|Vileplume, F|item
|poke|p2|Grumpig, F|item
|rule|Swagger Clause: Swagger is banned
|rule|Baton Pass Clause: Limit one Baton Passer, can't pass Spe and other stats simultaneously
|teampreview
|c|★Shadestep|who do u think made this
|c|★Shadowtags|u
|c|★Shadestep|tru
|c|★Shadestep|but with who
|c|★Shadowtags|umm
|choice|team 4, team 2, team 3, team 1, team 5, team 6|team 3, team 2, team 1, team 4, team 5, team 6
|
|start
|switch|p1a: Mesprit|Mesprit|301\/301
|switch|p2a: Rotom|Rotom|241\/241
|turn|1
|c|★Shadowtags|maybe hjad
|choice|switch 3|move trick
|
|switch|p1a: Lanturn|Lanturn, F|401\/401
|move|p2a: Rotom|Trick|p1a: Lanturn
|-activate|p2a: Rotom|move: Trick|[of] p1a: Lanturn
|-item|p1a: Lanturn|Choice Scarf|[from] move: Trick
|-item|p2a: Rotom|Leftovers|[from] move: Trick
|
|upkeep
|turn|2
|c|★Shadestep|f
|c|★Shadestep|no
|c|★Shadestep|jarii obv
|c|★Shadowtags|knew it was a euro
|c|★Shadowtags|lolol
|choice|move scald|move shadowball
|
|move|p2a: Rotom|Shadow Ball|p1a: Lanturn
|-damage|p1a: Lanturn|292\/401
|-unboost|p1a: Lanturn|spd|1
|move|p1a: Lanturn|Scald|p2a: Rotom
|-damage|p2a: Rotom|144\/241
|
|-heal|p2a: Rotom|159\/241|[from] item: Leftovers
|upkeep
|turn|3
|c|★Shadestep|loool
|choice|switch 6|switch 6
|
|switch|p2a: Grumpig|Grumpig, F|364\/364
|switch|p1a: Swellow|Swellow, M|261\/261
|
|upkeep
|turn|4
|choice|move boomburst|move signalbeam
|
|move|p1a: Swellow|Boomburst|p2a: Grumpig
|-damage|p2a: Grumpig|265\/364
|move|p2a: Grumpig|Signal Beam|p1a: Swellow
|-resisted|p1a: Swellow
|-damage|p1a: Swellow|205\/261
|
|upkeep
|turn|5
|choice|switch 2|move focusblast
|
|switch|p1a: Shiftry|Shiftry, F|321\/321
|move|p2a: Grumpig|Focus Blast|p1a: Shiftry
|-supereffective|p1a: Shiftry
|-damage|p1a: Shiftry|0 fnt
|faint|p1a: Shiftry
|
|upkeep
|c|★Shadowtags|lolol
|c|★Shadestep|..
|choice|switch 3|
|
|switch|p1a: Mesprit|Mesprit|301\/301
|turn|6
|choice|switch 2|move signalbeam
|
|switch|p1a: Swellow|Swellow, M|205\/261
|move|p2a: Grumpig|Signal Beam|p1a: Swellow
|-resisted|p1a: Swellow
|-damage|p1a: Swellow|143\/261
|
|upkeep
|turn|7
|choice|move substitute|move psychic
|
|move|p1a: Swellow|Substitute|p1a: Swellow
|-start|p1a: Swellow|Substitute
|-damage|p1a: Swellow|78\/261
|move|p2a: Grumpig|Psychic|p1a: Swellow
|-end|p1a: Swellow|Substitute
|
|upkeep
|turn|8
|c|★Shadowtags|tf u doin
|c|★Shadowtags|lolol
|choice|move substitute|move psychic
|
|move|p1a: Swellow|Substitute|p1a: Swellow
|-start|p1a: Swellow|Substitute
|-damage|p1a: Swellow|13\/261
|move|p2a: Grumpig|Psychic|p1a: Swellow
|-end|p1a: Swellow|Substitute
|
|upkeep
|turn|9
|c|★Shadestep|bro fuck this pos mon
|choice|move endeavor|switch 6
|
|switch|p2a: Rotom|Rotom|159\/241
|move|p1a: Swellow|Endeavor|p2a: Rotom
|-damage|p2a: Rotom|13\/241
|
|-heal|p2a: Rotom|28\/241|[from] item: Leftovers
|upkeep
|turn|10
|c|★Shadestep|yea u done fucked up
|c|★Shadestep|kek
|c|★Shadowtags|thought it wouldnt work lol
|choice|move boomburst|move thunderbolt
|
|move|p1a: Swellow|Boomburst|p2a: Rotom
|-damage|p2a: Rotom|0 fnt
|faint|p2a: Rotom
|
|upkeep
|choice||switch 2
|
|switch|p2a: Rhydon|Rhydon, F|414\/414
|turn|11
|choice|move endeavor|move rockblast
|
|move|p1a: Swellow|Endeavor|p2a: Rhydon
|-damage|p2a: Rhydon|13\/414
|move|p2a: Rhydon|Rock Blast|p1a: Swellow
|-supereffective|p1a: Swellow
|-damage|p1a: Swellow|0 fnt
|-hitcount|p1a: Swellow|1
|faint|p1a: Swellow
|
|upkeep
|c|★Shadestep|sry
|c|★Shadestep|was fuckin u bitch
|choice|switch 4|
|
|switch|p1a: Garbodor|Garbodor, F|301\/301
|turn|12
|c|★Shadestep|rain drop
|choice|move seedbomb|switch 6
|
|switch|p2a: Grumpig|Grumpig, F|265\/364
|move|p1a: Garbodor|Seed Bomb|p2a: Grumpig
|-damage|p2a: Grumpig|152\/364
|
|upkeep
|turn|13
|c|★Shadestep|drop top
|c|★Shadestep|hillary deleted 30.000 emails from her laptop
|choice|move gunkshot|move psychic
|
|move|p1a: Garbodor|Gunk Shot|p2a: Grumpig
|-damage|p2a: Grumpig|0 fnt
|faint|p2a: Grumpig
|
|upkeep
|c|★Shadowtags|wow thats fast
|choice||switch 4
|
|switch|p2a: Tauros|Tauros, M|291\/291
|-ability|p2a: Tauros|Intimidate|boost
|-unboost|p1a: Garbodor|atk|1
|turn|14
|c|★Shadestep|niggas whomst'd've're run fast garbodor
|c|★Shadowtags|same
|choice|switch 2|move earthquake
|
|switch|p1a: Mesprit|Mesprit|301\/301
|move|p2a: Tauros|Earthquake|p1a: Mesprit
|-immune|p1a: Mesprit|[msg]|[from] ability: Levitate
|
|upkeep
|turn|15
|choice|move psychic|switch 6
|
|switch|p2a: Rhydon|Rhydon, F|13\/414
|move|p1a: Mesprit|Psychic|p2a: Rhydon
|-damage|p2a: Rhydon|0 fnt
|faint|p2a: Rhydon
|
|upkeep
|choice||switch 6
|
|switch|p2a: Tauros|Tauros, M|291\/291
|-ability|p2a: Tauros|Intimidate|boost
|-unboost|p1a: Mesprit|atk|1
|turn|16
|j|S-Arcobaleno
|choice|switch 5|move pursuit
|
|-activate|p1a: Mesprit|move: Pursuit
|move|p2a: Tauros|Pursuit|p1a: Mesprit|[from]Pursuit
|-supereffective|p1a: Mesprit
|-damage|p1a: Mesprit|77\/301
|switch|p1a: highlights|Steelix, M|352\/352
|
|upkeep
|turn|17
|c|★Shadestep|if i win i get drivers back
|c|★Shadowtags|ok
|choice|move stealthrock|switch 5
|
|switch|p2a: Vileplume|Vileplume, F|350\/350
|move|p1a: highlights|Stealth Rock|p2a: Vileplume
|-sidestart|p2: Shadowtags|move: Stealth Rock
|
|upkeep
|turn|18
|choice|switch 2|move gigadrain
|
|switch|p1a: Garbodor|Garbodor, F|301\/301
|move|p2a: Vileplume|Giga Drain|p1a: Garbodor
|-resisted|p1a: Garbodor
|-damage|p1a: Garbodor|245\/301
|
|upkeep
|turn|19
|choice|move spikes|switch 5
|
|switch|p2a: Tauros|Tauros, M|291\/291
|-damage|p2a: Tauros|255\/291|[from] Stealth Rock
|-ability|p2a: Tauros|Intimidate|boost
|-unboost|p1a: Garbodor|atk|1
|move|p1a: Garbodor|Spikes|p2a: Tauros
|-sidestart|p2: Shadowtags|Spikes
|
|upkeep
|turn|20
|choice|switch 2|move earthquake
|
|switch|p1a: highlights|Steelix, M|352\/352
|move|p2a: Tauros|Earthquake|p1a: highlights
|-supereffective|p1a: highlights
|-damage|p1a: highlights|182\/352
|
|-heal|p1a: highlights|204\/352|[from] item: Leftovers
|upkeep
|turn|21
|choice|move earthquake|move earthquake
|
|move|p2a: Tauros|Earthquake|p1a: highlights
|-supereffective|p1a: highlights
|-damage|p1a: highlights|56\/352
|move|p1a: highlights|Earthquake|p2a: Tauros
|-damage|p2a: Tauros|116\/291
|
|-heal|p1a: highlights|78\/352|[from] item: Leftovers
|upkeep
|turn|22
|choice|move earthquake|move earthquake
|
|move|p2a: Tauros|Earthquake|p1a: highlights
|-supereffective|p1a: highlights
|-damage|p1a: highlights|0 fnt
|faint|p1a: highlights
|
|upkeep
|choice|switch 5|
|
|switch|p1a: Mesprit|Mesprit|77\/301
|turn|23
|choice|move psychic|switch 3
|
|switch|p2a: Frogadier|Frogadier, M|249\/249
|-damage|p2a: Frogadier|218\/249|[from] Spikes
|-damage|p2a: Frogadier|187\/249|[from] Stealth Rock
|move|p1a: Mesprit|Psychic|p2a: Frogadier
|-damage|p2a: Frogadier|0 fnt
|faint|p2a: Frogadier
|
|upkeep
|choice||switch 3
|
|switch|p2a: Tauros|Tauros, M|116\/291
|-damage|p2a: Tauros|80\/291|[from] Spikes
|-damage|p2a: Tauros|44\/291|[from] Stealth Rock
|-ability|p2a: Tauros|Intimidate|boost
|-unboost|p1a: Mesprit|atk|1
|turn|24
|c|★Shadestep|Bless Up.
|choice|switch 6|move pursuit
|
|-activate|p1a: Mesprit|move: Pursuit
|move|p2a: Tauros|Pursuit|p1a: Mesprit|[from]Pursuit
|-supereffective|p1a: Mesprit
|-damage|p1a: Mesprit|0 fnt
|faint|p1a: Mesprit
|
|upkeep
|c|★Shadowtags|hope u arent boom garb
|choice|switch 2|
|
|switch|p1a: Garbodor|Garbodor, F|245\/301
|turn|25
|choice|move seedbomb|move pursuit
|
|move|p2a: Tauros|Pursuit|p1a: Garbodor
|-damage|p1a: Garbodor|174\/301
|move|p1a: Garbodor|Seed Bomb|p2a: Tauros
|-damage|p2a: Tauros|0 fnt
|faint|p2a: Tauros
|
|upkeep
|choice||switch 5
|
|switch|p2a: Vileplume|Vileplume, F|350\/350
|-damage|p2a: Vileplume|307\/350|[from] Stealth Rock
|-damage|p2a: Vileplume|264\/350|[from] Spikes
|turn|26
|choice|move explosion|move moonlight
|
|move|p1a: Garbodor|Explosion|p2a: Vileplume
|-enditem|p1a: Garbodor|Normal Gem|[from] gem|[move] Explosion
|-damage|p2a: Vileplume|6\/350
|faint|p1a: Garbodor
|move|p2a: Vileplume|Moonlight|p2a: Vileplume
|-heal|p2a: Vileplume|181\/350
|
|-heal|p2a: Vileplume|202\/350|[from] item: Black Sludge
|upkeep
|c|★Shadestep|0EIWRHOGJWEFPHUO
|c|★Shadestep|NO
|c|★Shadestep|UWROHGJLEFSDVUOJ
|c|★Shadestep|9QWEGR]FH8W
|c|★Shadowtags|lolol
|c|★Shadestep|U CANT BE SERIOUS
|c|★Shadestep|WTF
|c|★Shadowtags|hard body
|c|★Shadestep|bg
|c|★Shadestep|noob
|-message|Shadestep forfeited.
|
|win|Shadowtags
|player|p1
|player|p2
|c|★Shadestep|u didnt win
|c|★Shadestep|u didnt kill all my pokemon
|c|★Shadestep|noob xD
|j|marilli。</script>
</div>
<div class="battle-log battle-log-inline"><div class="inner"><div class="battle-options"></div><div class="inner"><div class="chat"><small>Shadestep joined.</small></div><div class="chat"><small>Shadowtags joined.</small></div><div class=""><small>Format:</small> <br><strong>NU</strong></div><div class=""><small><em>Sleep Clause Mod:</em> Limit one foe put to sleep</small></div><div class=""><small><em>Species Clause:</em> Limit one of each Pokémon</small></div><div class=""><small><em>OHKO Clause:</em> OHKO moves are banned</small></div><div class=""><small><em>Moody Clause:</em> Moody is banned</small></div><div class=""><small><em>Evasion Moves Clause:</em> Evasion moves are banned</small></div><div class=""><small><em>Endless Battle Clause:</em> Forcing endless battles is banned</small></div><div class=""><small><em>HP Percentage Mod:</em> HP is shown in percentages</small></div><div class=""><small><em>Swagger Clause:</em> Swagger is banned</small></div><div class=""><small><em>Baton Pass Clause:</em> Limit one Baton Passer, can't pass Spe and other stats simultaneously</small></div><div class="chat battle-history"><strong>Shadestep's team:</strong> <em style="color:#445566;display:block;">Garbodor / Shiftry / Lanturn / Mesprit / Steelix / Swellow</em></div><div class="chat battle-history"><strong>Shadowtags's team:</strong> <em style="color:#445566;display:block;">Frogadier / Rhydon / Rotom / Tauros / Vileplume / Grumpig</em></div><div class="chat chatmessage-shadestep"><strong style="color:hsl(348,69%,49.13556749513967%)"><small>★</small><span class="username" data-name="Shadestep">Shadestep</span>:</strong> <em>who do u think made this</em></div><div class="chat chatmessage-shadowtags"><strong style="color:hsl(126,46%,34%)"><small>★</small><span class="username" data-name="Shadowtags">Shadowtags</span>:</strong> <em>u</em></div><div class="chat chatmessage-shadestep"><strong style="color:hsl(348,69%,49.13556749513967%)"><small>★</small><span class="username" data-name="Shadestep">Shadestep</span>:</strong> <em>tru</em></div><div class="chat chatmessage-shadestep"><strong style="color:hsl(348,69%,49.13556749513967%)"><small>★</small><span class="username" data-name="Shadestep">Shadestep</span>:</strong> <em>but with who</em></div><div class="chat chatmessage-shadowtags"><strong style="color:hsl(126,46%,34%)"><small>★</small><span class="username" data-name="Shadowtags">Shadowtags</span>:</strong> <em>umm</em></div><div class="spacer battle-history"><br></div><div class="battle-history">Battle started between Shadestep and Shadowtags!<br></div><div class="spacer battle-history"><br></div><div class="battle-history">Go! <strong>Mesprit</strong>!<br></div><div class="spacer battle-history"><br></div><div class="battle-history">Shadowtags sent out <strong>Rotom</strong>!<br></div><div class="spacer battle-history"><br></div><h2 class="battle-history">Turn 1</h2><div class="chat chatmessage-shadowtags"><strong style="color:hsl(126,46%,34%)"><small>★</small><span class="username" data-name="Shadowtags">Shadowtags</span>:</strong> <em>maybe hjad</em></div><div class="spacer battle-history"><br></div><div class="battle-history">Mesprit, come back!<br></div><div class="battle-history">Go! <strong>Lanturn</strong>!<br></div><div class="spacer battle-history"><br></div><div class="battle-history">The opposing Rotom used <strong>Trick</strong>!<br></div><div class="battle-history"><small>The opposing Rotom switched items with its target!</small><br></div><div class="battle-history"><small>Lanturn obtained one Choice Scarf.</small><br></div><div class="battle-history"><small>The opposing Rotom obtained one Leftovers.</small><br></div><div class="spacer battle-history"><br></div><h2 class="battle-history">Turn 2</h2><div class="chat chatmessage-shadestep"><strong style="color:hsl(348,69%,49.13556749513967%)"><small>★</small><span class="username" data-name="Shadestep">Shadestep</span>:</strong> <em>f</em></div><div class="chat chatmessage-shadestep"><strong style="color:hsl(348,69%,49.13556749513967%)"><small>★</small><span class="username" data-name="Shadestep">Shadestep</span>:</strong> <em>no</em></div><div class="chat chatmessage-shadestep"><strong style="color:hsl(348,69%,49.13556749513967%)"><small>★</small><span class="username" data-name="Shadestep">Shadestep</span>:</strong> <em>jarii obv</em></div><div class="chat chatmessage-shadowtags"><strong style="color:hsl(126,46%,34%)"><small>★</small><span class="username" data-name="Shadowtags">Shadowtags</span>:</strong> <em>knew it was a euro</em></div><div class="chat chatmessage-shadowtags"><strong style="color:hsl(126,46%,34%)"><small>★</small><span class="username" data-name="Shadowtags">Shadowtags</span>:</strong> <em>lolol</em></div><div class="spacer battle-history"><br></div><div class="battle-history">The opposing Rotom used <strong>Shadow Ball</strong>!<br></div><div class="battle-history"><small>(Lanturn lost <abbr title="−109/401">27.2%</abbr> of its health!)</small><br></div><div class="battle-history"><small>Lanturn's Special Defense fell!</small><br></div><div class="spacer battle-history"><br></div><div class="battle-history">Lanturn used <strong>Scald</strong>!<br></div><div class="battle-history"><small>(The opposing Rotom lost <abbr title="−97/241">40.2%</abbr> of its health!)</small><br></div><div class="spacer battle-history"><br></div><div class="battle-history"><small>The opposing Rotom restored a little HP using its Leftovers!</small><br></div><div class="spacer battle-history"><br></div><h2 class="battle-history">Turn 3</h2><div class="chat chatmessage-shadestep"><strong style="color:hsl(348,69%,49.13556749513967%)"><small>★</small><span class="username" data-name="Shadestep">Shadestep</span>:</strong> <em>loool</em></div><div class="spacer battle-history"><br></div><div class="battle-history">Shadowtags withdrew Rotom!<br></div><div class="battle-history">Shadowtags sent out <strong>Grumpig</strong>!<br></div><div class="spacer battle-history"><br></div><div class="battle-history">Lanturn, come back!<br></div><div class="battle-history">Go! <strong>Swellow</strong>!<br></div><div class="spacer battle-history"><br></div><h2 class="battle-history">Turn 4</h2><div class="spacer battle-history"><br></div><div class="battle-history">Swellow used <strong>Boomburst</strong>!<br></div><div class="battle-history"><small>(The opposing Grumpig lost <abbr title="−99/364">27.2%</abbr> of its health!)</small><br></div><div class="spacer battle-history"><br></div><div class="battle-history">The opposing Grumpig used <strong>Signal Beam</strong>!<br></div><div class="battle-history"><small>It's not very effective...</small><br></div><div class="battle-history"><small>(Swellow lost <abbr title="−56/261">21.5%</abbr> of its health!)</small><br></div><div class="spacer battle-history"><br></div><h2 class="battle-history">Turn 5</h2><div class="spacer battle-history"><br></div><div class="battle-history">Swellow, come back!<br></div><div class="battle-history">Go! <strong>Shiftry</strong>!<br></div><div class="spacer battle-history"><br></div><div class="battle-history">The opposing Grumpig used <strong>Focus Blast</strong>!<br></div><div class="battle-history"><small>It's super effective!</small><br></div><div class="battle-history"><small>(Shiftry lost <abbr title="−321/321">100%</abbr> of its health!)</small><br></div><div class="spacer battle-history"><br></div><div class="battle-history">Shiftry fainted!<br></div><div class="chat chatmessage-shadowtags"><strong style="color:hsl(126,46%,34%)"><small>★</small><span class="username" data-name="Shadowtags">Shadowtags</span>:</strong> <em>lolol</em></div><div class="chat chatmessage-shadestep"><strong style="color:hsl(348,69%,49.13556749513967%)"><small>★</small><span class="username" data-name="Shadestep">Shadestep</span>:</strong> <em>..</em></div><div class="spacer battle-history"><br></div><div class="battle-history">Go! <strong>Mesprit</strong>!<br></div><div class="spacer battle-history"><br></div><h2 class="battle-history">Turn 6</h2><div class="spacer battle-history"><br></div><div class="battle-history">Mesprit, come back!<br></div><div class="battle-history">Go! <strong>Swellow</strong>!<br></div><div class="spacer battle-history"><br></div><div class="battle-history">The opposing Grumpig used <strong>Signal Beam</strong>!<br></div><div class="battle-history"><small>It's not very effective...</small><br></div><div class="battle-history"><small>(Swellow lost <abbr title="−62/261">23.8%</abbr> of its health!)</small><br></div><div class="spacer battle-history"><br></div><h2 class="battle-history">Turn 7</h2><div class="spacer battle-history"><br></div><div class="battle-history">Swellow used <strong>Substitute</strong>!<br></div><div class="battle-history"><small>Swellow put in a substitute!</small><br></div><div class="battle-history"><small>(Swellow lost <abbr title="−65/261">24.9%</abbr> of its health!)</small><br></div><div class="spacer battle-history"><br></div><div class="battle-history">The opposing Grumpig used <strong>Psychic</strong>!<br></div><div class="battle-history"><small>Swellow's substitute faded!</small><br></div><div class="spacer battle-history"><br></div><h2 class="battle-history">Turn 8</h2><div class="chat chatmessage-shadowtags"><strong style="color:hsl(126,46%,34%)"><small>★</small><span class="username" data-name="Shadowtags">Shadowtags</span>:</strong> <em>tf u doin</em></div><div class="chat chatmessage-shadowtags"><strong style="color:hsl(126,46%,34%)"><small>★</small><span class="username" data-name="Shadowtags">Shadowtags</span>:</strong> <em>lolol</em></div><div class="spacer battle-history"><br></div><div class="battle-history">Swellow used <strong>Substitute</strong>!<br></div><div class="battle-history"><small>Swellow put in a substitute!</small><br></div><div class="battle-history"><small>(Swellow lost <abbr title="−65/261">24.9%</abbr> of its health!)</small><br></div><div class="spacer battle-history"><br></div><div class="battle-history">The opposing Grumpig used <strong>Psychic</strong>!<br></div><div class="battle-history"><small>Swellow's substitute faded!</small><br></div><div class="spacer battle-history"><br></div><h2 class="battle-history">Turn 9</h2><div class="chat chatmessage-shadestep"><strong style="color:hsl(348,69%,49.13556749513967%)"><small>★</small><span class="username" data-name="Shadestep">Shadestep</span>:</strong> <em>bro fuck this pos mon</em></div><div class="spacer battle-history"><br></div><div class="battle-history">Shadowtags withdrew Grumpig!<br></div><div class="battle-history">Shadowtags sent out <strong>Rotom</strong>!<br></div><div class="spacer battle-history"><br></div><div class="battle-history">Swellow used <strong>Endeavor</strong>!<br></div><div class="battle-history"><small>(The opposing Rotom lost <abbr title="−146/241">60.6%</abbr> of its health!)</small><br></div><div class="spacer battle-history"><br></div><div class="battle-history"><small>The opposing Rotom restored a little HP using its Leftovers!</small><br></div><div class="spacer battle-history"><br></div><h2 class="battle-history">Turn 10</h2><div class="chat chatmessage-shadestep"><strong style="color:hsl(348,69%,49.13556749513967%)"><small>★</small><span class="username" data-name="Shadestep">Shadestep</span>:</strong> <em>yea u done fucked up</em></div><div class="chat chatmessage-shadestep"><strong style="color:hsl(348,69%,49.13556749513967%)"><small>★</small><span class="username" data-name="Shadestep">Shadestep</span>:</strong> <em>kek</em></div><div class="chat chatmessage-shadowtags"><strong style="color:hsl(126,46%,34%)"><small>★</small><span class="username" data-name="Shadowtags">Shadowtags</span>:</strong> <em>thought it wouldnt work lol</em></div><div class="spacer battle-history"><br></div><div class="battle-history">Swellow used <strong>Boomburst</strong>!<br></div><div class="battle-history"><small>(The opposing Rotom lost <abbr title="−28/241">11.6%</abbr> of its health!)</small><br></div><div class="spacer battle-history"><br></div><div class="battle-history">The opposing Rotom fainted!<br></div><div class="spacer battle-history"><br></div><div class="battle-history">Shadowtags sent out <strong>Rhydon</strong>!<br></div><div class="spacer battle-history"><br></div><h2 class="battle-history">Turn 11</h2><div class="spacer battle-history"><br></div><div class="battle-history">Swellow used <strong>Endeavor</strong>!<br></div><div class="battle-history"><small>(The opposing Rhydon lost <abbr title="−401/414">96.9%</abbr> of its health!)</small><br></div><div class="spacer battle-history"><br></div><div class="battle-history">The opposing Rhydon used <strong>Rock Blast</strong>!<br></div><div class="battle-history"><small>It's super effective!</small><br></div><div class="battle-history"><small>(Swellow lost <abbr title="−13/261">5.0%</abbr> of its health!)</small><br></div><div class="battle-history"><small>Hit 1 time!</small><br></div><div class="spacer battle-history"><br></div><div class="battle-history">Swellow fainted!<br></div><div class="chat chatmessage-shadestep"><strong style="color:hsl(348,69%,49.13556749513967%)"><small>★</small><span class="username" data-name="Shadestep">Shadestep</span>:</strong> <em>sry</em></div><div class="chat chatmessage-shadestep"><strong style="color:hsl(348,69%,49.13556749513967%)"><small>★</small><span class="username" data-name="Shadestep">Shadestep</span>:</strong> <em>was fuckin u bitch</em></div><div class="spacer battle-history"><br></div><div class="battle-history">Go! <strong>Garbodor</strong>!<br></div><div class="spacer battle-history"><br></div><h2 class="battle-history">Turn 12</h2><div class="chat chatmessage-shadestep"><strong style="color:hsl(348,69%,49.13556749513967%)"><small>★</small><span class="username" data-name="Shadestep">Shadestep</span>:</strong> <em>rain drop</em></div><div class="spacer battle-history"><br></div><div class="battle-history">Shadowtags withdrew Rhydon!<br></div><div class="battle-history">Shadowtags sent out <strong>Grumpig</strong>!<br></div><div class="spacer battle-history"><br></div><div class="battle-history">Garbodor used <strong>Seed Bomb</strong>!<br></div><div class="battle-history"><small>(The opposing Grumpig lost <abbr title="−113/364">31.0%</abbr> of its health!)</small><br></div><div class="spacer battle-history"><br></div><h2 class="battle-history">Turn 13</h2><div class="chat chatmessage-shadestep"><strong style="color:hsl(348,69%,49.13556749513967%)"><small>★</small><span class="username" data-name="Shadestep">Shadestep</span>:</strong> <em>drop top</em></div><div class="chat chatmessage-shadestep"><strong style="color:hsl(348,69%,49.13556749513967%)"><small>★</small><span class="username" data-name="Shadestep">Shadestep</span>:</strong> <em>hillary deleted 30.000 emails from her laptop</em></div><div class="spacer battle-history"><br></div><div class="battle-history">Garbodor used <strong>Gunk Shot</strong>!<br></div><div class="battle-history"><small>(The opposing Grumpig lost <abbr title="−152/364">41.8%</abbr> of its health!)</small><br></div><div class="spacer battle-history"><br></div><div class="battle-history">The opposing Grumpig fainted!<br></div><div class="chat chatmessage-shadowtags"><strong style="color:hsl(126,46%,34%)"><small>★</small><span class="username" data-name="Shadowtags">Shadowtags</span>:</strong> <em>wow thats fast</em></div><div class="spacer battle-history"><br></div><div class="battle-history">Shadowtags sent out <strong>Tauros</strong>!<br></div><div class="battle-history"><small>[The opposing Tauros's Intimidate]</small><br></div><div class="battle-history"><small>Garbodor's Attack fell!</small><br></div><div class="spacer battle-history"><br></div><h2 class="battle-history">Turn 14</h2><div class="chat chatmessage-shadestep"><strong style="color:hsl(348,69%,49.13556749513967%)"><small>★</small><span class="username" data-name="Shadestep">Shadestep</span>:</strong> <em>niggas whomst'd've're run fast garbodor</em></div><div class="chat chatmessage-shadowtags"><strong style="color:hsl(126,46%,34%)"><small>★</small><span class="username" data-name="Shadowtags">Shadowtags</span>:</strong> <em>same</em></div><div class="spacer battle-history"><br></div><div class="battle-history">Garbodor, come back!<br></div><div class="battle-history">Go! <strong>Mesprit</strong>!<br></div><div class="spacer battle-history"><br></div><div class="battle-history">The opposing Tauros used <strong>Earthquake</strong>!<br></div><div class="battle-history"><small>[Mesprit's Levitate]</small><br><small>It doesn't affect Mesprit...</small><br></div><div class="spacer battle-history"><br></div><h2 class="battle-history">Turn 15</h2><div class="spacer battle-history"><br></div><div class="battle-history">Shadowtags withdrew Tauros!<br></div><div class="battle-history">Shadowtags sent out <strong>Rhydon</strong>!<br></div><div class="spacer battle-history"><br></div><div class="battle-history">Mesprit used <strong>Psychic</strong>!<br></div><div class="battle-history"><small>(The opposing Rhydon lost <abbr title="−13/414">3.1%</abbr> of its health!)</small><br></div><div class="spacer battle-history"><br></div><div class="battle-history">The opposing Rhydon fainted!<br></div><div class="spacer battle-history"><br></div><div class="battle-history">Shadowtags sent out <strong>Tauros</strong>!<br></div><div class="battle-history"><small>[The opposing Tauros's Intimidate]</small><br></div><div class="battle-history"><small>Mesprit's Attack fell!</small><br></div><div class="spacer battle-history"><br></div><h2 class="battle-history">Turn 16</h2><div class="chat"><small>S-Arcobaleno joined.</small></div><div class="spacer battle-history"><br></div><div class="battle-history"><small>(Mesprit is being withdrawn...)</small><br></div><div class="spacer battle-history"><br></div><div class="battle-history">The opposing Tauros used <strong>Pursuit</strong>!<br></div><div class="battle-history"><small>It's super effective!</small><br></div><div class="battle-history"><small>(Mesprit lost <abbr title="−224/301">74.4%</abbr> of its health!)</small><br></div><div class="spacer battle-history"><br></div><div class="battle-history">Mesprit, come back!<br></div><div class="battle-history">Go! highlights (<strong>Steelix</strong>)!<br></div><div class="spacer battle-history"><br></div><h2 class="battle-history">Turn 17</h2><div class="chat chatmessage-shadestep"><strong style="color:hsl(348,69%,49.13556749513967%)"><small>★</small><span class="username" data-name="Shadestep">Shadestep</span>:</strong> <em>if i win i get drivers back</em></div><div class="chat chatmessage-shadowtags"><strong style="color:hsl(126,46%,34%)"><small>★</small><span class="username" data-name="Shadowtags">Shadowtags</span>:</strong> <em>ok</em></div><div class="spacer battle-history"><br></div><div class="battle-history">Shadowtags withdrew Tauros!<br></div><div class="battle-history">Shadowtags sent out <strong>Vileplume</strong>!<br></div><div class="spacer battle-history"><br></div><div class="battle-history">highlights used <strong>Stealth Rock</strong>!<br></div><div class="battle-history"><small>Pointed stones float in the air around the opposing team!</small><br></div><div class="spacer battle-history"><br></div><h2 class="battle-history">Turn 18</h2><div class="spacer battle-history"><br></div><div class="battle-history">highlights, come back!<br></div><div class="battle-history">Go! <strong>Garbodor</strong>!<br></div><div class="spacer battle-history"><br></div><div class="battle-history">The opposing Vileplume used <strong>Giga Drain</strong>!<br></div><div class="battle-history"><small>It's not very effective...</small><br></div><div class="battle-history"><small>(Garbodor lost <abbr title="−56/301">18.6%</abbr> of its health!)</small><br></div><div class="spacer battle-history"><br></div><h2 class="battle-history">Turn 19</h2><div class="spacer battle-history"><br></div><div class="battle-history">Shadowtags withdrew Vileplume!<br></div><div class="battle-history">Shadowtags sent out <strong>Tauros</strong>!<br></div><div class="battle-history"><small>Pointed stones dug into the opposing Tauros!</small><br></div><div class="battle-history"><small>[The opposing Tauros's Intimidate]</small><br></div><div class="battle-history"><small>Garbodor's Attack fell!</small><br></div><div class="spacer battle-history"><br></div><div class="battle-history">Garbodor used <strong>Spikes</strong>!<br></div><div class="battle-history"><small>Spikes were scattered on the ground all around the opposing team!</small><br></div><div class="spacer battle-history"><br></div><h2 class="battle-history">Turn 20</h2><div class="spacer battle-history"><br></div><div class="battle-history">Garbodor, come back!<br></div><div class="battle-history">Go! highlights (<strong>Steelix</strong>)!<br></div><div class="spacer battle-history"><br></div><div class="battle-history">The opposing Tauros used <strong>Earthquake</strong>!<br></div><div class="battle-history"><small>It's super effective!</small><br></div><div class="battle-history"><small>(highlights lost <abbr title="−170/352">48.3%</abbr> of its health!)</small><br></div><div class="spacer battle-history"><br></div><div class="battle-history"><small>highlights restored a little HP using its Leftovers!</small><br></div><div class="spacer battle-history"><br></div><h2 class="battle-history">Turn 21</h2><div class="spacer battle-history"><br></div><div class="battle-history">The opposing Tauros used <strong>Earthquake</strong>!<br></div><div class="battle-history"><small>It's super effective!</small><br></div><div class="battle-history"><small>(highlights lost <abbr title="−148/352">42.0%</abbr> of its health!)</small><br></div><div class="spacer battle-history"><br></div><div class="battle-history">highlights used <strong>Earthquake</strong>!<br></div><div class="battle-history"><small>(The opposing Tauros lost <abbr title="−139/291">47.8%</abbr> of its health!)</small><br></div><div class="spacer battle-history"><br></div><div class="battle-history"><small>highlights restored a little HP using its Leftovers!</small><br></div><div class="spacer battle-history"><br></div><h2 class="battle-history">Turn 22</h2><div class="spacer battle-history"><br></div><div class="battle-history">The opposing Tauros used <strong>Earthquake</strong>!<br></div><div class="battle-history"><small>It's super effective!</small><br></div><div class="battle-history"><small>(highlights lost <abbr title="−78/352">22.2%</abbr> of its health!)</small><br></div><div class="spacer battle-history"><br></div><div class="battle-history">highlights fainted!<br></div><div class="spacer battle-history"><br></div><div class="battle-history">Go! <strong>Mesprit</strong>!<br></div><div class="spacer battle-history"><br></div><h2 class="battle-history">Turn 23</h2><div class="spacer battle-history"><br></div><div class="battle-history">Shadowtags withdrew Tauros!<br></div><div class="battle-history">Shadowtags sent out <strong>Frogadier</strong>!<br></div><div class="battle-history"><small>The opposing Frogadier is hurt by the spikes!</small><br></div><div class="battle-history"><small>Pointed stones dug into the opposing Frogadier!</small><br></div><div class="spacer battle-history"><br></div><div class="battle-history">Mesprit used <strong>Psychic</strong>!<br></div><div class="battle-history"><small>(The opposing Frogadier lost <abbr title="−187/249">75.1%</abbr> of its health!)</small><br></div><div class="spacer battle-history"><br></div><div class="battle-history">The opposing Frogadier fainted!<br></div><div class="spacer battle-history"><br></div><div class="battle-history">Shadowtags sent out <strong>Tauros</strong>!<br></div><div class="battle-history"><small>The opposing Tauros is hurt by the spikes!</small><br></div><div class="battle-history"><small>Pointed stones dug into the opposing Tauros!</small><br></div><div class="battle-history"><small>[The opposing Tauros's Intimidate]</small><br></div><div class="battle-history"><small>Mesprit's Attack fell!</small><br></div><div class="spacer battle-history"><br></div><h2 class="battle-history">Turn 24</h2><div class="chat chatmessage-shadestep"><strong style="color:hsl(348,69%,49.13556749513967%)"><small>★</small><span class="username" data-name="Shadestep">Shadestep</span>:</strong> <em>Bless Up.</em></div><div class="spacer battle-history"><br></div><div class="battle-history"><small>(Mesprit is being withdrawn...)</small><br></div><div class="spacer battle-history"><br></div><div class="battle-history">The opposing Tauros used <strong>Pursuit</strong>!<br></div><div class="battle-history"><small>It's super effective!</small><br></div><div class="battle-history"><small>(Mesprit lost <abbr title="−77/301">25.6%</abbr> of its health!)</small><br></div><div class="spacer battle-history"><br></div><div class="battle-history">Mesprit fainted!<br></div><div class="chat chatmessage-shadowtags"><strong style="color:hsl(126,46%,34%)"><small>★</small><span class="username" data-name="Shadowtags">Shadowtags</span>:</strong> <em>hope u arent boom garb</em></div><div class="spacer battle-history"><br></div><div class="battle-history">Go! <strong>Garbodor</strong>!<br></div><div class="spacer battle-history"><br></div><h2 class="battle-history">Turn 25</h2><div class="spacer battle-history"><br></div><div class="battle-history">The opposing Tauros used <strong>Pursuit</strong>!<br></div><div class="battle-history"><small>(Garbodor lost <abbr title="−71/301">23.6%</abbr> of its health!)</small><br></div><div class="spacer battle-history"><br></div><div class="battle-history">Garbodor used <strong>Seed Bomb</strong>!<br></div><div class="battle-history"><small>(The opposing Tauros lost <abbr title="−44/291">15.1%</abbr> of its health!)</small><br></div><div class="spacer battle-history"><br></div><div class="battle-history">The opposing Tauros fainted!<br></div><div class="spacer battle-history"><br></div><div class="battle-history">Shadowtags sent out <strong>Vileplume</strong>!<br></div><div class="battle-history"><small>Pointed stones dug into the opposing Vileplume!</small><br></div><div class="battle-history"><small>The opposing Vileplume is hurt by the spikes!</small><br></div><div class="spacer battle-history"><br></div><h2 class="battle-history">Turn 26</h2><div class="spacer battle-history"><br></div><div class="battle-history">Garbodor used <strong>Explosion</strong>!<br></div><div class="battle-history"><small>The Normal Gem strengthened Garbodor's power!</small><br></div><div class="battle-history"><small>(The opposing Vileplume lost <abbr title="−258/350">73.7%</abbr> of its health!)</small><br></div><div class="spacer battle-history"><br></div><div class="battle-history">Garbodor fainted!<br></div><div class="battle-history">The opposing Vileplume used <strong>Moonlight</strong>!<br></div><div class="battle-history"><small>The opposing Vileplume restored its HP.</small><br></div><div class="spacer battle-history"><br></div><div class="battle-history"><small>The opposing Vileplume restored a little HP using its Black Sludge!</small><br></div><div class="chat chatmessage-shadestep"><strong style="color:hsl(348,69%,49.13556749513967%)"><small>★</small><span class="username" data-name="Shadestep">Shadestep</span>:</strong> <em>0EIWRHOGJWEFPHUO</em></div><div class="chat chatmessage-shadestep"><strong style="color:hsl(348,69%,49.13556749513967%)"><small>★</small><span class="username" data-name="Shadestep">Shadestep</span>:</strong> <em>NO</em></div><div class="chat chatmessage-shadestep"><strong style="color:hsl(348,69%,49.13556749513967%)"><small>★</small><span class="username" data-name="Shadestep">Shadestep</span>:</strong> <em>UWROHGJLEFSDVUOJ</em></div><div class="chat chatmessage-shadestep"><strong style="color:hsl(348,69%,49.13556749513967%)"><small>★</small><span class="username" data-name="Shadestep">Shadestep</span>:</strong> <em>9QWEGR]FH8W</em></div><div class="chat chatmessage-shadowtags"><strong style="color:hsl(126,46%,34%)"><small>★</small><span class="username" data-name="Shadowtags">Shadowtags</span>:</strong> <em>lolol</em></div><div class="chat chatmessage-shadestep"><strong style="color:hsl(348,69%,49.13556749513967%)"><small>★</small><span class="username" data-name="Shadestep">Shadestep</span>:</strong> <em>U CANT BE SERIOUS</em></div><div class="chat chatmessage-shadestep"><strong style="color:hsl(348,69%,49.13556749513967%)"><small>★</small><span class="username" data-name="Shadestep">Shadestep</span>:</strong> <em>WTF</em></div><div class="chat chatmessage-shadowtags"><strong style="color:hsl(126,46%,34%)"><small>★</small><span class="username" data-name="Shadowtags">Shadowtags</span>:</strong> <em>hard body</em></div><div class="chat chatmessage-shadestep"><strong style="color:hsl(348,69%,49.13556749513967%)"><small>★</small><span class="username" data-name="Shadestep">Shadestep</span>:</strong> <em>bg</em></div><div class="chat chatmessage-shadestep"><strong style="color:hsl(348,69%,49.13556749513967%)"><small>★</small><span class="username" data-name="Shadestep">Shadestep</span>:</strong> <em>noob</em></div><div class="spacer battle-history"><br></div><div class="battle-history"><small>Shadestep forfeited.</small><br></div><div class="spacer battle-history"><br></div><div class="battle-history"><strong>Shadowtags</strong> won the battle!<br></div><div class="chat chatmessage-shadestep"><strong style="color:hsl(348,69%,49.13556749513967%)"><small>★</small><span class="username" data-name="Shadestep">Shadestep</span>:</strong> <em>u didnt win</em></div><div class="chat chatmessage-shadestep"><strong style="color:hsl(348,69%,49.13556749513967%)"><small>★</small><span class="username" data-name="Shadestep">Shadestep</span>:</strong> <em>u didnt kill all my pokemon</em></div><div class="chat chatmessage-shadestep"><strong style="color:hsl(348,69%,49.13556749513967%)"><small>★</small><span class="username" data-name="Shadestep">Shadestep</span>:</strong> <em>noob xD</em></div><div class="chat"><small>marilli。 joined.</small></div></div><div class="inner-preempt"></div></div></div>
</div>
<script>
let daily = Math.floor(Date.now()/1000/60/60/24);document.write('<script src="https://play.pokemonshowdown.com/js/replay-embed.js?version'+daily+'"></'+'script>');
</script>
