<!DOCTYPE html>
<meta charset="utf-8" />
<!-- version 1 -->
<title>NU replay: Suicunefinn vs. Le'Salle</title>
<style>
html,body {font-family:Verdana, sans-serif;font-size:10pt;margin:0;padding:0;}body{padding:12px 0;} .battle-log {font-family:Verdana, sans-serif;font-size:10pt;} .battle-log-inline {border:1px solid #AAAAAA;background:#EEF2F5;color:black;max-width:640px;margin:0 auto 80px;padding-bottom:5px;} .battle-log .inner {padding:4px 8px 0px 8px;} .battle-log .inner-preempt {padding:0 8px 4px 8px;} .battle-log .inner-after {margin-top:0.5em;} .battle-log h2 {margin:0.5em -8px;padding:4px 8px;border:1px solid #AAAAAA;background:#E0E7EA;border-left:0;border-right:0;font-family:Verdana, sans-serif;font-size:13pt;} .battle-log .chat {vertical-align:middle;padding:3px 0 3px 0;font-size:8pt;} .battle-log .chat strong {color:#40576A;} .battle-log .chat em {padding:1px 4px 1px 3px;color:#000000;font-style:normal;} .chat.mine {background:rgba(0,0,0,0.05);margin-left:-8px;margin-right:-8px;padding-left:8px;padding-right:8px;} .spoiler {color:#BBBBBB;background:#BBBBBB;padding:0px 3px;} .spoiler:hover, .spoiler:active, .spoiler-shown {color:#000000;background:#E2E2E2;padding:0px 3px;} .spoiler a {color:#BBBBBB;} .spoiler:hover a, .spoiler:active a, .spoiler-shown a {color:#2288CC;} .chat code, .chat .spoiler:hover code, .chat .spoiler:active code, .chat .spoiler-shown code {border:1px solid #C0C0C0;background:#EEEEEE;color:black;padding:0 2px;} .chat .spoiler code {border:1px solid #CCCCCC;background:#CCCCCC;color:#CCCCCC;} .battle-log .rated {padding:3px 4px;} .battle-log .rated strong {color:white;background:#89A;padding:1px 4px;border-radius:4px;} .spacer {margin-top:0.5em;} .message-announce {background:#6688AA;color:white;padding:1px 4px 2px;} .message-announce a, .broadcast-green a, .broadcast-blue a, .broadcast-red a {color:#DDEEFF;} .broadcast-green {background-color:#559955;color:white;padding:2px 4px;} .broadcast-blue {background-color:#6688AA;color:white;padding:2px 4px;} .infobox {border:1px solid #6688AA;padding:2px 4px;} .infobox-limited {max-height:200px;overflow:auto;overflow-x:hidden;} .broadcast-red {background-color:#AA5544;color:white;padding:2px 4px;} .message-learn-canlearn {font-weight:bold;color:#228822;text-decoration:underline;} .message-learn-cannotlearn {font-weight:bold;color:#CC2222;text-decoration:underline;} .message-effect-weak {font-weight:bold;color:#CC2222;} .message-effect-resist {font-weight:bold;color:#6688AA;} .message-effect-immune {font-weight:bold;color:#666666;} .message-learn-list {margin-top:0;margin-bottom:0;} .message-throttle-notice, .message-error {color:#992222;} .message-overflow, .chat small.message-overflow {font-size:0pt;} .message-overflow::before {font-size:9pt;content:'...';} .subtle {color:#3A4A66;}
</style>
<div class="wrapper replay-wrapper" style="max-width:1180px;margin:0 auto">
<input type="hidden" name="replayid" value="nu-541267884" />
<div class="battle"></div><div class="battle-log"></div><div class="replay-controls"></div><div class="replay-controls-2"></div>
<h1 style="font-weight:normal;text-align:center"><strong>NU</strong><br /><a href="http://pokemonshowdown.com/users/suicunefinn" class="subtle" target="_blank">Suicunefinn</a> vs. <a href="http://pokemonshowdown.com/users/lesalle" class="subtle" target="_blank">Le'Salle</a></h1>
<script type="text/plain" class="battle-log-data">|j|Suicunefinn
|j|Le'Salle
|player|p1|Suicunefinn|136
|player|p2|Le'Salle|266
|gametype|singles
|gen|6
|tier|NU
|rated
|seed|34384,60030,16078,50258
|rule|Sleep Clause Mod: Limit one foe put to sleep
|rule|Species Clause: Limit one of each Pokémon
|rule|OHKO Clause: OHKO moves are banned
|rule|Moody Clause: Moody is banned
|rule|Evasion Moves Clause: Evasion moves are banned
|rule|Endless Battle Clause: Forcing endless battles is banned
|rule|HP Percentage Mod: HP is shown in percentages
|clearpoke
|poke|p1|Butterfree, M, shiny|item
|poke|p1|Electivire, M|item
|poke|p1|Swellow, F, shiny|item
|poke|p1|Ferroseed, M, shiny|item
|poke|p1|Claydol, shiny|item
|poke|p1|Carracosta, F|item
|poke|p2|Golurk|item
|poke|p2|Archeops, F|item
|poke|p2|Lanturn, M|item
|poke|p2|Hitmonchan, M|item
|poke|p2|Electivire, F|item
|poke|p2|Charizard, M|item
|rule|Swagger Clause: Swagger is banned
|rule|Baton Pass Clause: Limit one Baton Passer, can't pass Spe and other stats simultaneously
|teampreview
|c|☆Le'Salle|glhf
|c|☆Suicunefinn|U2
|choice|team 4, team 2, team 3, team 1, team 5, team 6|team 2, team 1, team 3, team 4, team 5, team 6
|
|start
|switch|p1a: Sp!ke|Ferroseed, M, shiny|292\/292
|switch|p2a: Archie|Archeops, F|291\/291
|turn|1
|choice|move stealthrock|move heatwave
|
|move|p2a: Archie|Heat Wave|p1a: Sp!ke
|-supereffective|p1a: Sp!ke
|-damage|p1a: Sp!ke|0 fnt
|faint|p1a: Sp!ke
|
|upkeep
|c|☆Suicunefinn|oh what!?!
|choice|switch 6|
|
|switch|p1a: Turtle of death|Carracosta, F|289\/289
|turn|2
|choice|move shellsmash|move earthpower
|
|move|p2a: Archie|Earth Power|p1a: Turtle of death
|-supereffective|p1a: Turtle of death
|-damage|p1a: Turtle of death|39\/289
|-enditem|p1a: Turtle of death|Weakness Policy
|-boost|p1a: Turtle of death|atk|2
|-boost|p1a: Turtle of death|spa|2
|-unboost|p1a: Turtle of death|spd|1
|move|p1a: Turtle of death|Shell Smash|p1a: Turtle of death
|-unboost|p1a: Turtle of death|def|1
|-unboost|p1a: Turtle of death|spd|1
|-boost|p1a: Turtle of death|atk|2
|-boost|p1a: Turtle of death|spa|2
|-boost|p1a: Turtle of death|spe|2
|
|upkeep
|turn|3
|choice|move aquajet|move earthpower
|
|move|p1a: Turtle of death|Aqua Jet|p2a: Archie
|-supereffective|p2a: Archie
|-damage|p2a: Archie|0 fnt
|faint|p2a: Archie
|
|upkeep
|choice||switch 4
|
|switch|p2a: Chunk|Hitmonchan, M|303\/303
|turn|4
|choice|move aquajet|move machpunch
|
|move|p1a: Turtle of death|Aqua Jet|p2a: Chunk
|-damage|p2a: Chunk|38\/303
|move|p2a: Chunk|Mach Punch|p1a: Turtle of death
|-supereffective|p1a: Turtle of death
|-damage|p1a: Turtle of death|0 fnt
|faint|p1a: Turtle of death
|
|upkeep
|choice|switch 3|
|
|switch|p1a: BOOM bitch!!!|Swellow, F, shiny|261\/261
|turn|5
|choice|move uturn|move machpunch
|
|move|p2a: Chunk|Mach Punch|p1a: BOOM bitch!!!
|-damage|p1a: BOOM bitch!!!|141\/261
|move|p1a: BOOM bitch!!!|U-turn|p2a: Chunk
|-resisted|p2a: Chunk
|-damage|p2a: Chunk|14\/303
|c|☆Suicunefinn|._.
|c|☆Le'Salle|:}
|choice|switch 5|
|
|switch|p1a: Coffee machine|Claydol, shiny|324\/324
|
|upkeep
|turn|6
|choice|move ancientpower|move pursuit
|
|move|p2a: Chunk|Pursuit|p1a: Coffee machine
|-supereffective|p1a: Coffee machine
|-damage|p1a: Coffee machine|238\/324
|move|p1a: Coffee machine|Ancient Power|p2a: Chunk
|-resisted|p2a: Chunk
|-damage|p2a: Chunk|2\/303
|
|upkeep
|turn|7
|c|☆Le'Salle|xd
|c|☆Suicunefinn|oh wowXD
|choice|move ancientpower|move pursuit
|
|move|p2a: Chunk|Pursuit|p1a: Coffee machine
|-supereffective|p1a: Coffee machine
|-damage|p1a: Coffee machine|156\/324
|move|p1a: Coffee machine|Ancient Power|p2a: Chunk
|-resisted|p2a: Chunk
|-damage|p2a: Chunk|0 fnt
|faint|p2a: Chunk
|
|upkeep
|choice||switch 2
|
|switch|p2a: The Iron Giant|Golurk|382\/382
|turn|8
|choice|move shadowball|move stealthrock
|
|move|p1a: Coffee machine|Shadow Ball|p2a: The Iron Giant
|-supereffective|p2a: The Iron Giant
|-damage|p2a: The Iron Giant|274\/382
|move|p2a: The Iron Giant|Stealth Rock|p1a: Coffee machine
|-sidestart|p1: Suicunefinn|move: Stealth Rock
|
|upkeep
|turn|9
|choice|move rapidspin|move shadowpunch
|
|move|p1a: Coffee machine|Rapid Spin|p2a: The Iron Giant
|-immune|p2a: The Iron Giant|[msg]
|move|p2a: The Iron Giant|Shadow Punch|p1a: Coffee machine
|-supereffective|p1a: Coffee machine
|-damage|p1a: Coffee machine|0 fnt
|-damage|p2a: The Iron Giant|236\/382|[from] item: Life Orb
|faint|p1a: Coffee machine
|
|upkeep
|c|☆Suicunefinn|fuck i forgot
|choice|switch 2|
|
|switch|p1a: Ape on drugs|Electivire, M|291\/291
|-damage|p1a: Ape on drugs|255\/291|[from] Stealth Rock
|turn|10
|choice|move icepunch|move earthquake
|
|move|p1a: Ape on drugs|Ice Punch|p2a: The Iron Giant
|-supereffective|p2a: The Iron Giant
|-damage|p2a: The Iron Giant|0 fnt
|faint|p2a: The Iron Giant
|
|upkeep
|choice||switch 5
|
|switch|p2a: Charged Up|Electivire, F|291\/291
|turn|11
|choice|switch 4|move earthquake
|
|switch|p1a: 0% butter|Butterfree, M, shiny|261\/261
|-damage|p1a: 0% butter|131\/261|[from] Stealth Rock
|move|p2a: Charged Up|Earthquake|p1a: 0% butter
|-immune|p1a: 0% butter|[msg]
|
|upkeep
|turn|12
|choice|move sleeppowder|switch 6
|
|switch|p2a: Wildfire|Charizard, M|297\/297
|move|p1a: 0% butter|Sleep Powder|p2a: Wildfire
|-status|p2a: Wildfire|slp
|
|upkeep
|turn|13
|choice|move quiverdance|switch 6
|
|switch|p2a: Charged Up|Electivire, F|291\/291
|move|p1a: 0% butter|Quiver Dance|p1a: 0% butter
|-boost|p1a: 0% butter|spa|1
|-boost|p1a: 0% butter|spd|1
|-boost|p1a: 0% butter|spe|1
|
|upkeep
|turn|14
|choice|move gigadrain|move icepunch
|
|move|p2a: Charged Up|Ice Punch|p1a: 0% butter
|-supereffective|p1a: 0% butter
|-damage|p1a: 0% butter|0 fnt
|faint|p1a: 0% butter
|
|upkeep
|choice|switch 4|
|
|switch|p1a: Ape on drugs|Electivire, M|255\/291
|-damage|p1a: Ape on drugs|219\/291|[from] Stealth Rock
|turn|15
|choice|move earthquake|switch 3
|
|switch|p2a: Little Light|Lanturn, M|454\/454
|move|p1a: Ape on drugs|Earthquake|p2a: Little Light
|-supereffective|p2a: Little Light
|-damage|p2a: Little Light|0 fnt
|faint|p2a: Little Light
|
|upkeep
|choice||switch 6
|
|switch|p2a: Wildfire|Charizard, M|297\/297 slp
|turn|16
|choice|move brickbreak|move flamethrower
|
|cant|p2a: Wildfire|slp
|move|p1a: Ape on drugs|Brick Break|p2a: Wildfire
|-resisted|p2a: Wildfire
|-damage|p2a: Wildfire|242\/297 slp
|
|upkeep
|turn|17
|choice|move wildcharge|move flamethrower
|
|cant|p2a: Wildfire|slp
|move|p1a: Ape on drugs|Wild Charge|p2a: Wildfire
|-supereffective|p2a: Wildfire
|-damage|p2a: Wildfire|0 fnt
|-damage|p1a: Ape on drugs|158\/291|[from] recoil|[of] p2a: Wildfire
|faint|p2a: Wildfire
|
|upkeep
|choice||switch 3
|
|switch|p2a: Charged Up|Electivire, F|291\/291
|turn|18
|choice|switch 5|move icepunch
|
|switch|p1a: BOOM bitch!!!|Swellow, F, shiny|141\/261
|-damage|p1a: BOOM bitch!!!|76\/261|[from] Stealth Rock
|move|p2a: Charged Up|Ice Punch|p1a: BOOM bitch!!!
|-supereffective|p1a: BOOM bitch!!!
|-crit|p1a: BOOM bitch!!!
|-damage|p1a: BOOM bitch!!!|0 fnt
|faint|p1a: BOOM bitch!!!
|
|upkeep
|choice|switch 5|
|
|switch|p1a: Ape on drugs|Electivire, M|158\/291
|-damage|p1a: Ape on drugs|122\/291|[from] Stealth Rock
|turn|19
|choice|move earthquake|move icepunch
|
|move|p2a: Charged Up|Ice Punch|p1a: Ape on drugs
|-damage|p1a: Ape on drugs|0 fnt
|faint|p1a: Ape on drugs
|
|win|Le'Salle
|player|p1
|player|p2
|c|☆Suicunefinn|gg
|c|☆Le'Salle|gg
|l|Le'Salle
|raw|Suicunefinn's rating: 1083 &rarr; <strong>1060<\/strong><br \/>(-23 for losing)
|raw|Le&apos;Salle's rating: 1077 &rarr; <strong>1106<\/strong><br \/>(+29 for winning)</script>
</div>
<div class="battle-log battle-log-inline"><div class="inner"><div class="battle-options"></div><div class="inner"><div class="chat"><small>Suicunefinn joined.</small></div><div class="chat"><small>Le'Salle joined.</small></div><div class=""><small>Format:</small> <br><strong>NU</strong></div><div class="rated"><strong>Rated battle</strong></div><div class=""><small><em>Sleep Clause Mod:</em> Limit one foe put to sleep</small></div><div class=""><small><em>Species Clause:</em> Limit one of each Pokémon</small></div><div class=""><small><em>OHKO Clause:</em> OHKO moves are banned</small></div><div class=""><small><em>Moody Clause:</em> Moody is banned</small></div><div class=""><small><em>Evasion Moves Clause:</em> Evasion moves are banned</small></div><div class=""><small><em>Endless Battle Clause:</em> Forcing endless battles is banned</small></div><div class=""><small><em>HP Percentage Mod:</em> HP is shown in percentages</small></div><div class=""><small><em>Swagger Clause:</em> Swagger is banned</small></div><div class=""><small><em>Baton Pass Clause:</em> Limit one Baton Passer, can't pass Spe and other stats simultaneously</small></div><div class="chat battle-history"><strong>Suicunefinn's team:</strong> <em style="color:#445566;display:block;">Butterfree / Electivire / Swellow / Ferroseed / Claydol / Carracosta</em></div><div class="chat battle-history"><strong>Le'Salle's team:</strong> <em style="color:#445566;display:block;">Golurk / Archeops / Lanturn / Hitmonchan / Electivire / Charizard</em></div><div class="chat chatmessage-lesalle"><strong style="color:hsl(199,72%,38%)"><small>☆</small><span class="username" data-name="Le'Salle">Le'Salle</span>:</strong> <em>glhf</em></div><div class="chat chatmessage-suicunefinn"><strong style="color:hsl(170,76%,37.47437362521751%)"><small>☆</small><span class="username" data-name="Suicunefinn">Suicunefinn</span>:</strong> <em>U2</em></div><div class="spacer battle-history"><br></div><div class="battle-history">Battle started between Suicunefinn and Le'Salle!<br></div><div class="spacer battle-history"><br></div><div class="battle-history">Go! Sp!ke (<strong>Ferroseed</strong>)!<br></div><div class="spacer battle-history"><br></div><div class="battle-history">Le'Salle sent out Archie (<strong>Archeops</strong>)!<br></div><div class="spacer battle-history"><br></div><h2 class="battle-history">Turn 1</h2><div class="spacer battle-history"><br></div><div class="battle-history">The opposing Archie used <strong>Heat Wave</strong>!<br></div><div class="battle-history"><small>It's super effective!</small><br></div><div class="battle-history"><small>(Sp!ke lost <abbr title="−292/292">100%</abbr> of its health!)</small><br></div><div class="spacer battle-history"><br></div><div class="battle-history">Sp!ke fainted!<br></div><div class="chat chatmessage-suicunefinn"><strong style="color:hsl(170,76%,37.47437362521751%)"><small>☆</small><span class="username" data-name="Suicunefinn">Suicunefinn</span>:</strong> <em>oh what!?!</em></div><div class="spacer battle-history"><br></div><div class="battle-history">Go! Turtle of death (<strong>Carracosta</strong>)!<br></div><div class="spacer battle-history"><br></div><h2 class="battle-history">Turn 2</h2><div class="spacer battle-history"><br></div><div class="battle-history">The opposing Archie used <strong>Earth Power</strong>!<br></div><div class="battle-history"><small>It's super effective!</small><br></div><div class="battle-history"><small>(Turtle of death lost <abbr title="−250/289">86.5%</abbr> of its health!)</small><br></div><div class="battle-history"><small>(Turtle of death used its Weakness Policy!)</small><br></div><div class="battle-history"><small>Turtle of death's Attack rose sharply!</small><br></div><div class="battle-history"><small>Turtle of death's Special Attack rose sharply!</small><br></div><div class="battle-history"><small>Turtle of death's Special Defense fell!</small><br></div><div class="spacer battle-history"><br></div><div class="battle-history">Turtle of death used <strong>Shell Smash</strong>!<br></div><div class="battle-history"><small>Turtle of death's Defense fell!</small><br></div><div class="battle-history"><small>Turtle of death's Special Defense fell!</small><br></div><div class="battle-history"><small>Turtle of death's Attack rose sharply!</small><br></div><div class="battle-history"><small>Turtle of death's Special Attack rose sharply!</small><br></div><div class="battle-history"><small>Turtle of death's Speed rose sharply!</small><br></div><div class="spacer battle-history"><br></div><h2 class="battle-history">Turn 3</h2><div class="spacer battle-history"><br></div><div class="battle-history">Turtle of death used <strong>Aqua Jet</strong>!<br></div><div class="battle-history"><small>It's super effective!</small><br></div><div class="battle-history"><small>(The opposing Archie lost <abbr title="−291/291">100%</abbr> of its health!)</small><br></div><div class="spacer battle-history"><br></div><div class="battle-history">The opposing Archie fainted!<br></div><div class="spacer battle-history"><br></div><div class="battle-history">Le'Salle sent out Chunk (<strong>Hitmonchan</strong>)!<br></div><div class="spacer battle-history"><br></div><h2 class="battle-history">Turn 4</h2><div class="spacer battle-history"><br></div><div class="battle-history">Turtle of death used <strong>Aqua Jet</strong>!<br></div><div class="battle-history"><small>(The opposing Chunk lost <abbr title="−265/303">87.5%</abbr> of its health!)</small><br></div><div class="spacer battle-history"><br></div><div class="battle-history">The opposing Chunk used <strong>Mach Punch</strong>!<br></div><div class="battle-history"><small>It's super effective!</small><br></div><div class="battle-history"><small>(Turtle of death lost <abbr title="−39/289">13.5%</abbr> of its health!)</small><br></div><div class="spacer battle-history"><br></div><div class="battle-history">Turtle of death fainted!<br></div><div class="spacer battle-history"><br></div><div class="battle-history">Go! BOOM bitch!!! (<strong>Swellow</strong>)!<br></div><div class="spacer battle-history"><br></div><h2 class="battle-history">Turn 5</h2><div class="spacer battle-history"><br></div><div class="battle-history">The opposing Chunk used <strong>Mach Punch</strong>!<br></div><div class="battle-history"><small>(BOOM bitch!!! lost <abbr title="−120/261">46.0%</abbr> of its health!)</small><br></div><div class="spacer battle-history"><br></div><div class="battle-history">BOOM bitch!!! used <strong>U-turn</strong>!<br></div><div class="battle-history"><small>It's not very effective...</small><br></div><div class="battle-history"><small>(The opposing Chunk lost <abbr title="−24/303">7.9%</abbr> of its health!)</small><br></div><div class="chat chatmessage-suicunefinn"><strong style="color:hsl(170,76%,37.47437362521751%)"><small>☆</small><span class="username" data-name="Suicunefinn">Suicunefinn</span>:</strong> <em>._.</em></div><div class="chat chatmessage-lesalle"><strong style="color:hsl(199,72%,38%)"><small>☆</small><span class="username" data-name="Le'Salle">Le'Salle</span>:</strong> <em>:}</em></div><div class="spacer battle-history"><br></div><div class="battle-history">BOOM bitch!!! went back to Suicunefinn!<br></div><div class="battle-history">Go! Coffee machine (<strong>Claydol</strong>)!<br></div><div class="spacer battle-history"><br></div><h2 class="battle-history">Turn 6</h2><div class="spacer battle-history"><br></div><div class="battle-history">The opposing Chunk used <strong>Pursuit</strong>!<br></div><div class="battle-history"><small>It's super effective!</small><br></div><div class="battle-history"><small>(Coffee machine lost <abbr title="−86/324">26.5%</abbr> of its health!)</small><br></div><div class="spacer battle-history"><br></div><div class="battle-history">Coffee machine used <strong>Ancient Power</strong>!<br></div><div class="battle-history"><small>It's not very effective...</small><br></div><div class="battle-history"><small>(The opposing Chunk lost <abbr title="−12/303">4.0%</abbr> of its health!)</small><br></div><div class="spacer battle-history"><br></div><h2 class="battle-history">Turn 7</h2><div class="chat chatmessage-lesalle"><strong style="color:hsl(199,72%,38%)"><small>☆</small><span class="username" data-name="Le'Salle">Le'Salle</span>:</strong> <em>xd</em></div><div class="chat chatmessage-suicunefinn"><strong style="color:hsl(170,76%,37.47437362521751%)"><small>☆</small><span class="username" data-name="Suicunefinn">Suicunefinn</span>:</strong> <em>oh wowXD</em></div><div class="spacer battle-history"><br></div><div class="battle-history">The opposing Chunk used <strong>Pursuit</strong>!<br></div><div class="battle-history"><small>It's super effective!</small><br></div><div class="battle-history"><small>(Coffee machine lost <abbr title="−82/324">25.3%</abbr> of its health!)</small><br></div><div class="spacer battle-history"><br></div><div class="battle-history">Coffee machine used <strong>Ancient Power</strong>!<br></div><div class="battle-history"><small>It's not very effective...</small><br></div><div class="battle-history"><small>(The opposing Chunk lost <abbr title="−2/303">0.7%</abbr> of its health!)</small><br></div><div class="spacer battle-history"><br></div><div class="battle-history">The opposing Chunk fainted!<br></div><div class="spacer battle-history"><br></div><div class="battle-history">Le'Salle sent out The Iron Giant (<strong>Golurk</strong>)!<br></div><div class="spacer battle-history"><br></div><h2 class="battle-history">Turn 8</h2><div class="spacer battle-history"><br></div><div class="battle-history">Coffee machine used <strong>Shadow Ball</strong>!<br></div><div class="battle-history"><small>It's super effective!</small><br></div><div class="battle-history"><small>(The opposing The Iron Giant lost <abbr title="−108/382">28.3%</abbr> of its health!)</small><br></div><div class="spacer battle-history"><br></div><div class="battle-history">The opposing The Iron Giant used <strong>Stealth Rock</strong>!<br></div><div class="battle-history"><small>Pointed stones float in the air around your team!</small><br></div><div class="spacer battle-history"><br></div><h2 class="battle-history">Turn 9</h2><div class="spacer battle-history"><br></div><div class="battle-history">Coffee machine used <strong>Rapid Spin</strong>!<br></div><div class="battle-history"><small>It doesn't affect the opposing The Iron Giant...</small><br></div><div class="spacer battle-history"><br></div><div class="battle-history">The opposing The Iron Giant used <strong>Shadow Punch</strong>!<br></div><div class="battle-history"><small>It's super effective!</small><br></div><div class="battle-history"><small>(Coffee machine lost <abbr title="−156/324">48.1%</abbr> of its health!)</small><br></div><div class="battle-history"><small>The opposing The Iron Giant lost some of its HP!</small><br></div><div class="spacer battle-history"><br></div><div class="battle-history">Coffee machine fainted!<br></div><div class="chat chatmessage-suicunefinn"><strong style="color:hsl(170,76%,37.47437362521751%)"><small>☆</small><span class="username" data-name="Suicunefinn">Suicunefinn</span>:</strong> <em>fuck i forgot</em></div><div class="spacer battle-history"><br></div><div class="battle-history">Go! Ape on drugs (<strong>Electivire</strong>)!<br></div><div class="battle-history"><small>Pointed stones dug into Ape on drugs!</small><br></div><div class="spacer battle-history"><br></div><h2 class="battle-history">Turn 10</h2><div class="spacer battle-history"><br></div><div class="battle-history">Ape on drugs used <strong>Ice Punch</strong>!<br></div><div class="battle-history"><small>It's super effective!</small><br></div><div class="battle-history"><small>(The opposing The Iron Giant lost <abbr title="−236/382">61.8%</abbr> of its health!)</small><br></div><div class="spacer battle-history"><br></div><div class="battle-history">The opposing The Iron Giant fainted!<br></div><div class="spacer battle-history"><br></div><div class="battle-history">Le'Salle sent out Charged Up (<strong>Electivire</strong>)!<br></div><div class="spacer battle-history"><br></div><h2 class="battle-history">Turn 11</h2><div class="spacer battle-history"><br></div><div class="battle-history">Ape on drugs, come back!<br></div><div class="battle-history">Go! 0% butter (<strong>Butterfree</strong>)!<br></div><div class="battle-history"><small>Pointed stones dug into 0% butter!</small><br></div><div class="spacer battle-history"><br></div><div class="battle-history">The opposing Charged Up used <strong>Earthquake</strong>!<br></div><div class="battle-history"><small>It doesn't affect 0% butter...</small><br></div><div class="spacer battle-history"><br></div><h2 class="battle-history">Turn 12</h2><div class="spacer battle-history"><br></div><div class="battle-history">Le'Salle withdrew Charged Up!<br></div><div class="battle-history">Le'Salle sent out Wildfire (<strong>Charizard</strong>)!<br></div><div class="spacer battle-history"><br></div><div class="battle-history">0% butter used <strong>Sleep Powder</strong>!<br></div><div class="battle-history"><small>The opposing Wildfire fell asleep!</small><br></div><div class="spacer battle-history"><br></div><h2 class="battle-history">Turn 13</h2><div class="spacer battle-history"><br></div><div class="battle-history">Le'Salle withdrew Wildfire!<br></div><div class="battle-history">Le'Salle sent out Charged Up (<strong>Electivire</strong>)!<br></div><div class="spacer battle-history"><br></div><div class="battle-history">0% butter used <strong>Quiver Dance</strong>!<br></div><div class="battle-history"><small>0% butter's Special Attack rose!</small><br></div><div class="battle-history"><small>0% butter's Special Defense rose!</small><br></div><div class="battle-history"><small>0% butter's Speed rose!</small><br></div><div class="spacer battle-history"><br></div><h2 class="battle-history">Turn 14</h2><div class="spacer battle-history"><br></div><div class="battle-history">The opposing Charged Up used <strong>Ice Punch</strong>!<br></div><div class="battle-history"><small>It's super effective!</small><br></div><div class="battle-history"><small>(0% butter lost <abbr title="−131/261">50.2%</abbr> of its health!)</small><br></div><div class="spacer battle-history"><br></div><div class="battle-history">0% butter fainted!<br></div><div class="spacer battle-history"><br></div><div class="battle-history">Go! Ape on drugs (<strong>Electivire</strong>)!<br></div><div class="battle-history"><small>Pointed stones dug into Ape on drugs!</small><br></div><div class="spacer battle-history"><br></div><h2 class="battle-history">Turn 15</h2><div class="spacer battle-history"><br></div><div class="battle-history">Le'Salle withdrew Charged Up!<br></div><div class="battle-history">Le'Salle sent out Little Light (<strong>Lanturn</strong>)!<br></div><div class="spacer battle-history"><br></div><div class="battle-history">Ape on drugs used <strong>Earthquake</strong>!<br></div><div class="battle-history"><small>It's super effective!</small><br></div><div class="battle-history"><small>(The opposing Little Light lost <abbr title="−454/454">100%</abbr> of its health!)</small><br></div><div class="spacer battle-history"><br></div><div class="battle-history">The opposing Little Light fainted!<br></div><div class="spacer battle-history"><br></div><div class="battle-history">Le'Salle sent out Wildfire (<strong>Charizard</strong>)!<br></div><div class="spacer battle-history"><br></div><h2 class="battle-history">Turn 16</h2><div class="spacer battle-history"><br></div><div class="battle-history">The opposing Wildfire is fast asleep.<br></div><div class="spacer battle-history"><br></div><div class="battle-history">Ape on drugs used <strong>Brick Break</strong>!<br></div><div class="battle-history"><small>It's not very effective...</small><br></div><div class="battle-history"><small>(The opposing Wildfire lost <abbr title="−55/297">18.5%</abbr> of its health!)</small><br></div><div class="spacer battle-history"><br></div><h2 class="battle-history">Turn 17</h2><div class="spacer battle-history"><br></div><div class="battle-history">The opposing Wildfire is fast asleep.<br></div><div class="spacer battle-history"><br></div><div class="battle-history">Ape on drugs used <strong>Wild Charge</strong>!<br></div><div class="battle-history"><small>It's super effective!</small><br></div><div class="battle-history"><small>(The opposing Wildfire lost <abbr title="−242/297">81.5%</abbr> of its health!)</small><br></div><div class="battle-history"><small>Ape on drugs is damaged by the recoil!</small><br></div><div class="spacer battle-history"><br></div><div class="battle-history">The opposing Wildfire fainted!<br></div><div class="spacer battle-history"><br></div><div class="battle-history">Le'Salle sent out Charged Up (<strong>Electivire</strong>)!<br></div><div class="spacer battle-history"><br></div><h2 class="battle-history">Turn 18</h2><div class="spacer battle-history"><br></div><div class="battle-history">Ape on drugs, come back!<br></div><div class="battle-history">Go! BOOM bitch!!! (<strong>Swellow</strong>)!<br></div><div class="battle-history"><small>Pointed stones dug into BOOM bitch!!!!</small><br></div><div class="spacer battle-history"><br></div><div class="battle-history">The opposing Charged Up used <strong>Ice Punch</strong>!<br></div><div class="battle-history"><small>It's super effective!</small><br></div><div class="battle-history"><small>A critical hit!</small><br></div><div class="battle-history"><small>(BOOM bitch!!! lost <abbr title="−76/261">29.1%</abbr> of its health!)</small><br></div><div class="spacer battle-history"><br></div><div class="battle-history">BOOM bitch!!! fainted!<br></div><div class="spacer battle-history"><br></div><div class="battle-history">Go! Ape on drugs (<strong>Electivire</strong>)!<br></div><div class="battle-history"><small>Pointed stones dug into Ape on drugs!</small><br></div><div class="spacer battle-history"><br></div><h2 class="battle-history">Turn 19</h2><div class="spacer battle-history"><br></div><div class="battle-history">The opposing Charged Up used <strong>Ice Punch</strong>!<br></div><div class="battle-history"><small>(Ape on drugs lost <abbr title="−122/291">41.9%</abbr> of its health!)</small><br></div><div class="spacer battle-history"><br></div><div class="battle-history">Ape on drugs fainted!<br></div><div class="spacer battle-history"><br></div><div class="battle-history"><strong>Le'Salle</strong> won the battle!<br></div><div class="chat chatmessage-suicunefinn"><strong style="color:hsl(170,76%,37.47437362521751%)"><small>☆</small><span class="username" data-name="Suicunefinn">Suicunefinn</span>:</strong> <em>gg</em></div><div class="chat chatmessage-lesalle"><strong style="color:hsl(199,72%,38%)"><small>☆</small><span class="username" data-name="Le'Salle">Le'Salle</span>:</strong> <em>gg</em></div><div class="chat"><small>Le'Salle left.</small></div><div class="chat">Suicunefinn's rating: 1083 → <strong>1060</strong><br>(-23 for losing)</div><div class="chat">Le'Salle's rating: 1077 → <strong>1106</strong><br>(+29 for winning)</div></div><div class="inner-preempt"></div></div></div>
</div>
<script>
let daily = Math.floor(Date.now()/1000/60/60/24);document.write('<script src="https://play.pokemonshowdown.com/js/replay-embed.js?version'+daily+'"></'+'script>');
</script>
