<!DOCTYPE html>
<meta charset="utf-8" />
<!-- version 1 -->
<title>NU replay: Omegaghost vs. Greenheroes</title>
<style>
html,body {font-family:Verdana, sans-serif;font-size:10pt;margin:0;padding:0;}body{padding:12px 0;} .battle-log {font-family:Verdana, sans-serif;font-size:10pt;} .battle-log-inline {border:1px solid #AAAAAA;background:#EEF2F5;color:black;max-width:640px;margin:0 auto 80px;padding-bottom:5px;} .battle-log .inner {padding:4px 8px 0px 8px;} .battle-log .inner-preempt {padding:0 8px 4px 8px;} .battle-log .inner-after {margin-top:0.5em;} .battle-log h2 {margin:0.5em -8px;padding:4px 8px;border:1px solid #AAAAAA;background:#E0E7EA;border-left:0;border-right:0;font-family:Verdana, sans-serif;font-size:13pt;} .battle-log .chat {vertical-align:middle;padding:3px 0 3px 0;font-size:8pt;} .battle-log .chat strong {color:#40576A;} .battle-log .chat em {padding:1px 4px 1px 3px;color:#000000;font-style:normal;} .chat.mine {background:rgba(0,0,0,0.05);margin-left:-8px;margin-right:-8px;padding-left:8px;padding-right:8px;} .spoiler {color:#BBBBBB;background:#BBBBBB;padding:0px 3px;} .spoiler:hover, .spoiler:active, .spoiler-shown {color:#000000;background:#E2E2E2;padding:0px 3px;} .spoiler a {color:#BBBBBB;} .spoiler:hover a, .spoiler:active a, .spoiler-shown a {color:#2288CC;} .chat code, .chat .spoiler:hover code, .chat .spoiler:active code, .chat .spoiler-shown code {border:1px solid #C0C0C0;background:#EEEEEE;color:black;padding:0 2px;} .chat .spoiler code {border:1px solid #CCCCCC;background:#CCCCCC;color:#CCCCCC;} .battle-log .rated {padding:3px 4px;} .battle-log .rated strong {color:white;background:#89A;padding:1px 4px;border-radius:4px;} .spacer {margin-top:0.5em;} .message-announce {background:#6688AA;color:white;padding:1px 4px 2px;} .message-announce a, .broadcast-green a, .broadcast-blue a, .broadcast-red a {color:#DDEEFF;} .broadcast-green {background-color:#559955;color:white;padding:2px 4px;} .broadcast-blue {background-color:#6688AA;color:white;padding:2px 4px;} .infobox {border:1px solid #6688AA;padding:2px 4px;} .infobox-limited {max-height:200px;overflow:auto;overflow-x:hidden;} .broadcast-red {background-color:#AA5544;color:white;padding:2px 4px;} .message-learn-canlearn {font-weight:bold;color:#228822;text-decoration:underline;} .message-learn-cannotlearn {font-weight:bold;color:#CC2222;text-decoration:underline;} .message-effect-weak {font-weight:bold;color:#CC2222;} .message-effect-resist {font-weight:bold;color:#6688AA;} .message-effect-immune {font-weight:bold;color:#666666;} .message-learn-list {margin-top:0;margin-bottom:0;} .message-throttle-notice, .message-error {color:#992222;} .message-overflow, .chat small.message-overflow {font-size:0pt;} .message-overflow::before {font-size:9pt;content:'...';} .subtle {color:#3A4A66;}
</style>
<div class="wrapper replay-wrapper" style="max-width:1180px;margin:0 auto">
<input type="hidden" name="replayid" value="pokestrat-nu-1515" />
<div class="battle"></div><div class="battle-log"></div><div class="replay-controls"></div><div class="replay-controls-2"></div>
<h1 style="font-weight:normal;text-align:center"><strong>NU</strong><br /><a href="http://pokemonshowdown.com/users/omegaghost" class="subtle" target="_blank">Omegaghost</a> vs. <a href="http://pokemonshowdown.com/users/greenheroes" class="subtle" target="_blank">Greenheroes</a></h1>
<script type="text/plain" class="battle-log-data">|j|Omegaghost
|j|Greenheroes
|player|p1|Omegaghost|274
|player|p2|Greenheroes|25
|gametype|singles
|gen|6
|tier|NU
|seed|50207,3420,2984,13135
|rule|Sleep Clause Mod: Limit one foe put to sleep
|rule|Species Clause: Limit one of each Pokémon
|rule|OHKO Clause: OHKO moves are banned
|rule|Moody Clause: Moody is banned
|rule|Evasion Moves Clause: Evasion moves are banned
|rule|Endless Battle Clause: Forcing endless battles is banned
|rule|HP Percentage Mod: HP is shown in percentages
|clearpoke
|poke|p1|Mesprit|item
|poke|p1|Ferroseed, F|item
|poke|p1|Pyroar, M|item
|poke|p1|Rotom|item
|poke|p1|Gastrodon, M|item
|poke|p1|Swanna, M|item
|poke|p2|Torterra, M|item
|poke|p2|Regirock|item
|poke|p2|Liepard, F|item
|poke|p2|Rotom|item
|poke|p2|Primeape, M|item
|poke|p2|Swellow, F|item
|rule|Swagger Clause: Swagger is banned
|rule|Baton Pass Clause: Limit one Baton Passer, can't pass Spe and other stats simultaneously
|teampreview
|c|★Greenheroes|bonne chance
|choice|team 6, team 2, team 3, team 4, team 5, team 1|team 1, team 2, team 3, team 4, team 5, team 6
|
|start
|switch|p1a: Swanna|Swanna, M|291\/291
|switch|p2a: Torterra|Torterra, M|394\/394
|turn|1
|c|★Omegaghost|à toi aussi
|choice|move hurricane|move leechseed
|
|move|p1a: Swanna|Hurricane|p2a: Torterra
|-supereffective|p2a: Torterra
|-damage|p2a: Torterra|0 fnt
|-damage|p1a: Swanna|262\/291|[from] item: Life Orb
|faint|p2a: Torterra
|
|upkeep
|c|★Greenheroes|ok...
|choice||switch 4
|
|switch|p2a: Rotom|Rotom|303\/303
|turn|2
|choice|switch 5|move willowisp
|
|switch|p1a: Gastrodon|Gastrodon, M|426\/426
|move|p2a: Rotom|Will-O-Wisp|p1a: Gastrodon
|-status|p1a: Gastrodon|brn
|
|-damage|p1a: Gastrodon|373\/426 brn|[from] brn
|upkeep
|turn|3
|choice|move toxic|move hex
|
|move|p2a: Rotom|Hex|p1a: Gastrodon
|-damage|p1a: Gastrodon|187\/426 brn
|move|p1a: Gastrodon|Toxic|p2a: Rotom
|-status|p2a: Rotom|tox
|
|-heal|p1a: Gastrodon|213\/426 brn|[from] item: Leftovers
|-damage|p2a: Rotom|285\/303 tox|[from] psn
|-damage|p1a: Gastrodon|160\/426 brn|[from] brn
|upkeep
|turn|4
|choice|move recover|move hex
|
|move|p2a: Rotom|Hex|p1a: Gastrodon
|-damage|p1a: Gastrodon|0 fnt
|faint|p1a: Gastrodon
|
|-heal|p2a: Rotom|303\/303 tox|[from] item: Leftovers
|-damage|p2a: Rotom|267\/303 tox|[from] psn
|upkeep
|choice|switch 3|
|
|switch|p1a: Pyroar|Pyroar, M|313\/313
|-ability|p1a: Pyroar|Unnerve|p2: Greenheroes
|turn|5
|choice|move fireblast|switch 2
|
|switch|p2a: Regirock|Regirock|364\/364
|move|p1a: Pyroar|Fire Blast|p2a: Regirock
|-resisted|p2a: Regirock
|-damage|p2a: Regirock|273\/364
|
|-heal|p2a: Regirock|295\/364|[from] item: Leftovers
|upkeep
|turn|6
|choice|switch 2|move stealthrock
|
|switch|p1a: Ferroseed|Ferroseed, F|291\/291
|move|p2a: Regirock|Stealth Rock|p1a: Ferroseed
|-sidestart|p1: Omegaghost|move: Stealth Rock
|
|-heal|p2a: Regirock|317\/364|[from] item: Leftovers
|upkeep
|turn|7
|choice|move stealthrock|switch 6
|
|switch|p2a: Swellow|Swellow, F|261\/261
|move|p1a: Ferroseed|Stealth Rock|p2a: Swellow
|-sidestart|p2: Greenheroes|move: Stealth Rock
|
|upkeep
|turn|8
|choice|move leechseed|move defog
|
|move|p2a: Swellow|Defog|p1a: Ferroseed
|-unboost|p1a: Ferroseed|evasion|1
|-sideend|p1: Omegaghost|Stealth Rock|[from] move: Defog|[of] p1a: Ferroseed
|-sideend|p2: Greenheroes|Stealth Rock|[from] move: Defog|[of] p2a: Swellow
|move|p1a: Ferroseed|Leech Seed|p2a: Swellow
|-start|p2a: Swellow|move: Leech Seed
|
|-damage|p2a: Swellow|229\/261|[from] Leech Seed|[of] p1a: Ferroseed
|upkeep
|turn|9
|choice|move stealthrock|switch 3
|
|switch|p2a: Liepard|Liepard, F|269\/269
|move|p1a: Ferroseed|Stealth Rock|p2a: Liepard
|-sidestart|p2: Greenheroes|move: Stealth Rock
|
|upkeep
|turn|10
|choice|move leechseed|move thunderwave
|
|move|p2a: Liepard|Thunder Wave|p1a: Ferroseed
|-status|p1a: Ferroseed|par
|move|p1a: Ferroseed|Leech Seed|p2a: Liepard
|-start|p2a: Liepard|move: Leech Seed
|
|-damage|p2a: Liepard|236\/269|[from] Leech Seed|[of] p1a: Ferroseed
|upkeep
|turn|11
|choice|move protect|move knockoff
|
|cant|p1a: Ferroseed|par
|move|p2a: Liepard|Knock Off|p1a: Ferroseed
|-damage|p1a: Ferroseed|195\/291 par
|-damage|p2a: Liepard|203\/269|[from] ability: Iron Barbs|[of] p1a: Ferroseed
|-enditem|p1a: Ferroseed|Eviolite|[from] move: Knock Off|[of] p2a: Liepard
|
|-damage|p2a: Liepard|170\/269|[from] Leech Seed|[of] p1a: Ferroseed
|-heal|p1a: Ferroseed|228\/291 par|[silent]
|upkeep
|turn|12
|choice|move gyroball|switch 6
|
|switch|p2a: Regirock|Regirock|317\/364
|-damage|p2a: Regirock|272\/364|[from] Stealth Rock
|move|p1a: Ferroseed|Gyro Ball|p2a: Regirock
|-supereffective|p2a: Regirock
|-damage|p2a: Regirock|168\/364
|
|-heal|p2a: Regirock|190\/364|[from] item: Leftovers
|upkeep
|turn|13
|choice|move leechseed|move stealthrock
|
|move|p2a: Regirock|Stealth Rock|p1a: Ferroseed
|-sidestart|p1: Omegaghost|move: Stealth Rock
|move|p1a: Ferroseed|Leech Seed|p2a: Regirock
|-start|p2a: Regirock|move: Leech Seed
|
|-heal|p2a: Regirock|212\/364|[from] item: Leftovers
|-damage|p2a: Regirock|167\/364|[from] Leech Seed|[of] p1a: Ferroseed
|-heal|p1a: Ferroseed|273\/291 par|[silent]
|upkeep
|turn|14
|choice|move gyroball|move drainpunch
|
|move|p2a: Regirock|Drain Punch|p1a: Ferroseed
|-supereffective|p1a: Ferroseed
|-damage|p1a: Ferroseed|167\/291 par
|-heal|p2a: Regirock|220\/364|[from] drain|[of] p1a: Ferroseed
|-damage|p2a: Regirock|175\/364|[from] ability: Iron Barbs|[of] p1a: Ferroseed
|move|p1a: Ferroseed|Gyro Ball|p2a: Regirock
|-supereffective|p2a: Regirock
|-damage|p2a: Regirock|61\/364
|
|-heal|p2a: Regirock|83\/364|[from] item: Leftovers
|-damage|p2a: Regirock|38\/364|[from] Leech Seed|[of] p1a: Ferroseed
|-heal|p1a: Ferroseed|212\/291 par|[silent]
|upkeep
|turn|15
|choice|move protect|move drainpunch
|
|move|p1a: Ferroseed|Protect|p1a: Ferroseed
|-singleturn|p1a: Ferroseed|Protect
|move|p2a: Regirock|Drain Punch|p1a: Ferroseed
|-activate|p1a: Ferroseed|move: Protect
|
|-heal|p2a: Regirock|60\/364|[from] item: Leftovers
|-damage|p2a: Regirock|15\/364|[from] Leech Seed|[of] p1a: Ferroseed
|-heal|p1a: Ferroseed|257\/291 par|[silent]
|upkeep
|turn|16
|choice|switch 6|move rockslide
|
|switch|p1a: Mesprit|Mesprit|301\/301
|-damage|p1a: Mesprit|264\/301|[from] Stealth Rock
|move|p2a: Regirock|Rock Slide|p1a: Mesprit
|-damage|p1a: Mesprit|182\/301
|
|-heal|p2a: Regirock|37\/364|[from] item: Leftovers
|-damage|p2a: Regirock|0 fnt|[from] Leech Seed|[of] p1a: Mesprit
|-heal|p1a: Mesprit|219\/301|[silent]
|upkeep
|faint|p2a: Regirock
|choice||switch 6
|
|switch|p2a: Liepard|Liepard, F|170\/269
|-damage|p2a: Liepard|137\/269|[from] Stealth Rock
|turn|17
|choice|switch 6|move suckerpunch
|
|switch|p1a: Ferroseed|Ferroseed, F|257\/291 par
|-damage|p1a: Ferroseed|239\/291 par|[from] Stealth Rock
|move|p2a: Liepard|Sucker Punch|p1a: Ferroseed|[still]
|-fail|p2a: Liepard
|
|upkeep
|turn|18
|choice|move leechseed|move knockoff
|
|move|p2a: Liepard|Knock Off|p1a: Ferroseed
|-damage|p1a: Ferroseed|155\/291 par
|-damage|p2a: Liepard|104\/269|[from] ability: Iron Barbs|[of] p1a: Ferroseed
|cant|p1a: Ferroseed|par
|
|upkeep
|turn|19
|choice|move leechseed|switch 3
|
|switch|p2a: Swellow|Swellow, F|229\/261
|-damage|p2a: Swellow|164\/261|[from] Stealth Rock
|move|p1a: Ferroseed|Leech Seed|p2a: Swellow
|-start|p2a: Swellow|move: Leech Seed
|
|-damage|p2a: Swellow|132\/261|[from] Leech Seed|[of] p1a: Ferroseed
|-heal|p1a: Ferroseed|187\/291 par|[silent]
|upkeep
|turn|20
|choice|move stealthrock|move roost
|
|move|p2a: Swellow|Roost|p2a: Swellow
|-heal|p2a: Swellow|261\/261
|move|p1a: Ferroseed|Stealth Rock|p2a: Swellow
|-fail|p2a: Swellow
|
|-damage|p2a: Swellow|229\/261|[from] Leech Seed|[of] p1a: Ferroseed
|-heal|p1a: Ferroseed|219\/291 par|[silent]
|upkeep
|turn|21
|choice|move gyroball|move defog
|
|move|p2a: Swellow|Defog|p1a: Ferroseed
|-unboost|p1a: Ferroseed|evasion|1
|-sideend|p1: Omegaghost|Stealth Rock|[from] move: Defog|[of] p1a: Ferroseed
|-sideend|p2: Greenheroes|Stealth Rock|[from] move: Defog|[of] p2a: Swellow
|cant|p1a: Ferroseed|par
|
|-damage|p2a: Swellow|197\/261|[from] Leech Seed|[of] p1a: Ferroseed
|-heal|p1a: Ferroseed|251\/291 par|[silent]
|upkeep
|turn|22
|choice|move stealthrock|switch 5
|
|switch|p2a: Primeape|Primeape, M|271\/271
|cant|p1a: Ferroseed|par
|
|upkeep
|turn|23
|choice|move protect|move earthquake
|
|move|p1a: Ferroseed|Protect|p1a: Ferroseed
|-singleturn|p1a: Ferroseed|Protect
|move|p2a: Primeape|Earthquake|p1a: Ferroseed
|-activate|p1a: Ferroseed|move: Protect
|
|upkeep
|turn|24
|choice|switch 6|move earthquake
|
|switch|p1a: Mesprit|Mesprit|219\/301
|move|p2a: Primeape|Earthquake|p1a: Mesprit
|-immune|p1a: Mesprit|[msg]|[from] ability: Levitate
|
|upkeep
|turn|25
|choice|move signalbeam|switch 2
|
|switch|p2a: Rotom|Rotom|267\/303 tox
|move|p1a: Mesprit|Signal Beam|p2a: Rotom
|-resisted|p2a: Rotom
|-damage|p2a: Rotom|201\/303 tox
|-damage|p1a: Mesprit|189\/301|[from] item: Life Orb
|
|-heal|p2a: Rotom|219\/303 tox|[from] item: Leftovers
|-damage|p2a: Rotom|201\/303 tox|[from] psn
|upkeep
|turn|26
|choice|switch 5|move voltswitch
|
|switch|p1a: Swanna|Swanna, M|262\/291
|move|p2a: Rotom|Volt Switch|p1a: Swanna
|-supereffective|p1a: Swanna
|-damage|p1a: Swanna|0 fnt
|faint|p1a: Swanna
|choice||switch 3
|
|switch|p2a: Liepard|Liepard, F|104\/269
|
|upkeep
|choice|switch 6|
|
|switch|p1a: Ferroseed|Ferroseed, F|251\/291 par
|turn|27
|choice|move stealthrock|switch 2
|
|switch|p2a: Primeape|Primeape, M|271\/271
|cant|p1a: Ferroseed|par
|
|upkeep
|turn|28
|choice|move protect|move closecombat
|
|move|p1a: Ferroseed|Protect|p1a: Ferroseed
|-singleturn|p1a: Ferroseed|Protect
|move|p2a: Primeape|Close Combat|p1a: Ferroseed
|-activate|p1a: Ferroseed|move: Protect
|
|upkeep
|turn|29
|choice|switch 4|switch 3
|
|switch|p2a: Rotom|Rotom|201\/303 tox
|switch|p1a: Rotom|Rotom|242\/242
|
|-heal|p2a: Rotom|219\/303 tox|[from] item: Leftovers
|-damage|p2a: Rotom|201\/303 tox|[from] psn
|upkeep
|turn|30
|choice|move shadowball|move willowisp
|
|move|p1a: Rotom|Shadow Ball|p2a: Rotom
|-supereffective|p2a: Rotom
|-damage|p2a: Rotom|0 fnt
|faint|p2a: Rotom
|
|upkeep
|choice||switch 2
|
|switch|p2a: Liepard|Liepard, F|104\/269
|turn|31
|choice|switch 4|move suckerpunch
|
|switch|p1a: Ferroseed|Ferroseed, F|251\/291 par
|move|p2a: Liepard|Sucker Punch|p1a: Ferroseed|[still]
|-fail|p2a: Liepard
|
|upkeep
|turn|32
|choice|move leechseed|switch 5
|
|switch|p2a: Swellow|Swellow, F|197\/261
|move|p1a: Ferroseed|Leech Seed|p2a: Swellow
|-start|p2a: Swellow|move: Leech Seed
|
|-damage|p2a: Swellow|165\/261|[from] Leech Seed|[of] p1a: Ferroseed
|-heal|p1a: Ferroseed|283\/291 par|[silent]
|upkeep
|turn|33
|choice|move stealthrock|move airslash
|
|move|p2a: Swellow|Air Slash|p1a: Ferroseed
|-damage|p1a: Ferroseed|211\/291 par
|cant|p1a: Ferroseed|par
|
|-damage|p2a: Swellow|133\/261|[from] Leech Seed|[of] p1a: Ferroseed
|-heal|p1a: Ferroseed|243\/291 par|[silent]
|upkeep
|turn|34
|choice|move stealthrock|move airslash
|
|move|p2a: Swellow|Air Slash|p1a: Ferroseed
|-damage|p1a: Ferroseed|164\/291 par
|move|p1a: Ferroseed|Stealth Rock|p2a: Swellow
|-sidestart|p2: Greenheroes|move: Stealth Rock
|
|-damage|p2a: Swellow|101\/261|[from] Leech Seed|[of] p1a: Ferroseed
|-heal|p1a: Ferroseed|196\/291 par|[silent]
|upkeep
|turn|35
|choice|move gyroball|move roost
|
|move|p2a: Swellow|Roost|p2a: Swellow
|-heal|p2a: Swellow|232\/261
|move|p1a: Ferroseed|Gyro Ball|p2a: Swellow
|-damage|p2a: Swellow|76\/261
|
|-damage|p2a: Swellow|44\/261|[from] Leech Seed|[of] p1a: Ferroseed
|-heal|p1a: Ferroseed|228\/291 par|[silent]
|upkeep
|turn|36
|choice|move gyroball|move roost
|
|move|p2a: Swellow|Roost|p2a: Swellow
|-heal|p2a: Swellow|175\/261
|cant|p1a: Ferroseed|par
|
|-damage|p2a: Swellow|143\/261|[from] Leech Seed|[of] p1a: Ferroseed
|-heal|p1a: Ferroseed|260\/291 par|[silent]
|upkeep
|turn|37
|choice|move gyroball|move defog
|
|move|p2a: Swellow|Defog|p1a: Ferroseed
|-unboost|p1a: Ferroseed|evasion|1
|-sideend|p2: Greenheroes|Stealth Rock|[from] move: Defog|[of] p2a: Swellow
|move|p1a: Ferroseed|Gyro Ball|p2a: Swellow
|-damage|p2a: Swellow|0 fnt
|faint|p2a: Swellow
|
|upkeep
|choice||switch 3
|
|switch|p2a: Primeape|Primeape, M|271\/271
|turn|38
|choice|move protect|move closecombat
|
|move|p1a: Ferroseed|Protect|p1a: Ferroseed
|-singleturn|p1a: Ferroseed|Protect
|move|p2a: Primeape|Close Combat|p1a: Ferroseed
|-activate|p1a: Ferroseed|move: Protect
|
|upkeep
|turn|39
|choice|switch 4|move uturn
|
|switch|p1a: Rotom|Rotom|242\/242
|move|p2a: Primeape|U-turn|p1a: Rotom
|-resisted|p1a: Rotom
|-damage|p1a: Rotom|197\/242
|choice||switch 5
|
|switch|p2a: Liepard|Liepard, F|104\/269
|
|upkeep
|turn|40
|choice|switch 4|move suckerpunch
|
|switch|p1a: Ferroseed|Ferroseed, F|260\/291 par
|move|p2a: Liepard|Sucker Punch|p1a: Ferroseed|[still]
|-fail|p2a: Liepard
|
|upkeep
|turn|41
|choice|move stealthrock|switch 5
|
|switch|p2a: Primeape|Primeape, M|271\/271
|cant|p1a: Ferroseed|par
|
|upkeep
|turn|42
|choice|switch 4|switch 5
|
|switch|p2a: Liepard|Liepard, F|104\/269
|switch|p1a: Rotom|Rotom|197\/242
|
|upkeep
|turn|43
|choice|switch 4|move suckerpunch
|
|switch|p1a: Ferroseed|Ferroseed, F|260\/291 par
|move|p2a: Liepard|Sucker Punch|p1a: Ferroseed|[still]
|-fail|p2a: Liepard
|
|upkeep
|turn|44
|choice|move stealthrock|switch 5
|
|switch|p2a: Primeape|Primeape, M|271\/271
|move|p1a: Ferroseed|Stealth Rock|p2a: Primeape
|-sidestart|p2: Greenheroes|move: Stealth Rock
|
|upkeep
|turn|45
|choice|switch 4|move irontail
|
|switch|p1a: Rotom|Rotom|197\/242
|move|p2a: Primeape|Iron Tail|p1a: Rotom
|-resisted|p1a: Rotom
|-damage|p1a: Rotom|138\/242
|
|upkeep
|turn|46
|choice|move voltswitch|move uturn
|
|move|p1a: Rotom|Volt Switch|p2a: Primeape
|-damage|p2a: Primeape|136\/271
|choice|switch 4|
|
|switch|p1a: Ferroseed|Ferroseed, F|260\/291 par
|move|p2a: Primeape|U-turn|p1a: Ferroseed
|-damage|p1a: Ferroseed|199\/291 par
|-damage|p2a: Primeape|103\/271|[from] ability: Iron Barbs|[of] p1a: Ferroseed
|choice||switch 5
|
|switch|p2a: Liepard|Liepard, F|104\/269
|-damage|p2a: Liepard|71\/269|[from] Stealth Rock
|
|upkeep
|turn|47
|choice|move leechseed|move knockoff
|
|move|p2a: Liepard|Knock Off|p1a: Ferroseed
|-damage|p1a: Ferroseed|112\/291 par
|-damage|p2a: Liepard|38\/269|[from] ability: Iron Barbs|[of] p1a: Ferroseed
|move|p1a: Ferroseed|Leech Seed|p2a: Liepard
|-start|p2a: Liepard|move: Leech Seed
|
|-damage|p2a: Liepard|5\/269|[from] Leech Seed|[of] p1a: Ferroseed
|-heal|p1a: Ferroseed|145\/291 par|[silent]
|upkeep
|turn|48
|choice|move protect|move knockoff
|
|move|p1a: Ferroseed|Protect|p1a: Ferroseed
|-singleturn|p1a: Ferroseed|Protect
|move|p2a: Liepard|Knock Off|p1a: Ferroseed
|-activate|p1a: Ferroseed|move: Protect
|
|-damage|p2a: Liepard|0 fnt|[from] Leech Seed|[of] p1a: Ferroseed
|-heal|p1a: Ferroseed|150\/291 par|[silent]
|upkeep
|faint|p2a: Liepard
|choice||switch 5
|
|switch|p2a: Primeape|Primeape, M|103\/271
|-damage|p2a: Primeape|87\/271|[from] Stealth Rock
|turn|49
|choice|switch 4|move earthquake
|
|switch|p1a: Rotom|Rotom|138\/242
|move|p2a: Primeape|Earthquake|p1a: Rotom
|-immune|p1a: Rotom|[msg]|[from] ability: Levitate
|
|upkeep
|turn|50
|choice|move thunderbolt|move uturn
|
|move|p1a: Rotom|Thunderbolt|p2a: Primeape
|-damage|p2a: Primeape|0 fnt
|faint|p2a: Primeape
|
|win|Omegaghost
|player|p1
|player|p2
|c|★Greenheroes|bien joué
|c|★Omegaghost|gg
|c|★Greenheroes|ce mind game est très solide XD
|c|★Omegaghost|lol oui</script>
</div>
<div class="battle-log battle-log-inline"><div class="inner"><div class="battle-options"></div><div class="inner"><div class="chat"><small>Omegaghost joined.</small></div><div class="chat"><small>Greenheroes joined.</small></div><div class=""><small>Format:</small> <br><strong>NU</strong></div><div class=""><small><em>Sleep Clause Mod:</em> Limit one foe put to sleep</small></div><div class=""><small><em>Species Clause:</em> Limit one of each Pokémon</small></div><div class=""><small><em>OHKO Clause:</em> OHKO moves are banned</small></div><div class=""><small><em>Moody Clause:</em> Moody is banned</small></div><div class=""><small><em>Evasion Moves Clause:</em> Evasion moves are banned</small></div><div class=""><small><em>Endless Battle Clause:</em> Forcing endless battles is banned</small></div><div class=""><small><em>HP Percentage Mod:</em> HP is shown in percentages</small></div><div class=""><small><em>Swagger Clause:</em> Swagger is banned</small></div><div class=""><small><em>Baton Pass Clause:</em> Limit one Baton Passer, can't pass Spe and other stats simultaneously</small></div><div class="chat battle-history"><strong>Omegaghost's team:</strong> <em style="color:#445566;display:block;">Mesprit / Ferroseed / Pyroar / Rotom / Gastrodon / Swanna</em></div><div class="chat battle-history"><strong>Greenheroes's team:</strong> <em style="color:#445566;display:block;">Torterra / Regirock / Liepard / Rotom / Primeape / Swellow</em></div><div class="chat chatmessage-greenheroes"><strong style="color:hsl(265,74%,56.967384459884016%)"><small>★</small><span class="username" data-name="Greenheroes">Greenheroes</span>:</strong> <em>bonne chance</em></div><div class="spacer battle-history"><br></div><div class="battle-history">Battle started between Omegaghost and Greenheroes!<br></div><div class="spacer battle-history"><br></div><div class="battle-history">Go! <strong>Swanna</strong>!<br></div><div class="spacer battle-history"><br></div><div class="battle-history">Greenheroes sent out <strong>Torterra</strong>!<br></div><div class="spacer battle-history"><br></div><h2 class="battle-history">Turn 1</h2><div class="chat chatmessage-omegaghost"><strong style="color:hsl(73,89%,27.29764128502124%)"><small>★</small><span class="username" data-name="Omegaghost">Omegaghost</span>:</strong> <em>à toi aussi</em></div><div class="spacer battle-history"><br></div><div class="battle-history">Swanna used <strong>Hurricane</strong>!<br></div><div class="battle-history"><small>It's super effective!</small><br></div><div class="battle-history"><small>(The opposing Torterra lost <abbr title="−394/394">100%</abbr> of its health!)</small><br></div><div class="battle-history"><small>Swanna lost some of its HP!</small><br></div><div class="spacer battle-history"><br></div><div class="battle-history">The opposing Torterra fainted!<br></div><div class="chat chatmessage-greenheroes"><strong style="color:hsl(265,74%,56.967384459884016%)"><small>★</small><span class="username" data-name="Greenheroes">Greenheroes</span>:</strong> <em>ok...</em></div><div class="spacer battle-history"><br></div><div class="battle-history">Greenheroes sent out <strong>Rotom</strong>!<br></div><div class="spacer battle-history"><br></div><h2 class="battle-history">Turn 2</h2><div class="spacer battle-history"><br></div><div class="battle-history">Swanna, come back!<br></div><div class="battle-history">Go! <strong>Gastrodon</strong>!<br></div><div class="spacer battle-history"><br></div><div class="battle-history">The opposing Rotom used <strong>Will-O-Wisp</strong>!<br></div><div class="battle-history"><small>Gastrodon was burned!</small><br></div><div class="spacer battle-history"><br></div><div class="battle-history"><small>Gastrodon was hurt by its burn!</small><br></div><div class="spacer battle-history"><br></div><h2 class="battle-history">Turn 3</h2><div class="spacer battle-history"><br></div><div class="battle-history">The opposing Rotom used <strong>Hex</strong>!<br></div><div class="battle-history"><small>(Gastrodon lost <abbr title="−186/426">43.7%</abbr> of its health!)</small><br></div><div class="spacer battle-history"><br></div><div class="battle-history">Gastrodon used <strong>Toxic</strong>!<br></div><div class="battle-history"><small>The opposing Rotom was badly poisoned!</small><br></div><div class="spacer battle-history"><br></div><div class="battle-history"><small>Gastrodon restored a little HP using its Leftovers!</small><br></div><div class="battle-history"><small>The opposing Rotom was hurt by poison!</small><br></div><div class="battle-history"><small>Gastrodon was hurt by its burn!</small><br></div><div class="spacer battle-history"><br></div><h2 class="battle-history">Turn 4</h2><div class="spacer battle-history"><br></div><div class="battle-history">The opposing Rotom used <strong>Hex</strong>!<br></div><div class="battle-history"><small>(Gastrodon lost <abbr title="−160/426">37.6%</abbr> of its health!)</small><br></div><div class="spacer battle-history"><br></div><div class="battle-history">Gastrodon fainted!<br></div><div class="spacer battle-history"><br></div><div class="battle-history"><small>The opposing Rotom restored a little HP using its Leftovers!</small><br></div><div class="battle-history"><small>The opposing Rotom was hurt by poison!</small><br></div><div class="spacer battle-history"><br></div><div class="battle-history">Go! <strong>Pyroar</strong>!<br></div><div class="battle-history"><small>[Pyroar's Unnerve]</small><br><small>The opposing team is too nervous to eat Berries!</small><br></div><div class="spacer battle-history"><br></div><h2 class="battle-history">Turn 5</h2><div class="spacer battle-history"><br></div><div class="battle-history">Greenheroes withdrew Rotom!<br></div><div class="battle-history">Greenheroes sent out <strong>Regirock</strong>!<br></div><div class="spacer battle-history"><br></div><div class="battle-history">Pyroar used <strong>Fire Blast</strong>!<br></div><div class="battle-history"><small>It's not very effective...</small><br></div><div class="battle-history"><small>(The opposing Regirock lost <abbr title="−91/364">25%</abbr> of its health!)</small><br></div><div class="spacer battle-history"><br></div><div class="battle-history"><small>The opposing Regirock restored a little HP using its Leftovers!</small><br></div><div class="spacer battle-history"><br></div><h2 class="battle-history">Turn 6</h2><div class="spacer battle-history"><br></div><div class="battle-history">Pyroar, come back!<br></div><div class="battle-history">Go! <strong>Ferroseed</strong>!<br></div><div class="spacer battle-history"><br></div><div class="battle-history">The opposing Regirock used <strong>Stealth Rock</strong>!<br></div><div class="battle-history"><small>Pointed stones float in the air around your team!</small><br></div><div class="spacer battle-history"><br></div><div class="battle-history"><small>The opposing Regirock restored a little HP using its Leftovers!</small><br></div><div class="spacer battle-history"><br></div><h2 class="battle-history">Turn 7</h2><div class="spacer battle-history"><br></div><div class="battle-history">Greenheroes withdrew Regirock!<br></div><div class="battle-history">Greenheroes sent out <strong>Swellow</strong>!<br></div><div class="spacer battle-history"><br></div><div class="battle-history">Ferroseed used <strong>Stealth Rock</strong>!<br></div><div class="battle-history"><small>Pointed stones float in the air around the opposing team!</small><br></div><div class="spacer battle-history"><br></div><h2 class="battle-history">Turn 8</h2><div class="spacer battle-history"><br></div><div class="battle-history">The opposing Swellow used <strong>Defog</strong>!<br></div><div class="battle-history"><small>Ferroseed's evasiveness fell!</small><br></div><div class="battle-history"><small>The pointed stones disappeared from around your team!</small><br></div><div class="battle-history"><small>The pointed stones disappeared from around the opposing team!</small><br></div><div class="spacer battle-history"><br></div><div class="battle-history">Ferroseed used <strong>Leech Seed</strong>!<br></div><div class="battle-history"><small>The opposing Swellow was seeded!</small><br></div><div class="spacer battle-history"><br></div><div class="battle-history"><small>The opposing Swellow's health is sapped by Leech Seed!</small><br></div><div class="spacer battle-history"><br></div><h2 class="battle-history">Turn 9</h2><div class="spacer battle-history"><br></div><div class="battle-history">Greenheroes withdrew Swellow!<br></div><div class="battle-history">Greenheroes sent out <strong>Liepard</strong>!<br></div><div class="spacer battle-history"><br></div><div class="battle-history">Ferroseed used <strong>Stealth Rock</strong>!<br></div><div class="battle-history"><small>Pointed stones float in the air around the opposing team!</small><br></div><div class="spacer battle-history"><br></div><h2 class="battle-history">Turn 10</h2><div class="spacer battle-history"><br></div><div class="battle-history">The opposing Liepard used <strong>Thunder Wave</strong>!<br></div><div class="battle-history"><small>Ferroseed is paralyzed! It may be unable to move!</small><br></div><div class="spacer battle-history"><br></div><div class="battle-history">Ferroseed used <strong>Leech Seed</strong>!<br></div><div class="battle-history"><small>The opposing Liepard was seeded!</small><br></div><div class="spacer battle-history"><br></div><div class="battle-history"><small>The opposing Liepard's health is sapped by Leech Seed!</small><br></div><div class="spacer battle-history"><br></div><h2 class="battle-history">Turn 11</h2><div class="spacer battle-history"><br></div><div class="battle-history">Ferroseed is paralyzed! It can't move!<br></div><div class="spacer battle-history"><br></div><div class="battle-history">The opposing Liepard used <strong>Knock Off</strong>!<br></div><div class="battle-history"><small>(Ferroseed lost <abbr title="−96/291">33.0%</abbr> of its health!)</small><br></div><div class="battle-history"><small>[Ferroseed's Iron Barbs]</small><br><small>The opposing Liepard was hurt!</small><br></div><div class="battle-history"><small>The opposing Liepard knocked off Ferroseed's Eviolite!</small><br></div><div class="spacer battle-history"><br></div><div class="battle-history"><small>The opposing Liepard's health is sapped by Leech Seed!</small><br></div><div class="spacer battle-history"><br></div><h2 class="battle-history">Turn 12</h2><div class="spacer battle-history"><br></div><div class="battle-history">Greenheroes withdrew Liepard!<br></div><div class="battle-history">Greenheroes sent out <strong>Regirock</strong>!<br></div><div class="battle-history"><small>Pointed stones dug into the opposing Regirock!</small><br></div><div class="spacer battle-history"><br></div><div class="battle-history">Ferroseed used <strong>Gyro Ball</strong>!<br></div><div class="battle-history"><small>It's super effective!</small><br></div><div class="battle-history"><small>(The opposing Regirock lost <abbr title="−104/364">28.6%</abbr> of its health!)</small><br></div><div class="spacer battle-history"><br></div><div class="battle-history"><small>The opposing Regirock restored a little HP using its Leftovers!</small><br></div><div class="spacer battle-history"><br></div><h2 class="battle-history">Turn 13</h2><div class="spacer battle-history"><br></div><div class="battle-history">The opposing Regirock used <strong>Stealth Rock</strong>!<br></div><div class="battle-history"><small>Pointed stones float in the air around your team!</small><br></div><div class="spacer battle-history"><br></div><div class="battle-history">Ferroseed used <strong>Leech Seed</strong>!<br></div><div class="battle-history"><small>The opposing Regirock was seeded!</small><br></div><div class="spacer battle-history"><br></div><div class="battle-history"><small>The opposing Regirock restored a little HP using its Leftovers!</small><br></div><div class="battle-history"><small>The opposing Regirock's health is sapped by Leech Seed!</small><br></div><div class="spacer battle-history"><br></div><h2 class="battle-history">Turn 14</h2><div class="spacer battle-history"><br></div><div class="battle-history">The opposing Regirock used <strong>Drain Punch</strong>!<br></div><div class="battle-history"><small>It's super effective!</small><br></div><div class="battle-history"><small>(Ferroseed lost <abbr title="−106/291">36.4%</abbr> of its health!)</small><br></div><div class="battle-history"><small>Ferroseed had its energy drained!</small><br></div><div class="battle-history"><small>[Ferroseed's Iron Barbs]</small><br><small>The opposing Regirock was hurt!</small><br></div><div class="spacer battle-history"><br></div><div class="battle-history">Ferroseed used <strong>Gyro Ball</strong>!<br></div><div class="battle-history"><small>It's super effective!</small><br></div><div class="battle-history"><small>(The opposing Regirock lost <abbr title="−114/364">31.3%</abbr> of its health!)</small><br></div><div class="spacer battle-history"><br></div><div class="battle-history"><small>The opposing Regirock restored a little HP using its Leftovers!</small><br></div><div class="battle-history"><small>The opposing Regirock's health is sapped by Leech Seed!</small><br></div><div class="spacer battle-history"><br></div><h2 class="battle-history">Turn 15</h2><div class="spacer battle-history"><br></div><div class="battle-history">Ferroseed used <strong>Protect</strong>!<br></div><div class="battle-history"><small>Ferroseed protected itself!</small><br></div><div class="spacer battle-history"><br></div><div class="battle-history">The opposing Regirock used <strong>Drain Punch</strong>!<br></div><div class="battle-history"><small>Ferroseed protected itself!</small><br></div><div class="spacer battle-history"><br></div><div class="battle-history"><small>The opposing Regirock restored a little HP using its Leftovers!</small><br></div><div class="battle-history"><small>The opposing Regirock's health is sapped by Leech Seed!</small><br></div><div class="spacer battle-history"><br></div><h2 class="battle-history">Turn 16</h2><div class="spacer battle-history"><br></div><div class="battle-history">Ferroseed, come back!<br></div><div class="battle-history">Go! <strong>Mesprit</strong>!<br></div><div class="battle-history"><small>Pointed stones dug into Mesprit!</small><br></div><div class="spacer battle-history"><br></div><div class="battle-history">The opposing Regirock used <strong>Rock Slide</strong>!<br></div><div class="battle-history"><small>(Mesprit lost <abbr title="−82/301">27.2%</abbr> of its health!)</small><br></div><div class="spacer battle-history"><br></div><div class="battle-history"><small>The opposing Regirock restored a little HP using its Leftovers!</small><br></div><div class="battle-history"><small>The opposing Regirock's health is sapped by Leech Seed!</small><br></div><div class="spacer battle-history"><br></div><div class="battle-history">The opposing Regirock fainted!<br></div><div class="spacer battle-history"><br></div><div class="battle-history">Greenheroes sent out <strong>Liepard</strong>!<br></div><div class="battle-history"><small>Pointed stones dug into the opposing Liepard!</small><br></div><div class="spacer battle-history"><br></div><h2 class="battle-history">Turn 17</h2><div class="spacer battle-history"><br></div><div class="battle-history">Mesprit, come back!<br></div><div class="battle-history">Go! <strong>Ferroseed</strong>!<br></div><div class="battle-history"><small>Pointed stones dug into Ferroseed!</small><br></div><div class="spacer battle-history"><br></div><div class="battle-history">The opposing Liepard used <strong>Sucker Punch</strong>!<br></div><div class="battle-history"><small>But it failed!</small><br></div><div class="spacer battle-history"><br></div><h2 class="battle-history">Turn 18</h2><div class="spacer battle-history"><br></div><div class="battle-history">The opposing Liepard used <strong>Knock Off</strong>!<br></div><div class="battle-history"><small>(Ferroseed lost <abbr title="−84/291">28.9%</abbr> of its health!)</small><br></div><div class="battle-history"><small>[Ferroseed's Iron Barbs]</small><br><small>The opposing Liepard was hurt!</small><br></div><div class="spacer battle-history"><br></div><div class="battle-history">Ferroseed is paralyzed! It can't move!<br></div><div class="spacer battle-history"><br></div><h2 class="battle-history">Turn 19</h2><div class="spacer battle-history"><br></div><div class="battle-history">Greenheroes withdrew Liepard!<br></div><div class="battle-history">Greenheroes sent out <strong>Swellow</strong>!<br></div><div class="battle-history"><small>Pointed stones dug into the opposing Swellow!</small><br></div><div class="spacer battle-history"><br></div><div class="battle-history">Ferroseed used <strong>Leech Seed</strong>!<br></div><div class="battle-history"><small>The opposing Swellow was seeded!</small><br></div><div class="spacer battle-history"><br></div><div class="battle-history"><small>The opposing Swellow's health is sapped by Leech Seed!</small><br></div><div class="spacer battle-history"><br></div><h2 class="battle-history">Turn 20</h2><div class="spacer battle-history"><br></div><div class="battle-history">The opposing Swellow used <strong>Roost</strong>!<br></div><div class="battle-history"><small>The opposing Swellow restored its HP.</small><br></div><div class="spacer battle-history"><br></div><div class="battle-history">Ferroseed used <strong>Stealth Rock</strong>!<br></div><div class="battle-history"><small>But it failed!</small><br></div><div class="spacer battle-history"><br></div><div class="battle-history"><small>The opposing Swellow's health is sapped by Leech Seed!</small><br></div><div class="spacer battle-history"><br></div><h2 class="battle-history">Turn 21</h2><div class="spacer battle-history"><br></div><div class="battle-history">The opposing Swellow used <strong>Defog</strong>!<br></div><div class="battle-history"><small>Ferroseed's evasiveness fell!</small><br></div><div class="battle-history"><small>The pointed stones disappeared from around your team!</small><br></div><div class="battle-history"><small>The pointed stones disappeared from around the opposing team!</small><br></div><div class="spacer battle-history"><br></div><div class="battle-history">Ferroseed is paralyzed! It can't move!<br></div><div class="spacer battle-history"><br></div><div class="battle-history"><small>The opposing Swellow's health is sapped by Leech Seed!</small><br></div><div class="spacer battle-history"><br></div><h2 class="battle-history">Turn 22</h2><div class="spacer battle-history"><br></div><div class="battle-history">Greenheroes withdrew Swellow!<br></div><div class="battle-history">Greenheroes sent out <strong>Primeape</strong>!<br></div><div class="spacer battle-history"><br></div><div class="battle-history">Ferroseed is paralyzed! It can't move!<br></div><div class="spacer battle-history"><br></div><h2 class="battle-history">Turn 23</h2><div class="spacer battle-history"><br></div><div class="battle-history">Ferroseed used <strong>Protect</strong>!<br></div><div class="battle-history"><small>Ferroseed protected itself!</small><br></div><div class="spacer battle-history"><br></div><div class="battle-history">The opposing Primeape used <strong>Earthquake</strong>!<br></div><div class="battle-history"><small>Ferroseed protected itself!</small><br></div><div class="spacer battle-history"><br></div><h2 class="battle-history">Turn 24</h2><div class="spacer battle-history"><br></div><div class="battle-history">Ferroseed, come back!<br></div><div class="battle-history">Go! <strong>Mesprit</strong>!<br></div><div class="spacer battle-history"><br></div><div class="battle-history">The opposing Primeape used <strong>Earthquake</strong>!<br></div><div class="battle-history"><small>[Mesprit's Levitate]</small><br><small>It doesn't affect Mesprit...</small><br></div><div class="spacer battle-history"><br></div><h2 class="battle-history">Turn 25</h2><div class="spacer battle-history"><br></div><div class="battle-history">Greenheroes withdrew Primeape!<br></div><div class="battle-history">Greenheroes sent out <strong>Rotom</strong>!<br></div><div class="spacer battle-history"><br></div><div class="battle-history">Mesprit used <strong>Signal Beam</strong>!<br></div><div class="battle-history"><small>It's not very effective...</small><br></div><div class="battle-history"><small>(The opposing Rotom lost <abbr title="−66/303">21.8%</abbr> of its health!)</small><br></div><div class="battle-history"><small>Mesprit lost some of its HP!</small><br></div><div class="spacer battle-history"><br></div><div class="battle-history"><small>The opposing Rotom restored a little HP using its Leftovers!</small><br></div><div class="battle-history"><small>The opposing Rotom was hurt by poison!</small><br></div><div class="spacer battle-history"><br></div><h2 class="battle-history">Turn 26</h2><div class="spacer battle-history"><br></div><div class="battle-history">Mesprit, come back!<br></div><div class="battle-history">Go! <strong>Swanna</strong>!<br></div><div class="spacer battle-history"><br></div><div class="battle-history">The opposing Rotom used <strong>Volt Switch</strong>!<br></div><div class="battle-history"><small>It's super effective!</small><br></div><div class="battle-history"><small>(Swanna lost <abbr title="−262/291">90.0%</abbr> of its health!)</small><br></div><div class="spacer battle-history"><br></div><div class="battle-history">Swanna fainted!<br></div><div class="spacer battle-history"><br></div><div class="battle-history">The opposing Rotom went back to Greenheroes!<br></div><div class="battle-history">Greenheroes sent out <strong>Liepard</strong>!<br></div><div class="spacer battle-history"><br></div><div class="battle-history">Go! <strong>Ferroseed</strong>!<br></div><div class="spacer battle-history"><br></div><h2 class="battle-history">Turn 27</h2><div class="spacer battle-history"><br></div><div class="battle-history">Greenheroes withdrew Liepard!<br></div><div class="battle-history">Greenheroes sent out <strong>Primeape</strong>!<br></div><div class="spacer battle-history"><br></div><div class="battle-history">Ferroseed is paralyzed! It can't move!<br></div><div class="spacer battle-history"><br></div><h2 class="battle-history">Turn 28</h2><div class="spacer battle-history"><br></div><div class="battle-history">Ferroseed used <strong>Protect</strong>!<br></div><div class="battle-history"><small>Ferroseed protected itself!</small><br></div><div class="spacer battle-history"><br></div><div class="battle-history">The opposing Primeape used <strong>Close Combat</strong>!<br></div><div class="battle-history"><small>Ferroseed protected itself!</small><br></div><div class="spacer battle-history"><br></div><h2 class="battle-history">Turn 29</h2><div class="spacer battle-history"><br></div><div class="battle-history">Greenheroes withdrew Primeape!<br></div><div class="battle-history">Greenheroes sent out <strong>Rotom</strong>!<br></div><div class="spacer battle-history"><br></div><div class="battle-history">Ferroseed, come back!<br></div><div class="battle-history">Go! <strong>Rotom</strong>!<br></div><div class="spacer battle-history"><br></div><div class="battle-history"><small>The opposing Rotom restored a little HP using its Leftovers!</small><br></div><div class="battle-history"><small>The opposing Rotom was hurt by poison!</small><br></div><div class="spacer battle-history"><br></div><h2 class="battle-history">Turn 30</h2><div class="spacer battle-history"><br></div><div class="battle-history">Rotom used <strong>Shadow Ball</strong>!<br></div><div class="battle-history"><small>It's super effective!</small><br></div><div class="battle-history"><small>(The opposing Rotom lost <abbr title="−201/303">66.3%</abbr> of its health!)</small><br></div><div class="spacer battle-history"><br></div><div class="battle-history">The opposing Rotom fainted!<br></div><div class="spacer battle-history"><br></div><div class="battle-history">Greenheroes sent out <strong>Liepard</strong>!<br></div><div class="spacer battle-history"><br></div><h2 class="battle-history">Turn 31</h2><div class="spacer battle-history"><br></div><div class="battle-history">Rotom, come back!<br></div><div class="battle-history">Go! <strong>Ferroseed</strong>!<br></div><div class="spacer battle-history"><br></div><div class="battle-history">The opposing Liepard used <strong>Sucker Punch</strong>!<br></div><div class="battle-history"><small>But it failed!</small><br></div><div class="spacer battle-history"><br></div><h2 class="battle-history">Turn 32</h2><div class="spacer battle-history"><br></div><div class="battle-history">Greenheroes withdrew Liepard!<br></div><div class="battle-history">Greenheroes sent out <strong>Swellow</strong>!<br></div><div class="spacer battle-history"><br></div><div class="battle-history">Ferroseed used <strong>Leech Seed</strong>!<br></div><div class="battle-history"><small>The opposing Swellow was seeded!</small><br></div><div class="spacer battle-history"><br></div><div class="battle-history"><small>The opposing Swellow's health is sapped by Leech Seed!</small><br></div><div class="spacer battle-history"><br></div><h2 class="battle-history">Turn 33</h2><div class="spacer battle-history"><br></div><div class="battle-history">The opposing Swellow used <strong>Air Slash</strong>!<br></div><div class="battle-history"><small>(Ferroseed lost <abbr title="−72/291">24.7%</abbr> of its health!)</small><br></div><div class="spacer battle-history"><br></div><div class="battle-history">Ferroseed is paralyzed! It can't move!<br></div><div class="spacer battle-history"><br></div><div class="battle-history"><small>The opposing Swellow's health is sapped by Leech Seed!</small><br></div><div class="spacer battle-history"><br></div><h2 class="battle-history">Turn 34</h2><div class="spacer battle-history"><br></div><div class="battle-history">The opposing Swellow used <strong>Air Slash</strong>!<br></div><div class="battle-history"><small>(Ferroseed lost <abbr title="−79/291">27.1%</abbr> of its health!)</small><br></div><div class="spacer battle-history"><br></div><div class="battle-history">Ferroseed used <strong>Stealth Rock</strong>!<br></div><div class="battle-history"><small>Pointed stones float in the air around the opposing team!</small><br></div><div class="spacer battle-history"><br></div><div class="battle-history"><small>The opposing Swellow's health is sapped by Leech Seed!</small><br></div><div class="spacer battle-history"><br></div><h2 class="battle-history">Turn 35</h2><div class="spacer battle-history"><br></div><div class="battle-history">The opposing Swellow used <strong>Roost</strong>!<br></div><div class="battle-history"><small>The opposing Swellow restored its HP.</small><br></div><div class="spacer battle-history"><br></div><div class="battle-history">Ferroseed used <strong>Gyro Ball</strong>!<br></div><div class="battle-history"><small>(The opposing Swellow lost <abbr title="−156/261">59.8%</abbr> of its health!)</small><br></div><div class="spacer battle-history"><br></div><div class="battle-history"><small>The opposing Swellow's health is sapped by Leech Seed!</small><br></div><div class="spacer battle-history"><br></div><h2 class="battle-history">Turn 36</h2><div class="spacer battle-history"><br></div><div class="battle-history">The opposing Swellow used <strong>Roost</strong>!<br></div><div class="battle-history"><small>The opposing Swellow restored its HP.</small><br></div><div class="spacer battle-history"><br></div><div class="battle-history">Ferroseed is paralyzed! It can't move!<br></div><div class="spacer battle-history"><br></div><div class="battle-history"><small>The opposing Swellow's health is sapped by Leech Seed!</small><br></div><div class="spacer battle-history"><br></div><h2 class="battle-history">Turn 37</h2><div class="spacer battle-history"><br></div><div class="battle-history">The opposing Swellow used <strong>Defog</strong>!<br></div><div class="battle-history"><small>Ferroseed's evasiveness fell!</small><br></div><div class="battle-history"><small>The pointed stones disappeared from around the opposing team!</small><br></div><div class="spacer battle-history"><br></div><div class="battle-history">Ferroseed used <strong>Gyro Ball</strong>!<br></div><div class="battle-history"><small>(The opposing Swellow lost <abbr title="−143/261">54.8%</abbr> of its health!)</small><br></div><div class="spacer battle-history"><br></div><div class="battle-history">The opposing Swellow fainted!<br></div><div class="spacer battle-history"><br></div><div class="battle-history">Greenheroes sent out <strong>Primeape</strong>!<br></div><div class="spacer battle-history"><br></div><h2 class="battle-history">Turn 38</h2><div class="spacer battle-history"><br></div><div class="battle-history">Ferroseed used <strong>Protect</strong>!<br></div><div class="battle-history"><small>Ferroseed protected itself!</small><br></div><div class="spacer battle-history"><br></div><div class="battle-history">The opposing Primeape used <strong>Close Combat</strong>!<br></div><div class="battle-history"><small>Ferroseed protected itself!</small><br></div><div class="spacer battle-history"><br></div><h2 class="battle-history">Turn 39</h2><div class="spacer battle-history"><br></div><div class="battle-history">Ferroseed, come back!<br></div><div class="battle-history">Go! <strong>Rotom</strong>!<br></div><div class="spacer battle-history"><br></div><div class="battle-history">The opposing Primeape used <strong>U-turn</strong>!<br></div><div class="battle-history"><small>It's not very effective...</small><br></div><div class="battle-history"><small>(Rotom lost <abbr title="−45/242">18.6%</abbr> of its health!)</small><br></div><div class="spacer battle-history"><br></div><div class="battle-history">The opposing Primeape went back to Greenheroes!<br></div><div class="battle-history">Greenheroes sent out <strong>Liepard</strong>!<br></div><div class="spacer battle-history"><br></div><h2 class="battle-history">Turn 40</h2><div class="spacer battle-history"><br></div><div class="battle-history">Rotom, come back!<br></div><div class="battle-history">Go! <strong>Ferroseed</strong>!<br></div><div class="spacer battle-history"><br></div><div class="battle-history">The opposing Liepard used <strong>Sucker Punch</strong>!<br></div><div class="battle-history"><small>But it failed!</small><br></div><div class="spacer battle-history"><br></div><h2 class="battle-history">Turn 41</h2><div class="spacer battle-history"><br></div><div class="battle-history">Greenheroes withdrew Liepard!<br></div><div class="battle-history">Greenheroes sent out <strong>Primeape</strong>!<br></div><div class="spacer battle-history"><br></div><div class="battle-history">Ferroseed is paralyzed! It can't move!<br></div><div class="spacer battle-history"><br></div><h2 class="battle-history">Turn 42</h2><div class="spacer battle-history"><br></div><div class="battle-history">Greenheroes withdrew Primeape!<br></div><div class="battle-history">Greenheroes sent out <strong>Liepard</strong>!<br></div><div class="spacer battle-history"><br></div><div class="battle-history">Ferroseed, come back!<br></div><div class="battle-history">Go! <strong>Rotom</strong>!<br></div><div class="spacer battle-history"><br></div><h2 class="battle-history">Turn 43</h2><div class="spacer battle-history"><br></div><div class="battle-history">Rotom, come back!<br></div><div class="battle-history">Go! <strong>Ferroseed</strong>!<br></div><div class="spacer battle-history"><br></div><div class="battle-history">The opposing Liepard used <strong>Sucker Punch</strong>!<br></div><div class="battle-history"><small>But it failed!</small><br></div><div class="spacer battle-history"><br></div><h2 class="battle-history">Turn 44</h2><div class="spacer battle-history"><br></div><div class="battle-history">Greenheroes withdrew Liepard!<br></div><div class="battle-history">Greenheroes sent out <strong>Primeape</strong>!<br></div><div class="spacer battle-history"><br></div><div class="battle-history">Ferroseed used <strong>Stealth Rock</strong>!<br></div><div class="battle-history"><small>Pointed stones float in the air around the opposing team!</small><br></div><div class="spacer battle-history"><br></div><h2 class="battle-history">Turn 45</h2><div class="spacer battle-history"><br></div><div class="battle-history">Ferroseed, come back!<br></div><div class="battle-history">Go! <strong>Rotom</strong>!<br></div><div class="spacer battle-history"><br></div><div class="battle-history">The opposing Primeape used <strong>Iron Tail</strong>!<br></div><div class="battle-history"><small>It's not very effective...</small><br></div><div class="battle-history"><small>(Rotom lost <abbr title="−59/242">24.4%</abbr> of its health!)</small><br></div><div class="spacer battle-history"><br></div><h2 class="battle-history">Turn 46</h2><div class="spacer battle-history"><br></div><div class="battle-history">Rotom used <strong>Volt Switch</strong>!<br></div><div class="battle-history"><small>(The opposing Primeape lost <abbr title="−135/271">49.8%</abbr> of its health!)</small><br></div><div class="spacer battle-history"><br></div><div class="battle-history">Rotom went back to Omegaghost!<br></div><div class="battle-history">Go! <strong>Ferroseed</strong>!<br></div><div class="spacer battle-history"><br></div><div class="battle-history">The opposing Primeape used <strong>U-turn</strong>!<br></div><div class="battle-history"><small>(Ferroseed lost <abbr title="−61/291">21.0%</abbr> of its health!)</small><br></div><div class="battle-history"><small>[Ferroseed's Iron Barbs]</small><br><small>The opposing Primeape was hurt!</small><br></div><div class="spacer battle-history"><br></div><div class="battle-history">The opposing Primeape went back to Greenheroes!<br></div><div class="battle-history">Greenheroes sent out <strong>Liepard</strong>!<br></div><div class="battle-history"><small>Pointed stones dug into the opposing Liepard!</small><br></div><div class="spacer battle-history"><br></div><h2 class="battle-history">Turn 47</h2><div class="spacer battle-history"><br></div><div class="battle-history">The opposing Liepard used <strong>Knock Off</strong>!<br></div><div class="battle-history"><small>(Ferroseed lost <abbr title="−87/291">29.9%</abbr> of its health!)</small><br></div><div class="battle-history"><small>[Ferroseed's Iron Barbs]</small><br><small>The opposing Liepard was hurt!</small><br></div><div class="spacer battle-history"><br></div><div class="battle-history">Ferroseed used <strong>Leech Seed</strong>!<br></div><div class="battle-history"><small>The opposing Liepard was seeded!</small><br></div><div class="spacer battle-history"><br></div><div class="battle-history"><small>The opposing Liepard's health is sapped by Leech Seed!</small><br></div><div class="spacer battle-history"><br></div><h2 class="battle-history">Turn 48</h2><div class="spacer battle-history"><br></div><div class="battle-history">Ferroseed used <strong>Protect</strong>!<br></div><div class="battle-history"><small>Ferroseed protected itself!</small><br></div><div class="spacer battle-history"><br></div><div class="battle-history">The opposing Liepard used <strong>Knock Off</strong>!<br></div><div class="battle-history"><small>Ferroseed protected itself!</small><br></div><div class="spacer battle-history"><br></div><div class="battle-history"><small>The opposing Liepard's health is sapped by Leech Seed!</small><br></div><div class="spacer battle-history"><br></div><div class="battle-history">The opposing Liepard fainted!<br></div><div class="spacer battle-history"><br></div><div class="battle-history">Greenheroes sent out <strong>Primeape</strong>!<br></div><div class="battle-history"><small>Pointed stones dug into the opposing Primeape!</small><br></div><div class="spacer battle-history"><br></div><h2 class="battle-history">Turn 49</h2><div class="spacer battle-history"><br></div><div class="battle-history">Ferroseed, come back!<br></div><div class="battle-history">Go! <strong>Rotom</strong>!<br></div><div class="spacer battle-history"><br></div><div class="battle-history">The opposing Primeape used <strong>Earthquake</strong>!<br></div><div class="battle-history"><small>[Rotom's Levitate]</small><br><small>It doesn't affect Rotom...</small><br></div><div class="spacer battle-history"><br></div><h2 class="battle-history">Turn 50</h2><div class="spacer battle-history"><br></div><div class="battle-history">Rotom used <strong>Thunderbolt</strong>!<br></div><div class="battle-history"><small>(The opposing Primeape lost <abbr title="−87/271">32.1%</abbr> of its health!)</small><br></div><div class="spacer battle-history"><br></div><div class="battle-history">The opposing Primeape fainted!<br></div><div class="spacer battle-history"><br></div><div class="battle-history"><strong>Omegaghost</strong> won the battle!<br></div><div class="chat chatmessage-greenheroes"><strong style="color:hsl(265,74%,56.967384459884016%)"><small>★</small><span class="username" data-name="Greenheroes">Greenheroes</span>:</strong> <em>bien joué</em></div><div class="chat chatmessage-omegaghost"><strong style="color:hsl(73,89%,27.29764128502124%)"><small>★</small><span class="username" data-name="Omegaghost">Omegaghost</span>:</strong> <em>gg</em></div><div class="chat chatmessage-greenheroes"><strong style="color:hsl(265,74%,56.967384459884016%)"><small>★</small><span class="username" data-name="Greenheroes">Greenheroes</span>:</strong> <em>ce mind game est très solide XD</em></div><div class="chat chatmessage-omegaghost"><strong style="color:hsl(73,89%,27.29764128502124%)"><small>★</small><span class="username" data-name="Omegaghost">Omegaghost</span>:</strong> <em>lol oui</em></div></div><div class="inner-preempt"></div></div></div>
</div>
<script>
let daily = Math.floor(Date.now()/1000/60/60/24);document.write('<script src="https://play.pokemonshowdown.com/js/replay-embed.js?version'+daily+'"></'+'script>');
</script>
