<!DOCTYPE html>
<meta charset="utf-8" />
<!-- version 1 -->
<title>NU replay: LCezasfuck vs. BoringOldPotato</title>
<style>
html,body {font-family:Verdana, sans-serif;font-size:10pt;margin:0;padding:0;}body{padding:12px 0;} .battle-log {font-family:Verdana, sans-serif;font-size:10pt;} .battle-log-inline {border:1px solid #AAAAAA;background:#EEF2F5;color:black;max-width:640px;margin:0 auto 80px;padding-bottom:5px;} .battle-log .inner {padding:4px 8px 0px 8px;} .battle-log .inner-preempt {padding:0 8px 4px 8px;} .battle-log .inner-after {margin-top:0.5em;} .battle-log h2 {margin:0.5em -8px;padding:4px 8px;border:1px solid #AAAAAA;background:#E0E7EA;border-left:0;border-right:0;font-family:Verdana, sans-serif;font-size:13pt;} .battle-log .chat {vertical-align:middle;padding:3px 0 3px 0;font-size:8pt;} .battle-log .chat strong {color:#40576A;} .battle-log .chat em {padding:1px 4px 1px 3px;color:#000000;font-style:normal;} .chat.mine {background:rgba(0,0,0,0.05);margin-left:-8px;margin-right:-8px;padding-left:8px;padding-right:8px;} .spoiler {color:#BBBBBB;background:#BBBBBB;padding:0px 3px;} .spoiler:hover, .spoiler:active, .spoiler-shown {color:#000000;background:#E2E2E2;padding:0px 3px;} .spoiler a {color:#BBBBBB;} .spoiler:hover a, .spoiler:active a, .spoiler-shown a {color:#2288CC;} .chat code, .chat .spoiler:hover code, .chat .spoiler:active code, .chat .spoiler-shown code {border:1px solid #C0C0C0;background:#EEEEEE;color:black;padding:0 2px;} .chat .spoiler code {border:1px solid #CCCCCC;background:#CCCCCC;color:#CCCCCC;} .battle-log .rated {padding:3px 4px;} .battle-log .rated strong {color:white;background:#89A;padding:1px 4px;border-radius:4px;} .spacer {margin-top:0.5em;} .message-announce {background:#6688AA;color:white;padding:1px 4px 2px;} .message-announce a, .broadcast-green a, .broadcast-blue a, .broadcast-red a {color:#DDEEFF;} .broadcast-green {background-color:#559955;color:white;padding:2px 4px;} .broadcast-blue {background-color:#6688AA;color:white;padding:2px 4px;} .infobox {border:1px solid #6688AA;padding:2px 4px;} .infobox-limited {max-height:200px;overflow:auto;overflow-x:hidden;} .broadcast-red {background-color:#AA5544;color:white;padding:2px 4px;} .message-learn-canlearn {font-weight:bold;color:#228822;text-decoration:underline;} .message-learn-cannotlearn {font-weight:bold;color:#CC2222;text-decoration:underline;} .message-effect-weak {font-weight:bold;color:#CC2222;} .message-effect-resist {font-weight:bold;color:#6688AA;} .message-effect-immune {font-weight:bold;color:#666666;} .message-learn-list {margin-top:0;margin-bottom:0;} .message-throttle-notice, .message-error {color:#992222;} .message-overflow, .chat small.message-overflow {font-size:0pt;} .message-overflow::before {font-size:9pt;content:'...';} .subtle {color:#3A4A66;}
</style>
<div class="wrapper replay-wrapper" style="max-width:1180px;margin:0 auto">
<input type="hidden" name="replayid" value="nu-521480154" />
<div class="battle"></div><div class="battle-log"></div><div class="replay-controls"></div><div class="replay-controls-2"></div>
<h1 style="font-weight:normal;text-align:center"><strong>NU</strong><br /><a href="http://pokemonshowdown.com/users/lcezasfuck" class="subtle" target="_blank">LCezasfuck</a> vs. <a href="http://pokemonshowdown.com/users/boringoldpotato" class="subtle" target="_blank">BoringOldPotato</a></h1>
<script type="text/plain" class="battle-log-data">|j|LCezasfuck
|j|BoringOldPotato
|player|p1|LCezasfuck|184
|player|p2|BoringOldPotato|121
|gametype|singles
|gen|6
|tier|NU
|rated
|seed|60975,60420,44465,49141
|rule|Sleep Clause Mod: Limit one foe put to sleep
|rule|Species Clause: Limit one of each Pokémon
|rule|OHKO Clause: OHKO moves are banned
|rule|Moody Clause: Moody is banned
|rule|Evasion Moves Clause: Evasion moves are banned
|rule|Endless Battle Clause: Forcing endless battles is banned
|rule|HP Percentage Mod: HP is shown in percentages
|clearpoke
|poke|p1|Pelipper, F|item
|poke|p1|Ferroseed, M|item
|poke|p1|Miltank, F|item
|poke|p1|Scyther, M|item
|poke|p1|Swellow, F|item
|poke|p1|Misdreavus, M|item
|poke|p2|Hitmonchan, M|item
|poke|p2|Jynx, F|item
|poke|p2|Garbodor, M, shiny|item
|poke|p2|Rhydon, M|item
|poke|p2|Swellow, M|item
|poke|p2|Lanturn, M|item
|rule|Swagger Clause: Swagger is banned
|rule|Baton Pass Clause: Limit one Baton Passer, can't pass Spe and other stats simultaneously
|teampreview
|choice|team 5, team 2, team 3, team 4, team 1, team 6|team 3, team 2, team 1, team 4, team 5, team 6
|
|start
|switch|p1a: Swellow|Swellow, F|261\/261
|switch|p2a: Garbodor|Garbodor, M, shiny|364\/364
|turn|1
|choice|move uturn|move toxicspikes
|
|move|p1a: Swellow|U-turn|p2a: Garbodor
|-resisted|p2a: Garbodor
|-damage|p2a: Garbodor|346\/364
|-damage|p1a: Swellow|218\/261|[from] item: Rocky Helmet|[of] p2a: Garbodor
|choice|switch 2|
|
|switch|p1a: Ferroseed|Ferroseed, M|292\/292
|move|p2a: Garbodor|Toxic Spikes|p1a: Ferroseed
|-sidestart|p1: LCezasfuck|move: Toxic Spikes
|
|upkeep
|turn|2
|choice|move thunderwave|move toxicspikes
|
|move|p2a: Garbodor|Toxic Spikes|p1a: Ferroseed
|-sidestart|p1: LCezasfuck|move: Toxic Spikes
|move|p1a: Ferroseed|Thunder Wave|p2a: Garbodor
|-status|p2a: Garbodor|par
|
|upkeep
|turn|3
|choice|move leechseed|move spikes
|
|move|p1a: Ferroseed|Leech Seed|p2a: Garbodor
|-start|p2a: Garbodor|move: Leech Seed
|move|p2a: Garbodor|Spikes|p1a: Ferroseed
|-sidestart|p1: LCezasfuck|Spikes
|
|-damage|p2a: Garbodor|301\/364 par|[from] Leech Seed|[of] p1a: Ferroseed
|upkeep
|turn|4
|choice|switch 5|move spikes
|
|switch|p1a: Pelipper|Pelipper, F|324\/324
|move|p2a: Garbodor|Spikes|p1a: Pelipper
|-sidestart|p1: LCezasfuck|Spikes
|
|-damage|p2a: Garbodor|256\/364 par|[from] Leech Seed|[of] p1a: Pelipper
|upkeep
|turn|5
|choice|move defog|move gunkshot
|
|move|p1a: Pelipper|Defog|p2a: Garbodor
|-unboost|p2a: Garbodor|evasion|1
|-sideend|p1: LCezasfuck|Spikes|[from] move: Defog|[of] p1a: Pelipper
|-sideend|p1: LCezasfuck|Toxic Spikes|[from] move: Defog|[of] p1a: Pelipper
|move|p2a: Garbodor|Gunk Shot|p1a: Pelipper
|-damage|p1a: Pelipper|227\/324
|
|-heal|p1a: Pelipper|247\/324|[from] item: Leftovers
|-damage|p2a: Garbodor|211\/364 par|[from] Leech Seed|[of] p1a: Pelipper
|-heal|p1a: Pelipper|292\/324|[silent]
|upkeep
|turn|6
|choice|move scald|switch 2
|
|switch|p2a: Jynx|Jynx, F|273\/273
|move|p1a: Pelipper|Scald|p2a: Jynx
|-immune|p2a: Jynx|[msg]|[from] ability: Dry Skin
|
|-heal|p1a: Pelipper|312\/324|[from] item: Leftovers
|upkeep
|turn|7
|choice|move scald|move nastyplot
|
|move|p2a: Jynx|Nasty Plot|p2a: Jynx
|-boost|p2a: Jynx|spa|2
|move|p1a: Pelipper|Scald|p2a: Jynx
|-immune|p2a: Jynx|[msg]|[from] ability: Dry Skin
|
|-heal|p1a: Pelipper|324\/324|[from] item: Leftovers
|upkeep
|turn|8
|choice|move toxic|move nastyplot
|
|move|p2a: Jynx|Nasty Plot|p2a: Jynx
|-boost|p2a: Jynx|spa|2
|move|p1a: Pelipper|Toxic|p2a: Jynx
|-status|p2a: Jynx|tox
|
|-damage|p2a: Jynx|256\/273 tox|[from] psn
|upkeep
|turn|9
|choice|switch 3|move icebeam
|
|switch|p1a: Miltank|Miltank, F|394\/394
|move|p2a: Jynx|Ice Beam|p1a: Miltank
|-damage|p1a: Miltank|199\/394
|
|-heal|p2a: Jynx|273\/273 tox|[from] item: Leftovers
|-heal|p1a: Miltank|223\/394|[from] item: Leftovers
|-damage|p2a: Jynx|239\/273 tox|[from] psn
|upkeep
|turn|10
|choice|move stealthrock|move icebeam
|
|move|p2a: Jynx|Ice Beam|p1a: Miltank
|-damage|p1a: Miltank|21\/394
|-status|p1a: Miltank|frz
|cant|p1a: Miltank|frz
|
|-heal|p2a: Jynx|256\/273 tox|[from] item: Leftovers
|-heal|p1a: Miltank|45\/394 frz|[from] item: Leftovers
|-damage|p2a: Jynx|205\/273 tox|[from] psn
|upkeep
|turn|11
|choice|move stealthrock|move icebeam
|
|move|p2a: Jynx|Ice Beam|p1a: Miltank
|-damage|p1a: Miltank|0 fnt
|faint|p1a: Miltank
|
|-heal|p2a: Jynx|222\/273 tox|[from] item: Leftovers
|-damage|p2a: Jynx|154\/273 tox|[from] psn
|upkeep
|choice|switch 4|
|
|switch|p1a: Scyther|Scyther, M|281\/281
|turn|12
|choice|move aerialace|move icebeam
|
|move|p1a: Scyther|Aerial Ace|p2a: Jynx
|-damage|p2a: Jynx|0 fnt
|faint|p2a: Jynx
|
|upkeep
|choice||switch 6
|
|switch|p2a: Lanturn|Lanturn, M|401\/401
|turn|13
|choice|move uturn|move toxic
|
|move|p1a: Scyther|U-turn|p2a: Lanturn
|-damage|p2a: Lanturn|253\/401
|choice|switch 5|
|
|switch|p1a: Ferroseed|Ferroseed, M|292\/292
|move|p2a: Lanturn|Toxic|p1a: Ferroseed
|-immune|p1a: Ferroseed|[msg]
|
|-heal|p2a: Lanturn|278\/401|[from] item: Leftovers
|upkeep
|turn|14
|choice|move leechseed|move voltswitch
|
|move|p2a: Lanturn|Volt Switch|p1a: Ferroseed
|-resisted|p1a: Ferroseed
|-damage|p1a: Ferroseed|270\/292
|choice||switch 3
|
|switch|p2a: Hitmonchan|Hitmonchan, M|241\/241
|move|p1a: Ferroseed|Leech Seed|p2a: Hitmonchan
|-start|p2a: Hitmonchan|move: Leech Seed
|
|-damage|p2a: Hitmonchan|211\/241|[from] Leech Seed|[of] p1a: Ferroseed
|-heal|p1a: Ferroseed|292\/292|[silent]
|upkeep
|turn|15
|choice|move thunderwave|move bulkup
|
|move|p2a: Hitmonchan|Bulk Up|p2a: Hitmonchan
|-boost|p2a: Hitmonchan|atk|1
|-boost|p2a: Hitmonchan|def|1
|move|p1a: Ferroseed|Thunder Wave|p2a: Hitmonchan
|-status|p2a: Hitmonchan|par
|
|-damage|p2a: Hitmonchan|181\/241 par|[from] Leech Seed|[of] p1a: Ferroseed
|upkeep
|turn|16
|choice|switch 6|move drainpunch
|
|switch|p1a: Misdreavus|Misdreavus, M|324\/324
|move|p2a: Hitmonchan|Drain Punch|p1a: Misdreavus
|-immune|p1a: Misdreavus|[msg]
|
|-damage|p2a: Hitmonchan|151\/241 par|[from] Leech Seed|[of] p1a: Misdreavus
|upkeep
|turn|17
|choice|move confuseray|move icepunch
|
|move|p1a: Misdreavus|Confuse Ray|p2a: Hitmonchan
|-start|p2a: Hitmonchan|confusion
|-activate|p2a: Hitmonchan|confusion
|move|p2a: Hitmonchan|Ice Punch|p1a: Misdreavus
|-damage|p1a: Misdreavus|159\/324
|-damage|p2a: Hitmonchan|127\/241 par|[from] item: Life Orb
|
|-damage|p2a: Hitmonchan|97\/241 par|[from] Leech Seed|[of] p1a: Misdreavus
|-heal|p1a: Misdreavus|189\/324|[silent]
|upkeep
|turn|18
|choice|switch 3|move icepunch
|
|switch|p1a: Pelipper|Pelipper, F|324\/324
|-activate|p2a: Hitmonchan|confusion
|move|p2a: Hitmonchan|Ice Punch|p1a: Pelipper
|-damage|p1a: Pelipper|184\/324
|-damage|p2a: Hitmonchan|73\/241 par|[from] item: Life Orb
|
|-heal|p1a: Pelipper|204\/324|[from] item: Leftovers
|-damage|p2a: Hitmonchan|43\/241 par|[from] Leech Seed|[of] p1a: Pelipper
|-heal|p1a: Pelipper|234\/324|[silent]
|upkeep
|turn|19
|choice|move scald|move icepunch
|
|move|p1a: Pelipper|Scald|p2a: Hitmonchan
|-damage|p2a: Hitmonchan|0 fnt
|faint|p2a: Hitmonchan
|
|-heal|p1a: Pelipper|254\/324|[from] item: Leftovers
|upkeep
|choice||switch 3
|
|switch|p2a: Lanturn|Lanturn, M|278\/401
|turn|20
|choice|switch 6|move voltswitch
|
|switch|p1a: Ferroseed|Ferroseed, M|292\/292
|move|p2a: Lanturn|Volt Switch|p1a: Ferroseed
|-resisted|p1a: Ferroseed
|-damage|p1a: Ferroseed|270\/292
|choice||switch 5
|
|switch|p2a: Swellow|Swellow, M|261\/261
|
|-status|p2a: Swellow|tox|[from] item: Toxic Orb
|upkeep
|turn|21
|choice|move leechseed|move protect
|
|move|p2a: Swellow|Protect|p2a: Swellow
|-singleturn|p2a: Swellow|Protect
|move|p1a: Ferroseed|Leech Seed|p2a: Swellow
|-activate|p2a: Swellow|move: Protect
|
|-damage|p2a: Swellow|245\/261 tox|[from] psn
|upkeep
|turn|22
|choice|move leechseed|move facade
|
|move|p2a: Swellow|Facade|p1a: Ferroseed
|-resisted|p1a: Ferroseed
|-damage|p1a: Ferroseed|200\/292
|-damage|p2a: Swellow|213\/261 tox|[from] ability: Iron Barbs|[of] p1a: Ferroseed
|move|p1a: Ferroseed|Leech Seed|p2a: Swellow
|-start|p2a: Swellow|move: Leech Seed
|
|-damage|p2a: Swellow|181\/261 tox|[from] Leech Seed|[of] p1a: Ferroseed
|-heal|p1a: Ferroseed|232\/292|[silent]
|-damage|p2a: Swellow|149\/261 tox|[from] psn
|upkeep
|turn|23
|choice|move seedbomb|move bravebird
|
|move|p2a: Swellow|Brave Bird|p1a: Ferroseed
|-damage|p1a: Ferroseed|96\/292
|-damage|p2a: Swellow|117\/261 tox|[from] ability: Iron Barbs|[of] p1a: Ferroseed
|-damage|p2a: Swellow|72\/261 tox|[from] recoil|[of] p1a: Ferroseed
|move|p1a: Ferroseed|Seed Bomb|p2a: Swellow
|-resisted|p2a: Swellow
|-damage|p2a: Swellow|32\/261 tox
|
|-damage|p2a: Swellow|0 fnt|[from] Leech Seed|[of] p1a: Ferroseed
|-heal|p1a: Ferroseed|128\/292|[silent]
|upkeep
|faint|p2a: Swellow
|choice||switch 4
|
|switch|p2a: Rhydon|Rhydon, M|351\/351
|turn|24
|choice|move seedbomb|move swordsdance
|
|move|p2a: Rhydon|Swords Dance|p2a: Rhydon
|-boost|p2a: Rhydon|atk|2
|move|p1a: Ferroseed|Seed Bomb|p2a: Rhydon
|-supereffective|p2a: Rhydon
|-damage|p2a: Rhydon|227\/351
|
|upkeep
|turn|25
|choice|switch 6|move earthquake
|
|switch|p1a: Pelipper|Pelipper, F|254\/324
|move|p2a: Rhydon|Earthquake|p1a: Pelipper
|-immune|p1a: Pelipper|[msg]
|
|-heal|p1a: Pelipper|274\/324|[from] item: Leftovers
|upkeep
|turn|26
|choice|move scald|move stoneedge
|
|move|p2a: Rhydon|Stone Edge|p1a: Pelipper
|-supereffective|p1a: Pelipper
|-damage|p1a: Pelipper|0 fnt
|faint|p1a: Pelipper
|
|upkeep
|choice|switch 3|
|
|switch|p1a: Misdreavus|Misdreavus, M|189\/324
|turn|27
|choice|move willowisp|move earthquake
|
|move|p1a: Misdreavus|Will-O-Wisp|p2a: Rhydon
|-status|p2a: Rhydon|brn
|move|p2a: Rhydon|Earthquake|p1a: Misdreavus
|-immune|p1a: Misdreavus|[msg]|[from] ability: Levitate
|
|-damage|p2a: Rhydon|184\/351 brn|[from] brn
|upkeep
|turn|28
|choice|move confuseray|move rockpolish
|
|move|p1a: Misdreavus|Confuse Ray|p2a: Rhydon
|-start|p2a: Rhydon|confusion
|-activate|p2a: Rhydon|confusion
|-damage|p2a: Rhydon|157\/351 brn|[from] confusion
|
|-damage|p2a: Rhydon|114\/351 brn|[from] brn
|upkeep
|turn|29
|choice|move painsplit|switch 5
|
|switch|p2a: Lanturn|Lanturn, M|278\/401
|move|p1a: Misdreavus|Pain Split|p2a: Lanturn
|-sethp|p2a: Lanturn|233\/401|p1a: Misdreavus|233\/324|[from] move: Pain Split
|
|-heal|p2a: Lanturn|258\/401|[from] item: Leftovers
|upkeep
|turn|30
|choice|move confuseray|move healbell
|
|move|p1a: Misdreavus|Confuse Ray|p2a: Lanturn
|-start|p2a: Lanturn|confusion
|-activate|p2a: Lanturn|confusion
|move|p2a: Lanturn|Heal Bell|p2a: Lanturn
|-activate|p2a: Lanturn|move: Heal Bell
|-curestatus|p2: Garbodor|par|[msg]
|-curestatus|p2: Rhydon|brn|[msg]
|
|-heal|p2a: Lanturn|283\/401|[from] item: Leftovers
|upkeep
|turn|31
|choice|switch 6|move toxic
|
|switch|p1a: Ferroseed|Ferroseed, M|128\/292
|-activate|p2a: Lanturn|confusion
|-damage|p2a: Lanturn|262\/401|[from] confusion
|
|-heal|p2a: Lanturn|287\/401|[from] item: Leftovers
|upkeep
|turn|32
|choice|move leechseed|move scald
|
|-activate|p2a: Lanturn|confusion
|move|p2a: Lanturn|Scald|p1a: Ferroseed
|-resisted|p1a: Ferroseed
|-damage|p1a: Ferroseed|101\/292
|move|p1a: Ferroseed|Leech Seed|p2a: Lanturn
|-start|p2a: Lanturn|move: Leech Seed
|
|-heal|p2a: Lanturn|312\/401|[from] item: Leftovers
|-damage|p2a: Lanturn|262\/401|[from] Leech Seed|[of] p1a: Ferroseed
|-heal|p1a: Ferroseed|151\/292|[silent]
|upkeep
|turn|33
|choice|move spikes|move voltswitch
|
|-activate|p2a: Lanturn|confusion
|-damage|p2a: Lanturn|244\/401|[from] confusion
|move|p1a: Ferroseed|Spikes|p2a: Lanturn
|-sidestart|p2: BoringOldPotato|Spikes
|
|-heal|p2a: Lanturn|269\/401|[from] item: Leftovers
|-damage|p2a: Lanturn|219\/401|[from] Leech Seed|[of] p1a: Ferroseed
|-heal|p1a: Ferroseed|201\/292|[silent]
|upkeep
|turn|34
|choice|move seedbomb|move voltswitch
|
|-end|p2a: Lanturn|confusion
|move|p2a: Lanturn|Volt Switch|p1a: Ferroseed
|-resisted|p1a: Ferroseed
|-damage|p1a: Ferroseed|177\/292
|choice||switch 2
|
|switch|p2a: Garbodor|Garbodor, M, shiny|211\/364
|-damage|p2a: Garbodor|166\/364|[from] Spikes
|move|p1a: Ferroseed|Seed Bomb|p2a: Garbodor
|-resisted|p2a: Garbodor
|-damage|p2a: Garbodor|144\/364
|
|upkeep
|turn|35
|choice|move leechseed|move drainpunch
|
|move|p2a: Garbodor|Drain Punch|p1a: Ferroseed
|-supereffective|p1a: Ferroseed
|-damage|p1a: Ferroseed|119\/292
|-heal|p2a: Garbodor|173\/364|[from] drain|[of] p1a: Ferroseed
|-damage|p2a: Garbodor|128\/364|[from] ability: Iron Barbs|[of] p1a: Ferroseed
|move|p1a: Ferroseed|Leech Seed|p2a: Garbodor
|-start|p2a: Garbodor|move: Leech Seed
|
|-damage|p2a: Garbodor|83\/364|[from] Leech Seed|[of] p1a: Ferroseed
|-heal|p1a: Ferroseed|164\/292|[silent]
|upkeep
|turn|36
|choice|move spikes|move drainpunch
|
|move|p2a: Garbodor|Drain Punch|p1a: Ferroseed
|-supereffective|p1a: Ferroseed
|-damage|p1a: Ferroseed|102\/292
|-heal|p2a: Garbodor|114\/364|[from] drain|[of] p1a: Ferroseed
|-damage|p2a: Garbodor|69\/364|[from] ability: Iron Barbs|[of] p1a: Ferroseed
|move|p1a: Ferroseed|Spikes|p2a: Garbodor
|-sidestart|p2: BoringOldPotato|Spikes
|
|-damage|p2a: Garbodor|24\/364|[from] Leech Seed|[of] p1a: Ferroseed
|-heal|p1a: Ferroseed|147\/292|[silent]
|upkeep
|turn|37
|l|BoringOldPotato
|player|p2
|choice|move spikes|move drainpunch
|
|move|p2a: Garbodor|Drain Punch|p1a: Ferroseed
|-supereffective|p1a: Ferroseed
|-damage|p1a: Ferroseed|85\/292
|-heal|p2a: Garbodor|55\/364|[from] drain|[of] p1a: Ferroseed
|-damage|p2a: Garbodor|10\/364|[from] ability: Iron Barbs|[of] p1a: Ferroseed
|move|p1a: Ferroseed|Spikes|p2a: Garbodor
|-sidestart|p2: BoringOldPotato|Spikes
|
|-damage|p2a: Garbodor|0 fnt|[from] Leech Seed|[of] p1a: Ferroseed
|-heal|p1a: Ferroseed|95\/292|[silent]
|upkeep
|faint|p2a: Garbodor
|-message|BoringOldPotato lost due to inactivity.
|
|win|LCezasfuck
|player|p1
|raw|LCezasfuck's rating: 1376 &rarr; <strong>1384<\/strong><br \/>(+8 for winning)
|raw|BoringOldPotato's rating: 1137 &rarr; <strong>1127<\/strong><br \/>(-10 for losing)</script>
</div>
<div class="battle-log battle-log-inline"><div class="inner"><div class="battle-options"></div><div class="inner"><div class="chat"><small>LCezasfuck joined.</small></div><div class="chat"><small>BoringOldPotato joined.</small></div><div class=""><small>Format:</small> <br><strong>NU</strong></div><div class="rated"><strong>Rated battle</strong></div><div class=""><small><em>Sleep Clause Mod:</em> Limit one foe put to sleep</small></div><div class=""><small><em>Species Clause:</em> Limit one of each Pokémon</small></div><div class=""><small><em>OHKO Clause:</em> OHKO moves are banned</small></div><div class=""><small><em>Moody Clause:</em> Moody is banned</small></div><div class=""><small><em>Evasion Moves Clause:</em> Evasion moves are banned</small></div><div class=""><small><em>Endless Battle Clause:</em> Forcing endless battles is banned</small></div><div class=""><small><em>HP Percentage Mod:</em> HP is shown in percentages</small></div><div class=""><small><em>Swagger Clause:</em> Swagger is banned</small></div><div class=""><small><em>Baton Pass Clause:</em> Limit one Baton Passer, can't pass Spe and other stats simultaneously</small></div><div class="chat battle-history"><strong>LCezasfuck's team:</strong> <em style="color:#445566;display:block;">Pelipper / Ferroseed / Miltank / Scyther / Swellow / Misdreavus</em></div><div class="chat battle-history"><strong>BoringOldPotato's team:</strong> <em style="color:#445566;display:block;">Hitmonchan / Jynx / Garbodor / Rhydon / Swellow / Lanturn</em></div><div class="spacer battle-history"><br></div><div class="battle-history">Battle started between LCezasfuck and BoringOldPotato!<br></div><div class="spacer battle-history"><br></div><div class="battle-history">Go! <strong>Swellow</strong>!<br></div><div class="spacer battle-history"><br></div><div class="battle-history">BoringOldPotato sent out <strong>Garbodor</strong>!<br></div><div class="spacer battle-history"><br></div><h2 class="battle-history">Turn 1</h2><div class="spacer battle-history"><br></div><div class="battle-history">Swellow used <strong>U-turn</strong>!<br></div><div class="battle-history"><small>It's not very effective...</small><br></div><div class="battle-history"><small>(The opposing Garbodor lost <abbr title="−18/364">4.9%</abbr> of its health!)</small><br></div><div class="battle-history"><small>Swellow was hurt by the Rocky Helmet!</small><br></div><div class="spacer battle-history"><br></div><div class="battle-history">Swellow went back to LCezasfuck!<br></div><div class="battle-history">Go! <strong>Ferroseed</strong>!<br></div><div class="spacer battle-history"><br></div><div class="battle-history">The opposing Garbodor used <strong>Toxic Spikes</strong>!<br></div><div class="battle-history"><small>Poison spikes were scattered on the ground all around your team!</small><br></div><div class="spacer battle-history"><br></div><h2 class="battle-history">Turn 2</h2><div class="spacer battle-history"><br></div><div class="battle-history">The opposing Garbodor used <strong>Toxic Spikes</strong>!<br></div><div class="battle-history"><small>Poison spikes were scattered on the ground all around your team!</small><br></div><div class="spacer battle-history"><br></div><div class="battle-history">Ferroseed used <strong>Thunder Wave</strong>!<br></div><div class="battle-history"><small>The opposing Garbodor is paralyzed! It may be unable to move!</small><br></div><div class="spacer battle-history"><br></div><h2 class="battle-history">Turn 3</h2><div class="spacer battle-history"><br></div><div class="battle-history">Ferroseed used <strong>Leech Seed</strong>!<br></div><div class="battle-history"><small>The opposing Garbodor was seeded!</small><br></div><div class="spacer battle-history"><br></div><div class="battle-history">The opposing Garbodor used <strong>Spikes</strong>!<br></div><div class="battle-history"><small>Spikes were scattered on the ground all around your team!</small><br></div><div class="spacer battle-history"><br></div><div class="battle-history"><small>The opposing Garbodor's health is sapped by Leech Seed!</small><br></div><div class="spacer battle-history"><br></div><h2 class="battle-history">Turn 4</h2><div class="spacer battle-history"><br></div><div class="battle-history">Ferroseed, come back!<br></div><div class="battle-history">Go! <strong>Pelipper</strong>!<br></div><div class="spacer battle-history"><br></div><div class="battle-history">The opposing Garbodor used <strong>Spikes</strong>!<br></div><div class="battle-history"><small>Spikes were scattered on the ground all around your team!</small><br></div><div class="spacer battle-history"><br></div><div class="battle-history"><small>The opposing Garbodor's health is sapped by Leech Seed!</small><br></div><div class="spacer battle-history"><br></div><h2 class="battle-history">Turn 5</h2><div class="spacer battle-history"><br></div><div class="battle-history">Pelipper used <strong>Defog</strong>!<br></div><div class="battle-history"><small>The opposing Garbodor's evasiveness fell!</small><br></div><div class="battle-history"><small>The spikes disappeared from the ground around your team!</small><br></div><div class="battle-history"><small>The poison spikes disappeared from the ground around your team!</small><br></div><div class="spacer battle-history"><br></div><div class="battle-history">The opposing Garbodor used <strong>Gunk Shot</strong>!<br></div><div class="battle-history"><small>(Pelipper lost <abbr title="−97/324">29.9%</abbr> of its health!)</small><br></div><div class="spacer battle-history"><br></div><div class="battle-history"><small>Pelipper restored a little HP using its Leftovers!</small><br></div><div class="battle-history"><small>The opposing Garbodor's health is sapped by Leech Seed!</small><br></div><div class="spacer battle-history"><br></div><h2 class="battle-history">Turn 6</h2><div class="spacer battle-history"><br></div><div class="battle-history">BoringOldPotato withdrew Garbodor!<br></div><div class="battle-history">BoringOldPotato sent out <strong>Jynx</strong>!<br></div><div class="spacer battle-history"><br></div><div class="battle-history">Pelipper used <strong>Scald</strong>!<br></div><div class="battle-history"><small>[The opposing Jynx's Dry Skin]</small><br><small>It doesn't affect the opposing Jynx...</small><br></div><div class="spacer battle-history"><br></div><div class="battle-history"><small>Pelipper restored a little HP using its Leftovers!</small><br></div><div class="spacer battle-history"><br></div><h2 class="battle-history">Turn 7</h2><div class="spacer battle-history"><br></div><div class="battle-history">The opposing Jynx used <strong>Nasty Plot</strong>!<br></div><div class="battle-history"><small>The opposing Jynx's Special Attack rose sharply!</small><br></div><div class="spacer battle-history"><br></div><div class="battle-history">Pelipper used <strong>Scald</strong>!<br></div><div class="battle-history"><small>[The opposing Jynx's Dry Skin]</small><br><small>It doesn't affect the opposing Jynx...</small><br></div><div class="spacer battle-history"><br></div><div class="battle-history"><small>Pelipper restored a little HP using its Leftovers!</small><br></div><div class="spacer battle-history"><br></div><h2 class="battle-history">Turn 8</h2><div class="spacer battle-history"><br></div><div class="battle-history">The opposing Jynx used <strong>Nasty Plot</strong>!<br></div><div class="battle-history"><small>The opposing Jynx's Special Attack rose sharply!</small><br></div><div class="spacer battle-history"><br></div><div class="battle-history">Pelipper used <strong>Toxic</strong>!<br></div><div class="battle-history"><small>The opposing Jynx was badly poisoned!</small><br></div><div class="spacer battle-history"><br></div><div class="battle-history"><small>The opposing Jynx was hurt by poison!</small><br></div><div class="spacer battle-history"><br></div><h2 class="battle-history">Turn 9</h2><div class="spacer battle-history"><br></div><div class="battle-history">Pelipper, come back!<br></div><div class="battle-history">Go! <strong>Miltank</strong>!<br></div><div class="spacer battle-history"><br></div><div class="battle-history">The opposing Jynx used <strong>Ice Beam</strong>!<br></div><div class="battle-history"><small>(Miltank lost <abbr title="−195/394">49.5%</abbr> of its health!)</small><br></div><div class="spacer battle-history"><br></div><div class="battle-history"><small>The opposing Jynx restored a little HP using its Leftovers!</small><br></div><div class="battle-history"><small>Miltank restored a little HP using its Leftovers!</small><br></div><div class="battle-history"><small>The opposing Jynx was hurt by poison!</small><br></div><div class="spacer battle-history"><br></div><h2 class="battle-history">Turn 10</h2><div class="spacer battle-history"><br></div><div class="battle-history">The opposing Jynx used <strong>Ice Beam</strong>!<br></div><div class="battle-history"><small>(Miltank lost <abbr title="−202/394">51.3%</abbr> of its health!)</small><br></div><div class="battle-history"><small>Miltank was frozen solid!</small><br></div><div class="spacer battle-history"><br></div><div class="battle-history">Miltank is frozen solid!<br></div><div class="spacer battle-history"><br></div><div class="battle-history"><small>The opposing Jynx restored a little HP using its Leftovers!</small><br></div><div class="battle-history"><small>Miltank restored a little HP using its Leftovers!</small><br></div><div class="battle-history"><small>The opposing Jynx was hurt by poison!</small><br></div><div class="spacer battle-history"><br></div><h2 class="battle-history">Turn 11</h2><div class="spacer battle-history"><br></div><div class="battle-history">The opposing Jynx used <strong>Ice Beam</strong>!<br></div><div class="battle-history"><small>(Miltank lost <abbr title="−45/394">11.4%</abbr> of its health!)</small><br></div><div class="spacer battle-history"><br></div><div class="battle-history">Miltank fainted!<br></div><div class="spacer battle-history"><br></div><div class="battle-history"><small>The opposing Jynx restored a little HP using its Leftovers!</small><br></div><div class="battle-history"><small>The opposing Jynx was hurt by poison!</small><br></div><div class="spacer battle-history"><br></div><div class="battle-history">Go! <strong>Scyther</strong>!<br></div><div class="spacer battle-history"><br></div><h2 class="battle-history">Turn 12</h2><div class="spacer battle-history"><br></div><div class="battle-history">Scyther used <strong>Aerial Ace</strong>!<br></div><div class="battle-history"><small>(The opposing Jynx lost <abbr title="−154/273">56.4%</abbr> of its health!)</small><br></div><div class="spacer battle-history"><br></div><div class="battle-history">The opposing Jynx fainted!<br></div><div class="spacer battle-history"><br></div><div class="battle-history">BoringOldPotato sent out <strong>Lanturn</strong>!<br></div><div class="spacer battle-history"><br></div><h2 class="battle-history">Turn 13</h2><div class="spacer battle-history"><br></div><div class="battle-history">Scyther used <strong>U-turn</strong>!<br></div><div class="battle-history"><small>(The opposing Lanturn lost <abbr title="−148/401">36.9%</abbr> of its health!)</small><br></div><div class="spacer battle-history"><br></div><div class="battle-history">Scyther went back to LCezasfuck!<br></div><div class="battle-history">Go! <strong>Ferroseed</strong>!<br></div><div class="spacer battle-history"><br></div><div class="battle-history">The opposing Lanturn used <strong>Toxic</strong>!<br></div><div class="battle-history"><small>It doesn't affect Ferroseed...</small><br></div><div class="spacer battle-history"><br></div><div class="battle-history"><small>The opposing Lanturn restored a little HP using its Leftovers!</small><br></div><div class="spacer battle-history"><br></div><h2 class="battle-history">Turn 14</h2><div class="spacer battle-history"><br></div><div class="battle-history">The opposing Lanturn used <strong>Volt Switch</strong>!<br></div><div class="battle-history"><small>It's not very effective...</small><br></div><div class="battle-history"><small>(Ferroseed lost <abbr title="−22/292">7.5%</abbr> of its health!)</small><br></div><div class="spacer battle-history"><br></div><div class="battle-history">The opposing Lanturn went back to BoringOldPotato!<br></div><div class="battle-history">BoringOldPotato sent out <strong>Hitmonchan</strong>!<br></div><div class="spacer battle-history"><br></div><div class="battle-history">Ferroseed used <strong>Leech Seed</strong>!<br></div><div class="battle-history"><small>The opposing Hitmonchan was seeded!</small><br></div><div class="spacer battle-history"><br></div><div class="battle-history"><small>The opposing Hitmonchan's health is sapped by Leech Seed!</small><br></div><div class="spacer battle-history"><br></div><h2 class="battle-history">Turn 15</h2><div class="spacer battle-history"><br></div><div class="battle-history">The opposing Hitmonchan used <strong>Bulk Up</strong>!<br></div><div class="battle-history"><small>The opposing Hitmonchan's Attack rose!</small><br></div><div class="battle-history"><small>The opposing Hitmonchan's Defense rose!</small><br></div><div class="spacer battle-history"><br></div><div class="battle-history">Ferroseed used <strong>Thunder Wave</strong>!<br></div><div class="battle-history"><small>The opposing Hitmonchan is paralyzed! It may be unable to move!</small><br></div><div class="spacer battle-history"><br></div><div class="battle-history"><small>The opposing Hitmonchan's health is sapped by Leech Seed!</small><br></div><div class="spacer battle-history"><br></div><h2 class="battle-history">Turn 16</h2><div class="spacer battle-history"><br></div><div class="battle-history">Ferroseed, come back!<br></div><div class="battle-history">Go! <strong>Misdreavus</strong>!<br></div><div class="spacer battle-history"><br></div><div class="battle-history">The opposing Hitmonchan used <strong>Drain Punch</strong>!<br></div><div class="battle-history"><small>It doesn't affect Misdreavus...</small><br></div><div class="spacer battle-history"><br></div><div class="battle-history"><small>The opposing Hitmonchan's health is sapped by Leech Seed!</small><br></div><div class="spacer battle-history"><br></div><h2 class="battle-history">Turn 17</h2><div class="spacer battle-history"><br></div><div class="battle-history">Misdreavus used <strong>Confuse Ray</strong>!<br></div><div class="battle-history"><small>The opposing Hitmonchan became confused!</small><br></div><div class="spacer battle-history"><br></div><div class="battle-history"><small>The opposing Hitmonchan is confused!</small><br></div><div class="battle-history">The opposing Hitmonchan used <strong>Ice Punch</strong>!<br></div><div class="battle-history"><small>(Misdreavus lost <abbr title="−165/324">50.9%</abbr> of its health!)</small><br></div><div class="battle-history"><small>The opposing Hitmonchan lost some of its HP!</small><br></div><div class="spacer battle-history"><br></div><div class="battle-history"><small>The opposing Hitmonchan's health is sapped by Leech Seed!</small><br></div><div class="spacer battle-history"><br></div><h2 class="battle-history">Turn 18</h2><div class="spacer battle-history"><br></div><div class="battle-history">Misdreavus, come back!<br></div><div class="battle-history">Go! <strong>Pelipper</strong>!<br></div><div class="spacer battle-history"><br></div><div class="battle-history"><small>The opposing Hitmonchan is confused!</small><br></div><div class="battle-history">The opposing Hitmonchan used <strong>Ice Punch</strong>!<br></div><div class="battle-history"><small>(Pelipper lost <abbr title="−140/324">43.2%</abbr> of its health!)</small><br></div><div class="battle-history"><small>The opposing Hitmonchan lost some of its HP!</small><br></div><div class="spacer battle-history"><br></div><div class="battle-history"><small>Pelipper restored a little HP using its Leftovers!</small><br></div><div class="battle-history"><small>The opposing Hitmonchan's health is sapped by Leech Seed!</small><br></div><div class="spacer battle-history"><br></div><h2 class="battle-history">Turn 19</h2><div class="spacer battle-history"><br></div><div class="battle-history">Pelipper used <strong>Scald</strong>!<br></div><div class="battle-history"><small>(The opposing Hitmonchan lost <abbr title="−43/241">17.8%</abbr> of its health!)</small><br></div><div class="spacer battle-history"><br></div><div class="battle-history">The opposing Hitmonchan fainted!<br></div><div class="spacer battle-history"><br></div><div class="battle-history"><small>Pelipper restored a little HP using its Leftovers!</small><br></div><div class="spacer battle-history"><br></div><div class="battle-history">BoringOldPotato sent out <strong>Lanturn</strong>!<br></div><div class="spacer battle-history"><br></div><h2 class="battle-history">Turn 20</h2><div class="spacer battle-history"><br></div><div class="battle-history">Pelipper, come back!<br></div><div class="battle-history">Go! <strong>Ferroseed</strong>!<br></div><div class="spacer battle-history"><br></div><div class="battle-history">The opposing Lanturn used <strong>Volt Switch</strong>!<br></div><div class="battle-history"><small>It's not very effective...</small><br></div><div class="battle-history"><small>(Ferroseed lost <abbr title="−22/292">7.5%</abbr> of its health!)</small><br></div><div class="spacer battle-history"><br></div><div class="battle-history">The opposing Lanturn went back to BoringOldPotato!<br></div><div class="battle-history">BoringOldPotato sent out <strong>Swellow</strong>!<br></div><div class="spacer battle-history"><br></div><div class="battle-history"><small>The opposing Swellow was badly poisoned!</small><br></div><div class="spacer battle-history"><br></div><h2 class="battle-history">Turn 21</h2><div class="spacer battle-history"><br></div><div class="battle-history">The opposing Swellow used <strong>Protect</strong>!<br></div><div class="battle-history"><small>The opposing Swellow protected itself!</small><br></div><div class="spacer battle-history"><br></div><div class="battle-history">Ferroseed used <strong>Leech Seed</strong>!<br></div><div class="battle-history"><small>The opposing Swellow protected itself!</small><br></div><div class="spacer battle-history"><br></div><div class="battle-history"><small>The opposing Swellow was hurt by poison!</small><br></div><div class="spacer battle-history"><br></div><h2 class="battle-history">Turn 22</h2><div class="spacer battle-history"><br></div><div class="battle-history">The opposing Swellow used <strong>Facade</strong>!<br></div><div class="battle-history"><small>It's not very effective...</small><br></div><div class="battle-history"><small>(Ferroseed lost <abbr title="−70/292">24.0%</abbr> of its health!)</small><br></div><div class="battle-history"><small>[Ferroseed's Iron Barbs]</small><br><small>The opposing Swellow was hurt!</small><br></div><div class="spacer battle-history"><br></div><div class="battle-history">Ferroseed used <strong>Leech Seed</strong>!<br></div><div class="battle-history"><small>The opposing Swellow was seeded!</small><br></div><div class="spacer battle-history"><br></div><div class="battle-history"><small>The opposing Swellow's health is sapped by Leech Seed!</small><br></div><div class="battle-history"><small>The opposing Swellow was hurt by poison!</small><br></div><div class="spacer battle-history"><br></div><h2 class="battle-history">Turn 23</h2><div class="spacer battle-history"><br></div><div class="battle-history">The opposing Swellow used <strong>Brave Bird</strong>!<br></div><div class="battle-history"><small>(Ferroseed lost <abbr title="−136/292">46.6%</abbr> of its health!)</small><br></div><div class="battle-history"><small>[Ferroseed's Iron Barbs]</small><br><small>The opposing Swellow was hurt!</small><br></div><div class="battle-history"><small>The opposing Swellow is damaged by the recoil!</small><br></div><div class="spacer battle-history"><br></div><div class="battle-history">Ferroseed used <strong>Seed Bomb</strong>!<br></div><div class="battle-history"><small>It's not very effective...</small><br></div><div class="battle-history"><small>(The opposing Swellow lost <abbr title="−40/261">15.3%</abbr> of its health!)</small><br></div><div class="spacer battle-history"><br></div><div class="battle-history"><small>The opposing Swellow's health is sapped by Leech Seed!</small><br></div><div class="spacer battle-history"><br></div><div class="battle-history">The opposing Swellow fainted!<br></div><div class="spacer battle-history"><br></div><div class="battle-history">BoringOldPotato sent out <strong>Rhydon</strong>!<br></div><div class="spacer battle-history"><br></div><h2 class="battle-history">Turn 24</h2><div class="spacer battle-history"><br></div><div class="battle-history">The opposing Rhydon used <strong>Swords Dance</strong>!<br></div><div class="battle-history"><small>The opposing Rhydon's Attack rose sharply!</small><br></div><div class="spacer battle-history"><br></div><div class="battle-history">Ferroseed used <strong>Seed Bomb</strong>!<br></div><div class="battle-history"><small>It's super effective!</small><br></div><div class="battle-history"><small>(The opposing Rhydon lost <abbr title="−124/351">35.3%</abbr> of its health!)</small><br></div><div class="spacer battle-history"><br></div><h2 class="battle-history">Turn 25</h2><div class="spacer battle-history"><br></div><div class="battle-history">Ferroseed, come back!<br></div><div class="battle-history">Go! <strong>Pelipper</strong>!<br></div><div class="spacer battle-history"><br></div><div class="battle-history">The opposing Rhydon used <strong>Earthquake</strong>!<br></div><div class="battle-history"><small>It doesn't affect Pelipper...</small><br></div><div class="spacer battle-history"><br></div><div class="battle-history"><small>Pelipper restored a little HP using its Leftovers!</small><br></div><div class="spacer battle-history"><br></div><h2 class="battle-history">Turn 26</h2><div class="spacer battle-history"><br></div><div class="battle-history">The opposing Rhydon used <strong>Stone Edge</strong>!<br></div><div class="battle-history"><small>It's super effective!</small><br></div><div class="battle-history"><small>(Pelipper lost <abbr title="−274/324">84.6%</abbr> of its health!)</small><br></div><div class="spacer battle-history"><br></div><div class="battle-history">Pelipper fainted!<br></div><div class="spacer battle-history"><br></div><div class="battle-history">Go! <strong>Misdreavus</strong>!<br></div><div class="spacer battle-history"><br></div><h2 class="battle-history">Turn 27</h2><div class="spacer battle-history"><br></div><div class="battle-history">Misdreavus used <strong>Will-O-Wisp</strong>!<br></div><div class="battle-history"><small>The opposing Rhydon was burned!</small><br></div><div class="spacer battle-history"><br></div><div class="battle-history">The opposing Rhydon used <strong>Earthquake</strong>!<br></div><div class="battle-history"><small>[Misdreavus's Levitate]</small><br><small>It doesn't affect Misdreavus...</small><br></div><div class="spacer battle-history"><br></div><div class="battle-history"><small>The opposing Rhydon was hurt by its burn!</small><br></div><div class="spacer battle-history"><br></div><h2 class="battle-history">Turn 28</h2><div class="spacer battle-history"><br></div><div class="battle-history">Misdreavus used <strong>Confuse Ray</strong>!<br></div><div class="battle-history"><small>The opposing Rhydon became confused!</small><br></div><div class="spacer battle-history"><br></div><div class="battle-history"><small>The opposing Rhydon is confused!</small><br></div><div class="battle-history">It hurt itself in its confusion!<br></div><div class="spacer battle-history"><br></div><div class="battle-history"><small>The opposing Rhydon was hurt by its burn!</small><br></div><div class="spacer battle-history"><br></div><h2 class="battle-history">Turn 29</h2><div class="spacer battle-history"><br></div><div class="battle-history">BoringOldPotato withdrew Rhydon!<br></div><div class="battle-history">BoringOldPotato sent out <strong>Lanturn</strong>!<br></div><div class="spacer battle-history"><br></div><div class="battle-history">Misdreavus used <strong>Pain Split</strong>!<br></div><div class="battle-history"><small>The battlers shared their pain!</small><br></div><div class="spacer battle-history"><br></div><div class="battle-history"><small>The opposing Lanturn restored a little HP using its Leftovers!</small><br></div><div class="spacer battle-history"><br></div><h2 class="battle-history">Turn 30</h2><div class="spacer battle-history"><br></div><div class="battle-history">Misdreavus used <strong>Confuse Ray</strong>!<br></div><div class="battle-history"><small>The opposing Lanturn became confused!</small><br></div><div class="spacer battle-history"><br></div><div class="battle-history"><small>The opposing Lanturn is confused!</small><br></div><div class="battle-history">The opposing Lanturn used <strong>Heal Bell</strong>!<br></div><div class="battle-history"><small>A bell chimed!</small><br></div><div class="battle-history"><small>The opposing Garbodor was cured of paralysis.</small><br></div><div class="battle-history"><small>The opposing Rhydon's burn was healed.</small><br></div><div class="spacer battle-history"><br></div><div class="battle-history"><small>The opposing Lanturn restored a little HP using its Leftovers!</small><br></div><div class="spacer battle-history"><br></div><h2 class="battle-history">Turn 31</h2><div class="spacer battle-history"><br></div><div class="battle-history">Misdreavus, come back!<br></div><div class="battle-history">Go! <strong>Ferroseed</strong>!<br></div><div class="spacer battle-history"><br></div><div class="battle-history"><small>The opposing Lanturn is confused!</small><br></div><div class="battle-history">It hurt itself in its confusion!<br></div><div class="spacer battle-history"><br></div><div class="battle-history"><small>The opposing Lanturn restored a little HP using its Leftovers!</small><br></div><div class="spacer battle-history"><br></div><h2 class="battle-history">Turn 32</h2><div class="spacer battle-history"><br></div><div class="battle-history"><small>The opposing Lanturn is confused!</small><br></div><div class="battle-history">The opposing Lanturn used <strong>Scald</strong>!<br></div><div class="battle-history"><small>It's not very effective...</small><br></div><div class="battle-history"><small>(Ferroseed lost <abbr title="−27/292">9.2%</abbr> of its health!)</small><br></div><div class="spacer battle-history"><br></div><div class="battle-history">Ferroseed used <strong>Leech Seed</strong>!<br></div><div class="battle-history"><small>The opposing Lanturn was seeded!</small><br></div><div class="spacer battle-history"><br></div><div class="battle-history"><small>The opposing Lanturn restored a little HP using its Leftovers!</small><br></div><div class="battle-history"><small>The opposing Lanturn's health is sapped by Leech Seed!</small><br></div><div class="spacer battle-history"><br></div><h2 class="battle-history">Turn 33</h2><div class="spacer battle-history"><br></div><div class="battle-history"><small>The opposing Lanturn is confused!</small><br></div><div class="battle-history">It hurt itself in its confusion!<br></div><div class="spacer battle-history"><br></div><div class="battle-history">Ferroseed used <strong>Spikes</strong>!<br></div><div class="battle-history"><small>Spikes were scattered on the ground all around the opposing team!</small><br></div><div class="spacer battle-history"><br></div><div class="battle-history"><small>The opposing Lanturn restored a little HP using its Leftovers!</small><br></div><div class="battle-history"><small>The opposing Lanturn's health is sapped by Leech Seed!</small><br></div><div class="spacer battle-history"><br></div><h2 class="battle-history">Turn 34</h2><div class="spacer battle-history"><br></div><div class="battle-history"><small>The opposing Lanturn snapped out of its confusion!</small><br></div><div class="spacer battle-history"><br></div><div class="battle-history">The opposing Lanturn used <strong>Volt Switch</strong>!<br></div><div class="battle-history"><small>It's not very effective...</small><br></div><div class="battle-history"><small>(Ferroseed lost <abbr title="−24/292">8.2%</abbr> of its health!)</small><br></div><div class="spacer battle-history"><br></div><div class="battle-history">The opposing Lanturn went back to BoringOldPotato!<br></div><div class="battle-history">BoringOldPotato sent out <strong>Garbodor</strong>!<br></div><div class="battle-history"><small>The opposing Garbodor is hurt by the spikes!</small><br></div><div class="spacer battle-history"><br></div><div class="battle-history">Ferroseed used <strong>Seed Bomb</strong>!<br></div><div class="battle-history"><small>It's not very effective...</small><br></div><div class="battle-history"><small>(The opposing Garbodor lost <abbr title="−22/364">6.0%</abbr> of its health!)</small><br></div><div class="spacer battle-history"><br></div><h2 class="battle-history">Turn 35</h2><div class="spacer battle-history"><br></div><div class="battle-history">The opposing Garbodor used <strong>Drain Punch</strong>!<br></div><div class="battle-history"><small>It's super effective!</small><br></div><div class="battle-history"><small>(Ferroseed lost <abbr title="−58/292">19.9%</abbr> of its health!)</small><br></div><div class="battle-history"><small>Ferroseed had its energy drained!</small><br></div><div class="battle-history"><small>[Ferroseed's Iron Barbs]</small><br><small>The opposing Garbodor was hurt!</small><br></div><div class="spacer battle-history"><br></div><div class="battle-history">Ferroseed used <strong>Leech Seed</strong>!<br></div><div class="battle-history"><small>The opposing Garbodor was seeded!</small><br></div><div class="spacer battle-history"><br></div><div class="battle-history"><small>The opposing Garbodor's health is sapped by Leech Seed!</small><br></div><div class="spacer battle-history"><br></div><h2 class="battle-history">Turn 36</h2><div class="spacer battle-history"><br></div><div class="battle-history">The opposing Garbodor used <strong>Drain Punch</strong>!<br></div><div class="battle-history"><small>It's super effective!</small><br></div><div class="battle-history"><small>(Ferroseed lost <abbr title="−62/292">21.2%</abbr> of its health!)</small><br></div><div class="battle-history"><small>Ferroseed had its energy drained!</small><br></div><div class="battle-history"><small>[Ferroseed's Iron Barbs]</small><br><small>The opposing Garbodor was hurt!</small><br></div><div class="spacer battle-history"><br></div><div class="battle-history">Ferroseed used <strong>Spikes</strong>!<br></div><div class="battle-history"><small>Spikes were scattered on the ground all around the opposing team!</small><br></div><div class="spacer battle-history"><br></div><div class="battle-history"><small>The opposing Garbodor's health is sapped by Leech Seed!</small><br></div><div class="spacer battle-history"><br></div><h2 class="battle-history">Turn 37</h2><div class="chat"><small>BoringOldPotato left.</small></div><div class="spacer battle-history"><br></div><div class="battle-history">The opposing Garbodor used <strong>Drain Punch</strong>!<br></div><div class="battle-history"><small>It's super effective!</small><br></div><div class="battle-history"><small>(Ferroseed lost <abbr title="−62/292">21.2%</abbr> of its health!)</small><br></div><div class="battle-history"><small>Ferroseed had its energy drained!</small><br></div><div class="battle-history"><small>[Ferroseed's Iron Barbs]</small><br><small>The opposing Garbodor was hurt!</small><br></div><div class="spacer battle-history"><br></div><div class="battle-history">Ferroseed used <strong>Spikes</strong>!<br></div><div class="battle-history"><small>Spikes were scattered on the ground all around the opposing team!</small><br></div><div class="spacer battle-history"><br></div><div class="battle-history"><small>The opposing Garbodor's health is sapped by Leech Seed!</small><br></div><div class="spacer battle-history"><br></div><div class="battle-history">The opposing Garbodor fainted!<br></div><div class="battle-history"><small>BoringOldPotato lost due to inactivity.</small><br></div><div class="spacer battle-history"><br></div><div class="battle-history"><strong>LCezasfuck</strong> won the battle!<br></div><div class="chat">LCezasfuck's rating: 1376 → <strong>1384</strong><br>(+8 for winning)</div><div class="chat">BoringOldPotato's rating: 1137 → <strong>1127</strong><br>(-10 for losing)</div></div><div class="inner-preempt"></div></div></div>
</div>
<script>
let daily = Math.floor(Date.now()/1000/60/60/24);document.write('<script src="https://play.pokemonshowdown.com/js/replay-embed.js?version'+daily+'"></'+'script>');
</script>
