<!DOCTYPE html>
<meta charset="utf-8" />
<!-- version 1 -->
<title>NU replay: Flipps vs. Shadow Hippie</title>
<style>
html,body {font-family:Verdana, sans-serif;font-size:10pt;margin:0;padding:0;}body{padding:12px 0;} .battle-log {font-family:Verdana, sans-serif;font-size:10pt;} .battle-log-inline {border:1px solid #AAAAAA;background:#EEF2F5;color:black;max-width:640px;margin:0 auto 80px;padding-bottom:5px;} .battle-log .inner {padding:4px 8px 0px 8px;} .battle-log .inner-preempt {padding:0 8px 4px 8px;} .battle-log .inner-after {margin-top:0.5em;} .battle-log h2 {margin:0.5em -8px;padding:4px 8px;border:1px solid #AAAAAA;background:#E0E7EA;border-left:0;border-right:0;font-family:Verdana, sans-serif;font-size:13pt;} .battle-log .chat {vertical-align:middle;padding:3px 0 3px 0;font-size:8pt;} .battle-log .chat strong {color:#40576A;} .battle-log .chat em {padding:1px 4px 1px 3px;color:#000000;font-style:normal;} .chat.mine {background:rgba(0,0,0,0.05);margin-left:-8px;margin-right:-8px;padding-left:8px;padding-right:8px;} .spoiler {color:#BBBBBB;background:#BBBBBB;padding:0px 3px;} .spoiler:hover, .spoiler:active, .spoiler-shown {color:#000000;background:#E2E2E2;padding:0px 3px;} .spoiler a {color:#BBBBBB;} .spoiler:hover a, .spoiler:active a, .spoiler-shown a {color:#2288CC;} .chat code, .chat .spoiler:hover code, .chat .spoiler:active code, .chat .spoiler-shown code {border:1px solid #C0C0C0;background:#EEEEEE;color:black;padding:0 2px;} .chat .spoiler code {border:1px solid #CCCCCC;background:#CCCCCC;color:#CCCCCC;} .battle-log .rated {padding:3px 4px;} .battle-log .rated strong {color:white;background:#89A;padding:1px 4px;border-radius:4px;} .spacer {margin-top:0.5em;} .message-announce {background:#6688AA;color:white;padding:1px 4px 2px;} .message-announce a, .broadcast-green a, .broadcast-blue a, .broadcast-red a {color:#DDEEFF;} .broadcast-green {background-color:#559955;color:white;padding:2px 4px;} .broadcast-blue {background-color:#6688AA;color:white;padding:2px 4px;} .infobox {border:1px solid #6688AA;padding:2px 4px;} .infobox-limited {max-height:200px;overflow:auto;overflow-x:hidden;} .broadcast-red {background-color:#AA5544;color:white;padding:2px 4px;} .message-learn-canlearn {font-weight:bold;color:#228822;text-decoration:underline;} .message-learn-cannotlearn {font-weight:bold;color:#CC2222;text-decoration:underline;} .message-effect-weak {font-weight:bold;color:#CC2222;} .message-effect-resist {font-weight:bold;color:#6688AA;} .message-effect-immune {font-weight:bold;color:#666666;} .message-learn-list {margin-top:0;margin-bottom:0;} .message-throttle-notice, .message-error {color:#992222;} .message-overflow, .chat small.message-overflow {font-size:0pt;} .message-overflow::before {font-size:9pt;content:'...';} .subtle {color:#3A4A66;}
</style>
<div class="wrapper replay-wrapper" style="max-width:1180px;margin:0 auto">
<input type="hidden" name="replayid" value="nu-513618936" />
<div class="battle"></div><div class="battle-log"></div><div class="replay-controls"></div><div class="replay-controls-2"></div>
<h1 style="font-weight:normal;text-align:center"><strong>NU</strong><br /><a href="http://pokemonshowdown.com/users/flipps" class="subtle" target="_blank">Flipps</a> vs. <a href="http://pokemonshowdown.com/users/shadowhippie" class="subtle" target="_blank">Shadow Hippie</a></h1>
<script type="text/plain" class="battle-log-data">|j|Flipps
|j|Shadow Hippie
|player|p1|Flipps|99
|player|p2|Shadow Hippie|102
|gametype|singles
|gen|6
|tier|NU
|seed|38936,52158,13843,55986
|rule|Sleep Clause Mod: Limit one foe put to sleep
|rule|Species Clause: Limit one of each Pokémon
|rule|OHKO Clause: OHKO moves are banned
|rule|Moody Clause: Moody is banned
|rule|Evasion Moves Clause: Evasion moves are banned
|rule|Endless Battle Clause: Forcing endless battles is banned
|rule|HP Percentage Mod: HP is shown in percentages
|clearpoke
|poke|p1|Vileplume, M|item
|poke|p1|Tauros, M|item
|poke|p1|Rhydon, F|item
|poke|p1|Lanturn, F|item
|poke|p1|Mesprit|item
|poke|p1|Gurdurr, M|item
|poke|p2|Marowak, M, shiny|item
|poke|p2|Tauros, M|item
|poke|p2|Magmortar, F|item
|poke|p2|Omastar, M|item
|poke|p2|Claydol, shiny|item
|poke|p2|Weezing, M|item
|rule|Swagger Clause: Swagger is banned
|rule|Baton Pass Clause: Limit one Baton Passer, can't pass Spe and other stats simultaneously
|teampreview
|j|Stats Bot
|l|Stats Bot
|j|RespectableAfrican
|j|TheNewBrends11
|choice|team 4, team 2, team 3, team 1, team 5, team 6|team 4, team 2, team 3, team 1, team 5, team 6
|
|start
|switch|p1a: Lanturn|Lanturn, F|391\/391
|switch|p2a: Omastar|Omastar, M|281\/281
|turn|1
|choice|move voltswitch|switch 3
|
|switch|p2a: Magmortar|Magmortar, F|354\/354
|move|p1a: Lanturn|Volt Switch|p2a: Magmortar
|-damage|p2a: Magmortar|257\/354
|choice|switch 2|
|
|switch|p1a: Tauros|Tauros, M|291\/291
|
|upkeep
|turn|2
|choice|move rockclimb|switch 6
|
|switch|p2a: Weezing|Weezing, M|334\/334
|move|p1a: Tauros|Rock Climb|p2a: Weezing
|-damage|p2a: Weezing|181\/334
|-damage|p1a: Tauros|243\/291|[from] item: Rocky Helmet|[of] p2a: Weezing
|
|upkeep
|turn|3
|choice|switch 2|move sludgewave
|
|switch|p1a: Lanturn|Lanturn, F|391\/391
|move|p2a: Weezing|Sludge Wave|p1a: Lanturn
|-damage|p1a: Lanturn|324\/391
|
|upkeep
|turn|4
|choice|move scald|move sludgewave
|
|move|p1a: Lanturn|Scald|p2a: Weezing
|-damage|p2a: Weezing|36\/334
|-status|p2a: Weezing|brn
|move|p2a: Weezing|Sludge Wave|p1a: Lanturn
|-damage|p1a: Lanturn|251\/391
|
|-damage|p2a: Weezing|0 fnt|[from] brn
|upkeep
|faint|p2a: Weezing
|choice||switch 2
|
|switch|p2a: Tauros|Tauros, M|291\/291
|turn|5
|choice|switch 6|move earthquake
|
|switch|p1a: Gurdurr|Gurdurr, M|374\/374
|move|p2a: Tauros|Earthquake|p1a: Gurdurr
|-damage|p1a: Gurdurr|277\/374
|-damage|p2a: Tauros|262\/291|[from] item: Life Orb
|
|upkeep
|turn|6
|c|★Flipps|use sludge bomb > sludge wave on weezing
|choice|move knockoff|switch 5
|
|switch|p2a: Claydol|Claydol, shiny|300\/300
|move|p1a: Gurdurr|Knock Off|p2a: Claydol
|-supereffective|p2a: Claydol
|-damage|p2a: Claydol|126\/300
|-enditem|p2a: Claydol|Assault Vest|[from] move: Knock Off|[of] p1a: Gurdurr
|
|upkeep
|turn|7
|choice|switch 4|move psyshock
|
|switch|p1a: Vileplume|Vileplume, M|342\/342
|move|p2a: Claydol|Psyshock|p1a: Vileplume
|-supereffective|p1a: Vileplume
|-damage|p1a: Vileplume|142\/342
|
|-heal|p1a: Vileplume|163\/342|[from] item: Black Sludge
|upkeep
|turn|8
|c|★Shadow Hippie|why
|c|★Flipps|cuz poison chance is better than the 5 bp
|c|★Flipps|on a defensive mon
|choice|move gigadrain|move psyshock
|
|move|p2a: Claydol|Psyshock|p1a: Vileplume
|-supereffective|p1a: Vileplume
|-damage|p1a: Vileplume|0 fnt
|faint|p1a: Vileplume
|
|upkeep
|choice|switch 6|
|
|switch|p1a: Lanturn|Lanturn, F|251\/391
|turn|9
|choice|move scald|move psyshock
|
|move|p1a: Lanturn|Scald|p2a: Claydol
|-supereffective|p2a: Claydol
|-damage|p2a: Claydol|0 fnt
|faint|p2a: Claydol
|
|upkeep
|choice||switch 5
|
|switch|p2a: Tauros|Tauros, M|262\/291
|turn|10
|choice|switch 4|move rockclimb
|
|switch|p1a: Gurdurr|Gurdurr, M|277\/374
|move|p2a: Tauros|Rock Climb|p1a: Gurdurr
|-damage|p1a: Gurdurr|121\/374
|
|upkeep
|turn|11
|choice|move machpunch|move rockclimb
|
|move|p1a: Gurdurr|Mach Punch|p2a: Tauros
|-supereffective|p2a: Tauros
|-damage|p2a: Tauros|124\/291
|move|p2a: Tauros|Rock Climb|p1a: Gurdurr
|-damage|p1a: Gurdurr|0 fnt
|faint|p1a: Gurdurr
|
|upkeep
|choice|switch 5|
|
|switch|p1a: Mesprit|Mesprit|301\/301
|turn|12
|choice|move psychic|move rockclimb
|
|move|p1a: Mesprit|Psychic|p2a: Tauros
|-damage|p2a: Tauros|0 fnt
|faint|p2a: Tauros
|
|upkeep
|choice||switch 3
|
|switch|p2a: Omastar|Omastar, M|281\/281
|turn|13
|choice|move psychic|move shellsmash
|
|move|p1a: Mesprit|Psychic|p2a: Omastar
|-damage|p2a: Omastar|88\/281
|move|p2a: Omastar|Shell Smash|p2a: Omastar
|-unboost|p2a: Omastar|def|1
|-unboost|p2a: Omastar|spd|1
|-boost|p2a: Omastar|atk|2
|-boost|p2a: Omastar|spa|2
|-boost|p2a: Omastar|spe|2
|-enditem|p2a: Omastar|White Herb
|-clearnegativeboost|p2a: Omastar|[silent]
|
|upkeep
|turn|14
|choice|switch 3|move scald
|
|switch|p1a: Rhydon|Rhydon, F|413\/413
|move|p2a: Omastar|Scald|p1a: Rhydon
|-supereffective|p1a: Rhydon
|-damage|p1a: Rhydon|0 fnt
|faint|p1a: Rhydon
|
|upkeep
|choice|switch 4|
|
|switch|p1a: Lanturn|Lanturn, F|251\/391
|turn|15
|choice|move voltswitch|move icebeam
|
|move|p2a: Omastar|Ice Beam|p1a: Lanturn
|-resisted|p1a: Lanturn
|-damage|p1a: Lanturn|170\/391
|move|p1a: Lanturn|Volt Switch|p2a: Omastar
|-supereffective|p2a: Omastar
|-damage|p2a: Omastar|0 fnt
|faint|p2a: Omastar
|choice|switch 3|
|
|switch|p1a: Mesprit|Mesprit|301\/301
|
|upkeep
|choice||switch 4
|
|switch|p2a: Marowak|Marowak, M, shiny|261\/261
|turn|16
|choice|move psychic|move knockoff
|
|move|p1a: Mesprit|Psychic|p2a: Marowak
|-damage|p2a: Marowak|101\/261
|move|p2a: Marowak|Knock Off|p1a: Mesprit
|-supereffective|p1a: Mesprit
|-damage|p1a: Mesprit|0 fnt
|-enditem|p1a: Mesprit|Choice Scarf|[from] move: Knock Off|[of] p2a: Marowak
|faint|p1a: Mesprit
|
|upkeep
|choice|switch 2|
|
|switch|p1a: Tauros|Tauros, M|243\/291
|turn|17
|choice|move earthquake|move bonemerang
|
|move|p1a: Tauros|Earthquake|p2a: Marowak
|-damage|p2a: Marowak|0 fnt
|-damage|p1a: Tauros|214\/291|[from] item: Life Orb
|faint|p2a: Marowak
|
|upkeep
|choice||switch 6
|
|switch|p2a: Magmortar|Magmortar, F|257\/354
|turn|18
|choice|move earthquake|move flamethrower
|
|move|p1a: Tauros|Earthquake|p2a: Magmortar
|-supereffective|p2a: Magmortar
|-damage|p2a: Magmortar|0 fnt
|-damage|p1a: Tauros|185\/291|[from] item: Life Orb
|faint|p2a: Magmortar
|
|win|Flipps
|player|p1
|player|p2
|c|★Flipps|gg
|l|RespectableAfrican
|l|Shadow Hippie</script>
</div>
<div class="battle-log battle-log-inline"><div class="inner"><div class="battle-options"></div><div class="inner"><div class="chat"><small>Flipps joined.</small></div><div class="chat"><small>Shadow Hippie joined.</small></div><div class=""><small>Format:</small> <br><strong>NU</strong></div><div class=""><small><em>Sleep Clause Mod:</em> Limit one foe put to sleep</small></div><div class=""><small><em>Species Clause:</em> Limit one of each Pokémon</small></div><div class=""><small><em>OHKO Clause:</em> OHKO moves are banned</small></div><div class=""><small><em>Moody Clause:</em> Moody is banned</small></div><div class=""><small><em>Evasion Moves Clause:</em> Evasion moves are banned</small></div><div class=""><small><em>Endless Battle Clause:</em> Forcing endless battles is banned</small></div><div class=""><small><em>HP Percentage Mod:</em> HP is shown in percentages</small></div><div class=""><small><em>Swagger Clause:</em> Swagger is banned</small></div><div class=""><small><em>Baton Pass Clause:</em> Limit one Baton Passer, can't pass Spe and other stats simultaneously</small></div><div class="chat battle-history"><strong>Flipps's team:</strong> <em style="color:#445566;display:block;">Vileplume / Tauros / Rhydon / Lanturn / Mesprit / Gurdurr</em></div><div class="chat battle-history"><strong>Shadow Hippie's team:</strong> <em style="color:#445566;display:block;">Marowak / Tauros / Magmortar / Omastar / Claydol / Weezing</em></div><div class="chat"><small>Stats Bot joined.</small></div><div class="chat"><small>Stats Bot left.</small></div><div class="chat"><small>RespectableAfrican joined.</small></div><div class="chat"><small>TheNewBrends11 joined.</small></div><div class="spacer battle-history"><br></div><div class="battle-history">Battle started between Flipps and Shadow Hippie!<br></div><div class="spacer battle-history"><br></div><div class="battle-history">Go! <strong>Lanturn</strong>!<br></div><div class="spacer battle-history"><br></div><div class="battle-history">Shadow Hippie sent out <strong>Omastar</strong>!<br></div><div class="spacer battle-history"><br></div><h2 class="battle-history">Turn 1</h2><div class="spacer battle-history"><br></div><div class="battle-history">Shadow Hippie withdrew Omastar!<br></div><div class="battle-history">Shadow Hippie sent out <strong>Magmortar</strong>!<br></div><div class="spacer battle-history"><br></div><div class="battle-history">Lanturn used <strong>Volt Switch</strong>!<br></div><div class="battle-history"><small>(The opposing Magmortar lost <abbr title="−97/354">27.4%</abbr> of its health!)</small><br></div><div class="spacer battle-history"><br></div><div class="battle-history">Lanturn went back to Flipps!<br></div><div class="battle-history">Go! <strong>Tauros</strong>!<br></div><div class="spacer battle-history"><br></div><h2 class="battle-history">Turn 2</h2><div class="spacer battle-history"><br></div><div class="battle-history">Shadow Hippie withdrew Magmortar!<br></div><div class="battle-history">Shadow Hippie sent out <strong>Weezing</strong>!<br></div><div class="spacer battle-history"><br></div><div class="battle-history">Tauros used <strong>Rock Climb</strong>!<br></div><div class="battle-history"><small>(The opposing Weezing lost <abbr title="−153/334">45.8%</abbr> of its health!)</small><br></div><div class="battle-history"><small>Tauros was hurt by the Rocky Helmet!</small><br></div><div class="spacer battle-history"><br></div><h2 class="battle-history">Turn 3</h2><div class="spacer battle-history"><br></div><div class="battle-history">Tauros, come back!<br></div><div class="battle-history">Go! <strong>Lanturn</strong>!<br></div><div class="spacer battle-history"><br></div><div class="battle-history">The opposing Weezing used <strong>Sludge Wave</strong>!<br></div><div class="battle-history"><small>(Lanturn lost <abbr title="−67/391">17.1%</abbr> of its health!)</small><br></div><div class="spacer battle-history"><br></div><h2 class="battle-history">Turn 4</h2><div class="spacer battle-history"><br></div><div class="battle-history">Lanturn used <strong>Scald</strong>!<br></div><div class="battle-history"><small>(The opposing Weezing lost <abbr title="−145/334">43.4%</abbr> of its health!)</small><br></div><div class="battle-history"><small>The opposing Weezing was burned!</small><br></div><div class="spacer battle-history"><br></div><div class="battle-history">The opposing Weezing used <strong>Sludge Wave</strong>!<br></div><div class="battle-history"><small>(Lanturn lost <abbr title="−73/391">18.7%</abbr> of its health!)</small><br></div><div class="spacer battle-history"><br></div><div class="battle-history"><small>The opposing Weezing was hurt by its burn!</small><br></div><div class="spacer battle-history"><br></div><div class="battle-history">The opposing Weezing fainted!<br></div><div class="spacer battle-history"><br></div><div class="battle-history">Shadow Hippie sent out <strong>Tauros</strong>!<br></div><div class="spacer battle-history"><br></div><h2 class="battle-history">Turn 5</h2><div class="spacer battle-history"><br></div><div class="battle-history">Lanturn, come back!<br></div><div class="battle-history">Go! <strong>Gurdurr</strong>!<br></div><div class="spacer battle-history"><br></div><div class="battle-history">The opposing Tauros used <strong>Earthquake</strong>!<br></div><div class="battle-history"><small>(Gurdurr lost <abbr title="−97/374">25.9%</abbr> of its health!)</small><br></div><div class="battle-history"><small>The opposing Tauros lost some of its HP!</small><br></div><div class="spacer battle-history"><br></div><h2 class="battle-history">Turn 6</h2><div class="chat chatmessage-flipps"><strong style="color:hsl(228,85%,56.69575873087465%)"><small>★</small><span class="username" data-name="Flipps">Flipps</span>:</strong> <em>use sludge bomb &gt; sludge wave on weezing</em></div><div class="spacer battle-history"><br></div><div class="battle-history">Shadow Hippie withdrew Tauros!<br></div><div class="battle-history">Shadow Hippie sent out <strong>Claydol</strong>!<br></div><div class="spacer battle-history"><br></div><div class="battle-history">Gurdurr used <strong>Knock Off</strong>!<br></div><div class="battle-history"><small>It's super effective!</small><br></div><div class="battle-history"><small>(The opposing Claydol lost <abbr title="−174/300">58.0%</abbr> of its health!)</small><br></div><div class="battle-history"><small>Gurdurr knocked off the opposing Claydol's Assault Vest!</small><br></div><div class="spacer battle-history"><br></div><h2 class="battle-history">Turn 7</h2><div class="spacer battle-history"><br></div><div class="battle-history">Gurdurr, come back!<br></div><div class="battle-history">Go! <strong>Vileplume</strong>!<br></div><div class="spacer battle-history"><br></div><div class="battle-history">The opposing Claydol used <strong>Psyshock</strong>!<br></div><div class="battle-history"><small>It's super effective!</small><br></div><div class="battle-history"><small>(Vileplume lost <abbr title="−200/342">58.5%</abbr> of its health!)</small><br></div><div class="spacer battle-history"><br></div><div class="battle-history"><small>Vileplume restored a little HP using its Black Sludge!</small><br></div><div class="spacer battle-history"><br></div><h2 class="battle-history">Turn 8</h2><div class="chat chatmessage-shadowhippie"><strong style="color:hsl(137,83%,35.84850197624335%)"><small>★</small><span class="username" data-name="Shadow Hippie">Shadow Hippie</span>:</strong> <em>why</em></div><div class="chat chatmessage-flipps"><strong style="color:hsl(228,85%,56.69575873087465%)"><small>★</small><span class="username" data-name="Flipps">Flipps</span>:</strong> <em>cuz poison chance is better than the 5 bp</em></div><div class="chat chatmessage-flipps"><strong style="color:hsl(228,85%,56.69575873087465%)"><small>★</small><span class="username" data-name="Flipps">Flipps</span>:</strong> <em>on a defensive mon</em></div><div class="spacer battle-history"><br></div><div class="battle-history">The opposing Claydol used <strong>Psyshock</strong>!<br></div><div class="battle-history"><small>It's super effective!</small><br></div><div class="battle-history"><small>(Vileplume lost <abbr title="−163/342">47.7%</abbr> of its health!)</small><br></div><div class="spacer battle-history"><br></div><div class="battle-history">Vileplume fainted!<br></div><div class="spacer battle-history"><br></div><div class="battle-history">Go! <strong>Lanturn</strong>!<br></div><div class="spacer battle-history"><br></div><h2 class="battle-history">Turn 9</h2><div class="spacer battle-history"><br></div><div class="battle-history">Lanturn used <strong>Scald</strong>!<br></div><div class="battle-history"><small>It's super effective!</small><br></div><div class="battle-history"><small>(The opposing Claydol lost <abbr title="−126/300">42%</abbr> of its health!)</small><br></div><div class="spacer battle-history"><br></div><div class="battle-history">The opposing Claydol fainted!<br></div><div class="spacer battle-history"><br></div><div class="battle-history">Shadow Hippie sent out <strong>Tauros</strong>!<br></div><div class="spacer battle-history"><br></div><h2 class="battle-history">Turn 10</h2><div class="spacer battle-history"><br></div><div class="battle-history">Lanturn, come back!<br></div><div class="battle-history">Go! <strong>Gurdurr</strong>!<br></div><div class="spacer battle-history"><br></div><div class="battle-history">The opposing Tauros used <strong>Rock Climb</strong>!<br></div><div class="battle-history"><small>(Gurdurr lost <abbr title="−156/374">41.7%</abbr> of its health!)</small><br></div><div class="spacer battle-history"><br></div><h2 class="battle-history">Turn 11</h2><div class="spacer battle-history"><br></div><div class="battle-history">Gurdurr used <strong>Mach Punch</strong>!<br></div><div class="battle-history"><small>It's super effective!</small><br></div><div class="battle-history"><small>(The opposing Tauros lost <abbr title="−138/291">47.4%</abbr> of its health!)</small><br></div><div class="spacer battle-history"><br></div><div class="battle-history">The opposing Tauros used <strong>Rock Climb</strong>!<br></div><div class="battle-history"><small>(Gurdurr lost <abbr title="−121/374">32.4%</abbr> of its health!)</small><br></div><div class="spacer battle-history"><br></div><div class="battle-history">Gurdurr fainted!<br></div><div class="spacer battle-history"><br></div><div class="battle-history">Go! <strong>Mesprit</strong>!<br></div><div class="spacer battle-history"><br></div><h2 class="battle-history">Turn 12</h2><div class="spacer battle-history"><br></div><div class="battle-history">Mesprit used <strong>Psychic</strong>!<br></div><div class="battle-history"><small>(The opposing Tauros lost <abbr title="−124/291">42.6%</abbr> of its health!)</small><br></div><div class="spacer battle-history"><br></div><div class="battle-history">The opposing Tauros fainted!<br></div><div class="spacer battle-history"><br></div><div class="battle-history">Shadow Hippie sent out <strong>Omastar</strong>!<br></div><div class="spacer battle-history"><br></div><h2 class="battle-history">Turn 13</h2><div class="spacer battle-history"><br></div><div class="battle-history">Mesprit used <strong>Psychic</strong>!<br></div><div class="battle-history"><small>(The opposing Omastar lost <abbr title="−193/281">68.7%</abbr> of its health!)</small><br></div><div class="spacer battle-history"><br></div><div class="battle-history">The opposing Omastar used <strong>Shell Smash</strong>!<br></div><div class="battle-history"><small>The opposing Omastar's Defense fell!</small><br></div><div class="battle-history"><small>The opposing Omastar's Special Defense fell!</small><br></div><div class="battle-history"><small>The opposing Omastar's Attack rose sharply!</small><br></div><div class="battle-history"><small>The opposing Omastar's Special Attack rose sharply!</small><br></div><div class="battle-history"><small>The opposing Omastar's Speed rose sharply!</small><br></div><div class="battle-history"><small>The opposing Omastar returned its status to normal using its White Herb!</small><br></div><div class="spacer battle-history"><br></div><h2 class="battle-history">Turn 14</h2><div class="spacer battle-history"><br></div><div class="battle-history">Mesprit, come back!<br></div><div class="battle-history">Go! <strong>Rhydon</strong>!<br></div><div class="spacer battle-history"><br></div><div class="battle-history">The opposing Omastar used <strong>Scald</strong>!<br></div><div class="battle-history"><small>It's super effective!</small><br></div><div class="battle-history"><small>(Rhydon lost <abbr title="−413/413">100%</abbr> of its health!)</small><br></div><div class="spacer battle-history"><br></div><div class="battle-history">Rhydon fainted!<br></div><div class="spacer battle-history"><br></div><div class="battle-history">Go! <strong>Lanturn</strong>!<br></div><div class="spacer battle-history"><br></div><h2 class="battle-history">Turn 15</h2><div class="spacer battle-history"><br></div><div class="battle-history">The opposing Omastar used <strong>Ice Beam</strong>!<br></div><div class="battle-history"><small>It's not very effective...</small><br></div><div class="battle-history"><small>(Lanturn lost <abbr title="−81/391">20.7%</abbr> of its health!)</small><br></div><div class="spacer battle-history"><br></div><div class="battle-history">Lanturn used <strong>Volt Switch</strong>!<br></div><div class="battle-history"><small>It's super effective!</small><br></div><div class="battle-history"><small>(The opposing Omastar lost <abbr title="−88/281">31.3%</abbr> of its health!)</small><br></div><div class="spacer battle-history"><br></div><div class="battle-history">The opposing Omastar fainted!<br></div><div class="spacer battle-history"><br></div><div class="battle-history">Lanturn went back to Flipps!<br></div><div class="battle-history">Go! <strong>Mesprit</strong>!<br></div><div class="spacer battle-history"><br></div><div class="battle-history">Shadow Hippie sent out <strong>Marowak</strong>!<br></div><div class="spacer battle-history"><br></div><h2 class="battle-history">Turn 16</h2><div class="spacer battle-history"><br></div><div class="battle-history">Mesprit used <strong>Psychic</strong>!<br></div><div class="battle-history"><small>(The opposing Marowak lost <abbr title="−160/261">61.3%</abbr> of its health!)</small><br></div><div class="spacer battle-history"><br></div><div class="battle-history">The opposing Marowak used <strong>Knock Off</strong>!<br></div><div class="battle-history"><small>It's super effective!</small><br></div><div class="battle-history"><small>(Mesprit lost <abbr title="−301/301">100%</abbr> of its health!)</small><br></div><div class="battle-history"><small>The opposing Marowak knocked off Mesprit's Choice Scarf!</small><br></div><div class="spacer battle-history"><br></div><div class="battle-history">Mesprit fainted!<br></div><div class="spacer battle-history"><br></div><div class="battle-history">Go! <strong>Tauros</strong>!<br></div><div class="spacer battle-history"><br></div><h2 class="battle-history">Turn 17</h2><div class="spacer battle-history"><br></div><div class="battle-history">Tauros used <strong>Earthquake</strong>!<br></div><div class="battle-history"><small>(The opposing Marowak lost <abbr title="−101/261">38.7%</abbr> of its health!)</small><br></div><div class="battle-history"><small>Tauros lost some of its HP!</small><br></div><div class="spacer battle-history"><br></div><div class="battle-history">The opposing Marowak fainted!<br></div><div class="spacer battle-history"><br></div><div class="battle-history">Shadow Hippie sent out <strong>Magmortar</strong>!<br></div><div class="spacer battle-history"><br></div><h2 class="battle-history">Turn 18</h2><div class="spacer battle-history"><br></div><div class="battle-history">Tauros used <strong>Earthquake</strong>!<br></div><div class="battle-history"><small>It's super effective!</small><br></div><div class="battle-history"><small>(The opposing Magmortar lost <abbr title="−257/354">72.6%</abbr> of its health!)</small><br></div><div class="battle-history"><small>Tauros lost some of its HP!</small><br></div><div class="spacer battle-history"><br></div><div class="battle-history">The opposing Magmortar fainted!<br></div><div class="spacer battle-history"><br></div><div class="battle-history"><strong>Flipps</strong> won the battle!<br></div><div class="chat chatmessage-flipps"><strong style="color:hsl(228,85%,56.69575873087465%)"><small>★</small><span class="username" data-name="Flipps">Flipps</span>:</strong> <em>gg</em></div><div class="chat"><small>RespectableAfrican left.</small></div><div class="chat"><small>Shadow Hippie left.</small></div></div><div class="inner-preempt"></div></div></div>
</div>
<script>
let daily = Math.floor(Date.now()/1000/60/60/24);document.write('<script src="https://play.pokemonshowdown.com/js/replay-embed.js?version'+daily+'"></'+'script>');
</script>
