<!DOCTYPE html>
<meta charset="utf-8" />
<!-- version 1 -->
<title>NU replay: SJ Axel vs. Brawlolololol</title>
<style>
html,body {font-family:Verdana, sans-serif;font-size:10pt;margin:0;padding:0;}body{padding:12px 0;} .battle-log {font-family:Verdana, sans-serif;font-size:10pt;} .battle-log-inline {border:1px solid #AAAAAA;background:#EEF2F5;color:black;max-width:640px;margin:0 auto 80px;padding-bottom:5px;} .battle-log .inner {padding:4px 8px 0px 8px;} .battle-log .inner-preempt {padding:0 8px 4px 8px;} .battle-log .inner-after {margin-top:0.5em;} .battle-log h2 {margin:0.5em -8px;padding:4px 8px;border:1px solid #AAAAAA;background:#E0E7EA;border-left:0;border-right:0;font-family:Verdana, sans-serif;font-size:13pt;} .battle-log .chat {vertical-align:middle;padding:3px 0 3px 0;font-size:8pt;} .battle-log .chat strong {color:#40576A;} .battle-log .chat em {padding:1px 4px 1px 3px;color:#000000;font-style:normal;} .chat.mine {background:rgba(0,0,0,0.05);margin-left:-8px;margin-right:-8px;padding-left:8px;padding-right:8px;} .spoiler {color:#BBBBBB;background:#BBBBBB;padding:0px 3px;} .spoiler:hover, .spoiler:active, .spoiler-shown {color:#000000;background:#E2E2E2;padding:0px 3px;} .spoiler a {color:#BBBBBB;} .spoiler:hover a, .spoiler:active a, .spoiler-shown a {color:#2288CC;} .chat code, .chat .spoiler:hover code, .chat .spoiler:active code, .chat .spoiler-shown code {border:1px solid #C0C0C0;background:#EEEEEE;color:black;padding:0 2px;} .chat .spoiler code {border:1px solid #CCCCCC;background:#CCCCCC;color:#CCCCCC;} .battle-log .rated {padding:3px 4px;} .battle-log .rated strong {color:white;background:#89A;padding:1px 4px;border-radius:4px;} .spacer {margin-top:0.5em;} .message-announce {background:#6688AA;color:white;padding:1px 4px 2px;} .message-announce a, .broadcast-green a, .broadcast-blue a, .broadcast-red a {color:#DDEEFF;} .broadcast-green {background-color:#559955;color:white;padding:2px 4px;} .broadcast-blue {background-color:#6688AA;color:white;padding:2px 4px;} .infobox {border:1px solid #6688AA;padding:2px 4px;} .infobox-limited {max-height:200px;overflow:auto;overflow-x:hidden;} .broadcast-red {background-color:#AA5544;color:white;padding:2px 4px;} .message-learn-canlearn {font-weight:bold;color:#228822;text-decoration:underline;} .message-learn-cannotlearn {font-weight:bold;color:#CC2222;text-decoration:underline;} .message-effect-weak {font-weight:bold;color:#CC2222;} .message-effect-resist {font-weight:bold;color:#6688AA;} .message-effect-immune {font-weight:bold;color:#666666;} .message-learn-list {margin-top:0;margin-bottom:0;} .message-throttle-notice, .message-error {color:#992222;} .message-overflow, .chat small.message-overflow {font-size:0pt;} .message-overflow::before {font-size:9pt;content:'...';} .subtle {color:#3A4A66;}
</style>
<div class="wrapper replay-wrapper" style="max-width:1180px;margin:0 auto">
<input type="hidden" name="replayid" value="nu-508569206" />
<div class="battle"></div><div class="battle-log"></div><div class="replay-controls"></div><div class="replay-controls-2"></div>
<h1 style="font-weight:normal;text-align:center"><strong>NU</strong><br /><a href="http://pokemonshowdown.com/users/sjaxel" class="subtle" target="_blank">SJ Axel</a> vs. <a href="http://pokemonshowdown.com/users/brawlolololol" class="subtle" target="_blank">Brawlolololol</a></h1>
<script type="text/plain" class="battle-log-data">|j|SJ Axel
|j|Brawlolololol
|player|p1|SJ Axel|52
|player|p2|Brawlolololol|265
|gametype|singles
|gen|6
|tier|NU
|rated
|seed|8558,18561,39184,33593
|rule|Sleep Clause Mod: Limit one foe put to sleep
|rule|Species Clause: Limit one of each Pokémon
|rule|OHKO Clause: OHKO moves are banned
|rule|Moody Clause: Moody is banned
|rule|Evasion Moves Clause: Evasion moves are banned
|rule|Endless Battle Clause: Forcing endless battles is banned
|rule|HP Percentage Mod: HP is shown in percentages
|clearpoke
|poke|p1|Primeape, M|item
|poke|p1|Liepard, F|item
|poke|p1|Rotom|item
|poke|p1|Garbodor, F|item
|poke|p1|Archeops, F|
|poke|p1|Samurott, F|item
|poke|p2|Liepard, M|item
|poke|p2|Drifblim, F|item
|poke|p2|Lilligant, F|item
|poke|p2|Hariyama, M|item
|poke|p2|Omastar, F|item
|poke|p2|Raichu, F|item
|rule|Swagger Clause: Swagger is banned
|rule|Baton Pass Clause: Limit one Baton Passer, can't pass Spe and other stats simultaneously
|teampreview
|choice|team 5, team 2, team 3, team 4, team 1, team 6|team 5, team 2, team 3, team 4, team 1, team 6
|
|start
|switch|p1a: Archeops|Archeops, F|291\/291
|switch|p2a: Omastar|Omastar, F|281\/281
|turn|1
|choice|move taunt|move scald
|
|move|p1a: Archeops|Taunt|p2a: Omastar
|-start|p2a: Omastar|move: Taunt
|move|p2a: Omastar|Scald|p1a: Archeops
|-supereffective|p1a: Archeops
|-damage|p1a: Archeops|0 fnt
|faint|p1a: Archeops
|
|upkeep
|choice|switch 3|
|
|switch|p1a: Rotom|Rotom|241\/241
|turn|2
|choice|move hex|switch 6
|
|switch|p2a: Raichu|Raichu, F|261\/261
|move|p1a: Rotom|Hex|p2a: Raichu
|-damage|p2a: Raichu|146\/261
|
|upkeep
|turn|3
|choice|move hex|move hiddenpower
|
|move|p1a: Rotom|Hex|p2a: Raichu
|-damage|p2a: Raichu|29\/261
|move|p2a: Raichu|Hidden Power|p1a: Rotom
|-damage|p1a: Rotom|147\/241
|-damage|p2a: Raichu|3\/261|[from] item: Life Orb
|
|upkeep
|turn|4
|choice|move hex|switch 5
|
|switch|p2a: Liepard|Liepard, M|269\/269
|move|p1a: Rotom|Hex|p2a: Liepard
|-resisted|p2a: Liepard
|-damage|p2a: Liepard|183\/269
|
|upkeep
|turn|5
|choice|switch 4|move knockoff
|
|switch|p1a: Garbodor|Garbodor, F|364\/364
|move|p2a: Liepard|Knock Off|p1a: Garbodor
|-damage|p1a: Garbodor|207\/364
|-damage|p2a: Liepard|139\/269|[from] item: Rocky Helmet|[of] p1a: Garbodor
|-enditem|p1a: Garbodor|Rocky Helmet|[from] move: Knock Off|[of] p2a: Liepard
|
|upkeep
|turn|6
|choice|move toxicspikes|switch 6
|
|switch|p2a: Omastar|Omastar, F|281\/281
|move|p1a: Garbodor|Toxic Spikes|p2a: Omastar
|-sidestart|p2: Brawlolololol|move: Toxic Spikes
|
|upkeep
|turn|7
|choice|move seedbomb|move stealthrock
|
|move|p2a: Omastar|Stealth Rock|p1a: Garbodor
|-sidestart|p1: SJ Axel|move: Stealth Rock
|move|p1a: Garbodor|Seed Bomb|p2a: Omastar
|-supereffective|p2a: Omastar
|-damage|p2a: Omastar|69\/281
|-ability|p2a: Omastar|Weak Armor|boost
|-unboost|p2a: Omastar|def|1
|-boost|p2a: Omastar|spe|1
|
|upkeep
|turn|8
|choice|move spikes|move spikes
|
|move|p2a: Omastar|Spikes|p1a: Garbodor
|-sidestart|p1: SJ Axel|Spikes
|move|p1a: Garbodor|Spikes|p2a: Omastar
|-sidestart|p2: Brawlolololol|Spikes
|
|upkeep
|turn|9
|choice|move seedbomb|move scald
|
|move|p2a: Omastar|Scald|p1a: Garbodor
|-damage|p1a: Garbodor|56\/364
|-status|p1a: Garbodor|brn
|move|p1a: Garbodor|Seed Bomb|p2a: Omastar
|-supereffective|p2a: Omastar
|-damage|p2a: Omastar|0 fnt
|faint|p2a: Omastar
|
|-damage|p1a: Garbodor|11\/364 brn|[from] brn
|upkeep
|choice||switch 2
|
|switch|p2a: Drifblim|Drifblim, F|444\/444
|turn|10
|choice|move gunkshot|move substitute
|
|move|p2a: Drifblim|Substitute|p2a: Drifblim
|-start|p2a: Drifblim|Substitute
|-damage|p2a: Drifblim|333\/444
|move|p1a: Garbodor|Gunk Shot|p2a: Drifblim
|-resisted|p2a: Drifblim
|-activate|p2a: Drifblim|move: Substitute|[damage]
|
|-damage|p1a: Garbodor|0 fnt|[from] brn
|upkeep
|faint|p1a: Garbodor
|choice|switch 2|
|
|switch|p1a: Liepard|Liepard, F|269\/269
|-damage|p1a: Liepard|236\/269|[from] Spikes
|-damage|p1a: Liepard|203\/269|[from] Stealth Rock
|turn|11
|choice|move knockoff|move willowisp
|
|move|p1a: Liepard|Knock Off|p2a: Drifblim
|-supereffective|p2a: Drifblim
|-end|p2a: Drifblim|Substitute
|move|p2a: Drifblim|Will-O-Wisp|p1a: Liepard
|-status|p1a: Liepard|brn
|
|-damage|p1a: Liepard|170\/269 brn|[from] brn
|upkeep
|turn|12
|choice|move knockoff|switch 5
|
|switch|p2a: Raichu|Raichu, F|3\/261
|-damage|p2a: Raichu|0 fnt|[from] Spikes
|faint|p2a: Raichu
|move|p1a: Liepard|Knock Off|p2: Raichu|[notarget]
|-notarget
|
|-damage|p1a: Liepard|137\/269 brn|[from] brn
|upkeep
|choice||switch 6
|
|switch|p2a: Liepard|Liepard, M|139\/269
|-damage|p2a: Liepard|106\/269|[from] Spikes
|-status|p2a: Liepard|psn
|turn|13
|choice|move uturn|move copycat
|
|move|p2a: Liepard|Copycat|p2a: Liepard
|move|p2a: Liepard|Knock Off|p1a: Liepard|[from]Copycat
|-resisted|p1a: Liepard
|-damage|p1a: Liepard|0 fnt
|-enditem|p1a: Liepard|Black Glasses|[from] move: Knock Off|[of] p2a: Liepard
|faint|p1a: Liepard
|
|-damage|p2a: Liepard|73\/269 psn|[from] psn
|upkeep
|choice|switch 6|
|
|switch|p1a: Samurott|Samurott, F|331\/331
|-damage|p1a: Samurott|290\/331|[from] Stealth Rock
|-damage|p1a: Samurott|249\/331|[from] Spikes
|turn|14
|choice|move aquajet|move copycat
|
|move|p2a: Liepard|Copycat|p2a: Liepard
|move|p2a: Liepard|Knock Off|p1a: Samurott|[from]Copycat
|-damage|p1a: Samurott|17\/331
|-enditem|p1a: Samurott|Lum Berry|[from] move: Knock Off|[of] p2a: Liepard
|move|p1a: Samurott|Aqua Jet|p2a: Liepard
|-damage|p2a: Liepard|0 fnt
|faint|p2a: Liepard
|
|upkeep
|c|★Brawlolololol|thanks for the priority knock off bud
|choice||switch 3
|
|switch|p2a: Lilligant|Lilligant, F|281\/281
|-status|p2a: Lilligant|psn
|-damage|p2a: Lilligant|246\/281 psn|[from] Spikes
|turn|15
|choice|move megahorn|move sleeppowder
|
|move|p2a: Lilligant|Sleep Powder|p1a: Samurott
|-status|p1a: Samurott|slp
|cant|p1a: Samurott|slp
|
|-damage|p2a: Lilligant|211\/281 psn|[from] psn
|upkeep
|turn|16
|choice|switch 4|move quiverdance
|
|switch|p1a: Rotom|Rotom|147\/241
|-damage|p1a: Rotom|117\/241|[from] Stealth Rock
|move|p2a: Lilligant|Quiver Dance|p2a: Lilligant
|-boost|p2a: Lilligant|spa|1
|-boost|p2a: Lilligant|spd|1
|-boost|p2a: Lilligant|spe|1
|
|-damage|p2a: Lilligant|176\/281 psn|[from] psn
|upkeep
|turn|17
|choice|move hex|move gigadrain
|
|move|p1a: Rotom|Hex|p2a: Lilligant
|-damage|p2a: Lilligant|25\/281 psn
|move|p2a: Lilligant|Giga Drain|p1a: Rotom
|-damage|p1a: Rotom|0 fnt
|-heal|p2a: Lilligant|84\/281 psn|[from] drain|[of] p1a: Rotom
|-damage|p2a: Lilligant|56\/281 psn|[from] item: Life Orb
|faint|p1a: Rotom
|
|-damage|p2a: Lilligant|21\/281 psn|[from] psn
|upkeep
|choice|switch 4|
|
|switch|p1a: Samurott|Samurott, F|17\/331 slp
|-damage|p1a: Samurott|0 fnt|[from] Stealth Rock
|faint|p1a: Samurott
|choice|switch 5|
|
|switch|p1a: Primeape|Primeape, M|271\/271
|-damage|p1a: Primeape|255\/271|[from] Stealth Rock
|-damage|p1a: Primeape|222\/271|[from] Spikes
|turn|18
|choice|move stoneedge|move gigadrain
|
|move|p2a: Lilligant|Giga Drain|p1a: Primeape
|-damage|p1a: Primeape|0 fnt
|-heal|p2a: Lilligant|132\/281 psn|[from] drain|[of] p1a: Primeape
|-damage|p2a: Lilligant|104\/281 psn|[from] item: Life Orb
|faint|p1a: Primeape
|
|win|Brawlolololol
|player|p1
|player|p2
|l|SJ Axel</script>
</div>
<div class="battle-log battle-log-inline"><div class="inner"><div class="battle-options"></div><div class="inner"><div class="chat"><small>SJ Axel joined.</small></div><div class="chat"><small>Brawlolololol joined.</small></div><div class=""><small>Format:</small> <br><strong>NU</strong></div><div class="rated"><strong>Rated battle</strong></div><div class=""><small><em>Sleep Clause Mod:</em> Limit one foe put to sleep</small></div><div class=""><small><em>Species Clause:</em> Limit one of each Pokémon</small></div><div class=""><small><em>OHKO Clause:</em> OHKO moves are banned</small></div><div class=""><small><em>Moody Clause:</em> Moody is banned</small></div><div class=""><small><em>Evasion Moves Clause:</em> Evasion moves are banned</small></div><div class=""><small><em>Endless Battle Clause:</em> Forcing endless battles is banned</small></div><div class=""><small><em>HP Percentage Mod:</em> HP is shown in percentages</small></div><div class=""><small><em>Swagger Clause:</em> Swagger is banned</small></div><div class=""><small><em>Baton Pass Clause:</em> Limit one Baton Passer, can't pass Spe and other stats simultaneously</small></div><div class="chat battle-history"><strong>SJ Axel's team:</strong> <em style="color:#445566;display:block;">Primeape / Liepard / Rotom / Garbodor / Archeops / Samurott</em></div><div class="chat battle-history"><strong>Brawlolololol's team:</strong> <em style="color:#445566;display:block;">Liepard / Drifblim / Lilligant / Hariyama / Omastar / Raichu</em></div><div class="spacer battle-history"><br></div><div class="battle-history">Battle started between SJ Axel and Brawlolololol!<br></div><div class="spacer battle-history"><br></div><div class="battle-history">Go! <strong>Archeops</strong>!<br></div><div class="spacer battle-history"><br></div><div class="battle-history">Brawlolololol sent out <strong>Omastar</strong>!<br></div><div class="spacer battle-history"><br></div><h2 class="battle-history">Turn 1</h2><div class="spacer battle-history"><br></div><div class="battle-history">Archeops used <strong>Taunt</strong>!<br></div><div class="battle-history"><small>The opposing Omastar fell for the taunt!</small><br></div><div class="spacer battle-history"><br></div><div class="battle-history">The opposing Omastar used <strong>Scald</strong>!<br></div><div class="battle-history"><small>It's super effective!</small><br></div><div class="battle-history"><small>(Archeops lost <abbr title="−291/291">100%</abbr> of its health!)</small><br></div><div class="spacer battle-history"><br></div><div class="battle-history">Archeops fainted!<br></div><div class="spacer battle-history"><br></div><div class="battle-history">Go! <strong>Rotom</strong>!<br></div><div class="spacer battle-history"><br></div><h2 class="battle-history">Turn 2</h2><div class="spacer battle-history"><br></div><div class="battle-history">Brawlolololol withdrew Omastar!<br></div><div class="battle-history">Brawlolololol sent out <strong>Raichu</strong>!<br></div><div class="spacer battle-history"><br></div><div class="battle-history">Rotom used <strong>Hex</strong>!<br></div><div class="battle-history"><small>(The opposing Raichu lost <abbr title="−115/261">44.1%</abbr> of its health!)</small><br></div><div class="spacer battle-history"><br></div><h2 class="battle-history">Turn 3</h2><div class="spacer battle-history"><br></div><div class="battle-history">Rotom used <strong>Hex</strong>!<br></div><div class="battle-history"><small>(The opposing Raichu lost <abbr title="−117/261">44.8%</abbr> of its health!)</small><br></div><div class="spacer battle-history"><br></div><div class="battle-history">The opposing Raichu used <strong>Hidden Power</strong>!<br></div><div class="battle-history"><small>(Rotom lost <abbr title="−94/241">39.0%</abbr> of its health!)</small><br></div><div class="battle-history"><small>The opposing Raichu lost some of its HP!</small><br></div><div class="spacer battle-history"><br></div><h2 class="battle-history">Turn 4</h2><div class="spacer battle-history"><br></div><div class="battle-history">Brawlolololol withdrew Raichu!<br></div><div class="battle-history">Brawlolololol sent out <strong>Liepard</strong>!<br></div><div class="spacer battle-history"><br></div><div class="battle-history">Rotom used <strong>Hex</strong>!<br></div><div class="battle-history"><small>It's not very effective...</small><br></div><div class="battle-history"><small>(The opposing Liepard lost <abbr title="−86/269">32.0%</abbr> of its health!)</small><br></div><div class="spacer battle-history"><br></div><h2 class="battle-history">Turn 5</h2><div class="spacer battle-history"><br></div><div class="battle-history">Rotom, come back!<br></div><div class="battle-history">Go! <strong>Garbodor</strong>!<br></div><div class="spacer battle-history"><br></div><div class="battle-history">The opposing Liepard used <strong>Knock Off</strong>!<br></div><div class="battle-history"><small>(Garbodor lost <abbr title="−157/364">43.1%</abbr> of its health!)</small><br></div><div class="battle-history"><small>The opposing Liepard was hurt by the Rocky Helmet!</small><br></div><div class="battle-history"><small>The opposing Liepard knocked off Garbodor's Rocky Helmet!</small><br></div><div class="spacer battle-history"><br></div><h2 class="battle-history">Turn 6</h2><div class="spacer battle-history"><br></div><div class="battle-history">Brawlolololol withdrew Liepard!<br></div><div class="battle-history">Brawlolololol sent out <strong>Omastar</strong>!<br></div><div class="spacer battle-history"><br></div><div class="battle-history">Garbodor used <strong>Toxic Spikes</strong>!<br></div><div class="battle-history"><small>Poison spikes were scattered on the ground all around the opposing team!</small><br></div><div class="spacer battle-history"><br></div><h2 class="battle-history">Turn 7</h2><div class="spacer battle-history"><br></div><div class="battle-history">The opposing Omastar used <strong>Stealth Rock</strong>!<br></div><div class="battle-history"><small>Pointed stones float in the air around your team!</small><br></div><div class="spacer battle-history"><br></div><div class="battle-history">Garbodor used <strong>Seed Bomb</strong>!<br></div><div class="battle-history"><small>It's super effective!</small><br></div><div class="battle-history"><small>(The opposing Omastar lost <abbr title="−212/281">75.4%</abbr> of its health!)</small><br></div><div class="battle-history"><small>[The opposing Omastar's Weak Armor]</small><br></div><div class="battle-history"><small>The opposing Omastar's Defense fell!</small><br></div><div class="battle-history"><small>The opposing Omastar's Speed rose!</small><br></div><div class="spacer battle-history"><br></div><h2 class="battle-history">Turn 8</h2><div class="spacer battle-history"><br></div><div class="battle-history">The opposing Omastar used <strong>Spikes</strong>!<br></div><div class="battle-history"><small>Spikes were scattered on the ground all around your team!</small><br></div><div class="spacer battle-history"><br></div><div class="battle-history">Garbodor used <strong>Spikes</strong>!<br></div><div class="battle-history"><small>Spikes were scattered on the ground all around the opposing team!</small><br></div><div class="spacer battle-history"><br></div><h2 class="battle-history">Turn 9</h2><div class="spacer battle-history"><br></div><div class="battle-history">The opposing Omastar used <strong>Scald</strong>!<br></div><div class="battle-history"><small>(Garbodor lost <abbr title="−151/364">41.5%</abbr> of its health!)</small><br></div><div class="battle-history"><small>Garbodor was burned!</small><br></div><div class="spacer battle-history"><br></div><div class="battle-history">Garbodor used <strong>Seed Bomb</strong>!<br></div><div class="battle-history"><small>It's super effective!</small><br></div><div class="battle-history"><small>(The opposing Omastar lost <abbr title="−69/281">24.6%</abbr> of its health!)</small><br></div><div class="spacer battle-history"><br></div><div class="battle-history">The opposing Omastar fainted!<br></div><div class="spacer battle-history"><br></div><div class="battle-history"><small>Garbodor was hurt by its burn!</small><br></div><div class="spacer battle-history"><br></div><div class="battle-history">Brawlolololol sent out <strong>Drifblim</strong>!<br></div><div class="spacer battle-history"><br></div><h2 class="battle-history">Turn 10</h2><div class="spacer battle-history"><br></div><div class="battle-history">The opposing Drifblim used <strong>Substitute</strong>!<br></div><div class="battle-history"><small>The opposing Drifblim put in a substitute!</small><br></div><div class="battle-history"><small>(The opposing Drifblim lost <abbr title="−111/444">25%</abbr> of its health!)</small><br></div><div class="spacer battle-history"><br></div><div class="battle-history">Garbodor used <strong>Gunk Shot</strong>!<br></div><div class="battle-history"><small>It's not very effective...</small><br></div><div class="battle-history"><small>The substitute took damage for the opposing Drifblim!</small><br></div><div class="spacer battle-history"><br></div><div class="battle-history"><small>Garbodor was hurt by its burn!</small><br></div><div class="spacer battle-history"><br></div><div class="battle-history">Garbodor fainted!<br></div><div class="spacer battle-history"><br></div><div class="battle-history">Go! <strong>Liepard</strong>!<br></div><div class="battle-history"><small>Liepard is hurt by the spikes!</small><br></div><div class="battle-history"><small>Pointed stones dug into Liepard!</small><br></div><div class="spacer battle-history"><br></div><h2 class="battle-history">Turn 11</h2><div class="spacer battle-history"><br></div><div class="battle-history">Liepard used <strong>Knock Off</strong>!<br></div><div class="battle-history"><small>It's super effective!</small><br></div><div class="battle-history"><small>The opposing Drifblim's substitute faded!</small><br></div><div class="spacer battle-history"><br></div><div class="battle-history">The opposing Drifblim used <strong>Will-O-Wisp</strong>!<br></div><div class="battle-history"><small>Liepard was burned!</small><br></div><div class="spacer battle-history"><br></div><div class="battle-history"><small>Liepard was hurt by its burn!</small><br></div><div class="spacer battle-history"><br></div><h2 class="battle-history">Turn 12</h2><div class="spacer battle-history"><br></div><div class="battle-history">Brawlolololol withdrew Drifblim!<br></div><div class="battle-history">Brawlolololol sent out <strong>Raichu</strong>!<br></div><div class="battle-history"><small>The opposing Raichu is hurt by the spikes!</small><br></div><div class="spacer battle-history"><br></div><div class="battle-history">The opposing Raichu fainted!<br></div><div class="battle-history">Liepard used <strong>Knock Off</strong>!<br></div><div class="battle-history"><small>But there was no target...</small><br></div><div class="spacer battle-history"><br></div><div class="battle-history"><small>Liepard was hurt by its burn!</small><br></div><div class="spacer battle-history"><br></div><div class="battle-history">Brawlolololol sent out <strong>Liepard</strong>!<br></div><div class="battle-history"><small>The opposing Liepard is hurt by the spikes!</small><br></div><div class="battle-history"><small>The opposing Liepard was poisoned!</small><br></div><div class="spacer battle-history"><br></div><h2 class="battle-history">Turn 13</h2><div class="spacer battle-history"><br></div><div class="battle-history">The opposing Liepard used <strong>Copycat</strong>!<br></div><div class="spacer battle-history"><br></div><div class="battle-history">The opposing Liepard used <strong>Knock Off</strong>!<br></div><div class="battle-history"><small>It's not very effective...</small><br></div><div class="battle-history"><small>(Liepard lost <abbr title="−137/269">50.9%</abbr> of its health!)</small><br></div><div class="battle-history"><small>The opposing Liepard knocked off Liepard's Black Glasses!</small><br></div><div class="spacer battle-history"><br></div><div class="battle-history">Liepard fainted!<br></div><div class="spacer battle-history"><br></div><div class="battle-history"><small>The opposing Liepard was hurt by poison!</small><br></div><div class="spacer battle-history"><br></div><div class="battle-history">Go! <strong>Samurott</strong>!<br></div><div class="battle-history"><small>Pointed stones dug into Samurott!</small><br></div><div class="battle-history"><small>Samurott is hurt by the spikes!</small><br></div><div class="spacer battle-history"><br></div><h2 class="battle-history">Turn 14</h2><div class="spacer battle-history"><br></div><div class="battle-history">The opposing Liepard used <strong>Copycat</strong>!<br></div><div class="spacer battle-history"><br></div><div class="battle-history">The opposing Liepard used <strong>Knock Off</strong>!<br></div><div class="battle-history"><small>(Samurott lost <abbr title="−232/331">70.1%</abbr> of its health!)</small><br></div><div class="battle-history"><small>The opposing Liepard knocked off Samurott's Lum Berry!</small><br></div><div class="spacer battle-history"><br></div><div class="battle-history">Samurott used <strong>Aqua Jet</strong>!<br></div><div class="battle-history"><small>(The opposing Liepard lost <abbr title="−73/269">27.1%</abbr> of its health!)</small><br></div><div class="spacer battle-history"><br></div><div class="battle-history">The opposing Liepard fainted!<br></div><div class="chat chatmessage-brawlolololol"><strong style="color:hsl(264,66%,55.44313490076951%)"><small>★</small><span class="username" data-name="Brawlolololol">Brawlolololol</span>:</strong> <em>thanks for the priority knock off bud</em></div><div class="spacer battle-history"><br></div><div class="battle-history">Brawlolololol sent out <strong>Lilligant</strong>!<br></div><div class="battle-history"><small>The opposing Lilligant was poisoned!</small><br></div><div class="battle-history"><small>The opposing Lilligant is hurt by the spikes!</small><br></div><div class="spacer battle-history"><br></div><h2 class="battle-history">Turn 15</h2><div class="spacer battle-history"><br></div><div class="battle-history">The opposing Lilligant used <strong>Sleep Powder</strong>!<br></div><div class="battle-history"><small>Samurott fell asleep!</small><br></div><div class="spacer battle-history"><br></div><div class="battle-history">Samurott is fast asleep.<br></div><div class="spacer battle-history"><br></div><div class="battle-history"><small>The opposing Lilligant was hurt by poison!</small><br></div><div class="spacer battle-history"><br></div><h2 class="battle-history">Turn 16</h2><div class="spacer battle-history"><br></div><div class="battle-history">Samurott, come back!<br></div><div class="battle-history">Go! <strong>Rotom</strong>!<br></div><div class="battle-history"><small>Pointed stones dug into Rotom!</small><br></div><div class="spacer battle-history"><br></div><div class="battle-history">The opposing Lilligant used <strong>Quiver Dance</strong>!<br></div><div class="battle-history"><small>The opposing Lilligant's Special Attack rose!</small><br></div><div class="battle-history"><small>The opposing Lilligant's Special Defense rose!</small><br></div><div class="battle-history"><small>The opposing Lilligant's Speed rose!</small><br></div><div class="spacer battle-history"><br></div><div class="battle-history"><small>The opposing Lilligant was hurt by poison!</small><br></div><div class="spacer battle-history"><br></div><h2 class="battle-history">Turn 17</h2><div class="spacer battle-history"><br></div><div class="battle-history">Rotom used <strong>Hex</strong>!<br></div><div class="battle-history"><small>(The opposing Lilligant lost <abbr title="−151/281">53.7%</abbr> of its health!)</small><br></div><div class="spacer battle-history"><br></div><div class="battle-history">The opposing Lilligant used <strong>Giga Drain</strong>!<br></div><div class="battle-history"><small>(Rotom lost <abbr title="−117/241">48.5%</abbr> of its health!)</small><br></div><div class="battle-history"><small>Rotom had its energy drained!</small><br></div><div class="battle-history"><small>The opposing Lilligant lost some of its HP!</small><br></div><div class="spacer battle-history"><br></div><div class="battle-history">Rotom fainted!<br></div><div class="spacer battle-history"><br></div><div class="battle-history"><small>The opposing Lilligant was hurt by poison!</small><br></div><div class="spacer battle-history"><br></div><div class="battle-history">Go! <strong>Samurott</strong>!<br></div><div class="battle-history"><small>Pointed stones dug into Samurott!</small><br></div><div class="spacer battle-history"><br></div><div class="battle-history">Samurott fainted!<br></div><div class="spacer battle-history"><br></div><div class="battle-history">Go! <strong>Primeape</strong>!<br></div><div class="battle-history"><small>Pointed stones dug into Primeape!</small><br></div><div class="battle-history"><small>Primeape is hurt by the spikes!</small><br></div><div class="spacer battle-history"><br></div><h2 class="battle-history">Turn 18</h2><div class="spacer battle-history"><br></div><div class="battle-history">The opposing Lilligant used <strong>Giga Drain</strong>!<br></div><div class="battle-history"><small>(Primeape lost <abbr title="−222/271">81.9%</abbr> of its health!)</small><br></div><div class="battle-history"><small>Primeape had its energy drained!</small><br></div><div class="battle-history"><small>The opposing Lilligant lost some of its HP!</small><br></div><div class="spacer battle-history"><br></div><div class="battle-history">Primeape fainted!<br></div><div class="spacer battle-history"><br></div><div class="battle-history"><strong>Brawlolololol</strong> won the battle!<br></div><div class="chat"><small>SJ Axel left.</small></div></div><div class="inner-preempt"></div></div></div>
</div>
<script>
let daily = Math.floor(Date.now()/1000/60/60/24);document.write('<script src="https://play.pokemonshowdown.com/js/replay-embed.js?version'+daily+'"></'+'script>');
</script>
