<!DOCTYPE html>
<meta charset="utf-8" />
<!-- version 1 -->
<title>NU replay: Kendall ewe vs. 777DarkPoloGang777</title>
<style>
html,body {font-family:Verdana, sans-serif;font-size:10pt;margin:0;padding:0;}body{padding:12px 0;} .battle-log {font-family:Verdana, sans-serif;font-size:10pt;} .battle-log-inline {border:1px solid #AAAAAA;background:#EEF2F5;color:black;max-width:640px;margin:0 auto 80px;padding-bottom:5px;} .battle-log .inner {padding:4px 8px 0px 8px;} .battle-log .inner-preempt {padding:0 8px 4px 8px;} .battle-log .inner-after {margin-top:0.5em;} .battle-log h2 {margin:0.5em -8px;padding:4px 8px;border:1px solid #AAAAAA;background:#E0E7EA;border-left:0;border-right:0;font-family:Verdana, sans-serif;font-size:13pt;} .battle-log .chat {vertical-align:middle;padding:3px 0 3px 0;font-size:8pt;} .battle-log .chat strong {color:#40576A;} .battle-log .chat em {padding:1px 4px 1px 3px;color:#000000;font-style:normal;} .chat.mine {background:rgba(0,0,0,0.05);margin-left:-8px;margin-right:-8px;padding-left:8px;padding-right:8px;} .spoiler {color:#BBBBBB;background:#BBBBBB;padding:0px 3px;} .spoiler:hover, .spoiler:active, .spoiler-shown {color:#000000;background:#E2E2E2;padding:0px 3px;} .spoiler a {color:#BBBBBB;} .spoiler:hover a, .spoiler:active a, .spoiler-shown a {color:#2288CC;} .chat code, .chat .spoiler:hover code, .chat .spoiler:active code, .chat .spoiler-shown code {border:1px solid #C0C0C0;background:#EEEEEE;color:black;padding:0 2px;} .chat .spoiler code {border:1px solid #CCCCCC;background:#CCCCCC;color:#CCCCCC;} .battle-log .rated {padding:3px 4px;} .battle-log .rated strong {color:white;background:#89A;padding:1px 4px;border-radius:4px;} .spacer {margin-top:0.5em;} .message-announce {background:#6688AA;color:white;padding:1px 4px 2px;} .message-announce a, .broadcast-green a, .broadcast-blue a, .broadcast-red a {color:#DDEEFF;} .broadcast-green {background-color:#559955;color:white;padding:2px 4px;} .broadcast-blue {background-color:#6688AA;color:white;padding:2px 4px;} .infobox {border:1px solid #6688AA;padding:2px 4px;} .infobox-limited {max-height:200px;overflow:auto;overflow-x:hidden;} .broadcast-red {background-color:#AA5544;color:white;padding:2px 4px;} .message-learn-canlearn {font-weight:bold;color:#228822;text-decoration:underline;} .message-learn-cannotlearn {font-weight:bold;color:#CC2222;text-decoration:underline;} .message-effect-weak {font-weight:bold;color:#CC2222;} .message-effect-resist {font-weight:bold;color:#6688AA;} .message-effect-immune {font-weight:bold;color:#666666;} .message-learn-list {margin-top:0;margin-bottom:0;} .message-throttle-notice, .message-error {color:#992222;} .message-overflow, .chat small.message-overflow {font-size:0pt;} .message-overflow::before {font-size:9pt;content:'...';} .subtle {color:#3A4A66;}
</style>
<div class="wrapper replay-wrapper" style="max-width:1180px;margin:0 auto">
<input type="hidden" name="replayid" value="nu-538671843" />
<div class="battle"></div><div class="battle-log"></div><div class="replay-controls"></div><div class="replay-controls-2"></div>
<h1 style="font-weight:normal;text-align:center"><strong>NU</strong><br /><a href="http://pokemonshowdown.com/users/kendallewe" class="subtle" target="_blank">Kendall ewe</a> vs. <a href="http://pokemonshowdown.com/users/777darkpologang777" class="subtle" target="_blank">777DarkPoloGang777</a></h1>
<script type="text/plain" class="battle-log-data">|j|Kendall ewe
|j|777DarkPoloGang777
|player|p1|Kendall ewe|290
|player|p2|777DarkPoloGang777|209
|gametype|singles
|gen|6
|tier|NU
|seed|6525,47160,8036,20582
|rule|Sleep Clause Mod: Limit one foe put to sleep
|rule|Species Clause: Limit one of each Pokémon
|rule|OHKO Clause: OHKO moves are banned
|rule|Moody Clause: Moody is banned
|rule|Evasion Moves Clause: Evasion moves are banned
|rule|Endless Battle Clause: Forcing endless battles is banned
|rule|HP Percentage Mod: HP is shown in percentages
|clearpoke
|poke|p1|Vivillon-Sun, M|item
|poke|p1|Jynx, F|item
|poke|p1|Xatu, M|item
|poke|p1|Tauros, M|item
|poke|p1|Steelix, M|item
|poke|p1|Samurott, M|item
|poke|p2|Pyroar, M|item
|poke|p2|Swellow, M|item
|poke|p2|Sliggoo, F|item
|poke|p2|Aurorus, M, shiny|item
|poke|p2|Claydol|item
|poke|p2|Liepard, F|item
|rule|Swagger Clause: Swagger is banned
|rule|Baton Pass Clause: Limit one Baton Passer, can't pass Spe and other stats simultaneously
|teampreview
|j|Aztecas
|choice|team 5, team 2, team 3, team 4, team 1, team 6|team 5, team 2, team 3, team 4, team 1, team 6
|
|start
|switch|p1a: Steelix|Steelix, M|334\/334
|switch|p2a: Claydol|Claydol|324\/324
|turn|1
|choice|switch 5|move stealthrock
|
|switch|p1a: Vivillon|Vivillon-Sun, M|301\/301
|move|p2a: Claydol|Stealth Rock|p1a: Vivillon
|-sidestart|p1: Kendall ewe|move: Stealth Rock
|
|upkeep
|turn|2
|choice|move sleeppowder|move icebeam
|
|move|p1a: Vivillon|Sleep Powder|p2a: Claydol
|-status|p2a: Claydol|slp
|cant|p2a: Claydol|slp
|
|upkeep
|turn|3
|choice|move quiverdance|switch 6
|
|switch|p2a: Liepard|Liepard, F|270\/270
|move|p1a: Vivillon|Quiver Dance|p1a: Vivillon
|-boost|p1a: Vivillon|spa|1
|-boost|p1a: Vivillon|spd|1
|-boost|p1a: Vivillon|spe|1
|
|upkeep
|turn|4
|choice|move sleeppowder|move fakeout
|
|move|p2a: Liepard|Fake Out|p1a: Vivillon
|-damage|p1a: Vivillon|236\/301
|cant|p1a: Vivillon|flinch
|
|upkeep
|turn|5
|choice|move sleeppowder|move thunderwave
|
|move|p2a: Liepard|Thunder Wave|p1a: Vivillon
|-status|p1a: Vivillon|par
|cant|p1a: Vivillon|par
|
|upkeep
|turn|6
|j|Alba017 WTF!!!!
|choice|move sleeppowder|switch 5
|
|switch|p2a: Pyroar|Pyroar, M|313\/313
|-ability|p2a: Pyroar|Unnerve|p1: Kendall ewe
|move|p1a: Vivillon|Sleep Powder|p2a: Pyroar|[miss]
|-miss|p1a: Vivillon|p2a: Pyroar
|
|upkeep
|turn|7
|choice|switch 5|move flamethrower
|
|switch|p1a: Steelix|Steelix, M|334\/334
|-damage|p1a: Steelix|324\/334|[from] Stealth Rock
|move|p2a: Pyroar|Flamethrower|p1a: Steelix
|-supereffective|p1a: Steelix
|-damage|p1a: Steelix|0 fnt
|-damage|p2a: Pyroar|282\/313|[from] item: Life Orb
|faint|p1a: Steelix
|
|upkeep
|choice|switch 4|
|
|switch|p1a: Tauros|Tauros, M|291\/291
|-damage|p1a: Tauros|255\/291|[from] Stealth Rock
|turn|8
|choice|move earthquake|switch 6
|
|switch|p2a: Claydol|Claydol|324\/324 slp
|move|p1a: Tauros|Earthquake|p2a: Claydol
|-immune|p2a: Claydol|[msg]|[from] ability: Levitate
|
|upkeep
|turn|9
|choice|move pursuit|move earthpower
|
|move|p1a: Tauros|Pursuit|p2a: Claydol
|-supereffective|p2a: Claydol
|-damage|p2a: Claydol|241\/324 slp
|-damage|p1a: Tauros|226\/291|[from] item: Life Orb
|-curestatus|p2a: Claydol|slp|[msg]
|move|p2a: Claydol|Earth Power|p1a: Tauros
|-damage|p1a: Tauros|100\/291
|
|-heal|p2a: Claydol|261\/324|[from] item: Leftovers
|upkeep
|turn|10
|c|☆777DarkPoloGang777|777
|choice|switch 6|move earthpower
|
|switch|p1a: Samurott|Samurott, M|332\/332
|-damage|p1a: Samurott|291\/332|[from] Stealth Rock
|move|p2a: Claydol|Earth Power|p1a: Samurott
|-damage|p1a: Samurott|192\/332
|
|-heal|p2a: Claydol|281\/324|[from] item: Leftovers
|upkeep
|turn|11
|choice|move swordsdance|move earthpower
|
|move|p1a: Samurott|Swords Dance|p1a: Samurott
|-boost|p1a: Samurott|atk|2
|move|p2a: Claydol|Earth Power|p1a: Samurott
|-damage|p1a: Samurott|87\/332
|
|-heal|p2a: Claydol|301\/324|[from] item: Leftovers
|upkeep
|turn|12
|choice|move waterfall|move earthpower
|
|move|p1a: Samurott|Waterfall|p2a: Claydol
|-supereffective|p2a: Claydol
|-damage|p2a: Claydol|0 fnt
|faint|p2a: Claydol
|
|upkeep
|choice||switch 2
|
|switch|p2a: Swellow|Swellow, M|262\/262
|turn|13
|choice|move aquajet|move protect
|
|move|p2a: Swellow|Protect|p2a: Swellow
|-singleturn|p2a: Swellow|Protect
|move|p1a: Samurott|Aqua Jet|p2a: Swellow
|-activate|p2a: Swellow|move: Protect
|
|-status|p2a: Swellow|tox|[from] item: Toxic Orb
|upkeep
|turn|14
|choice|move aquajet|move facade
|
|move|p1a: Samurott|Aqua Jet|p2a: Swellow
|-damage|p2a: Swellow|0 fnt
|faint|p2a: Swellow
|
|upkeep
|choice||switch 5
|
|switch|p2a: Liepard|Liepard, F|270\/270
|turn|15
|choice|move aquajet|move fakeout
|
|move|p2a: Liepard|Fake Out|p1a: Samurott
|-damage|p1a: Samurott|45\/332
|cant|p1a: Samurott|flinch
|
|upkeep
|turn|16
|choice|move aquajet|move suckerpunch
|
|move|p2a: Liepard|Sucker Punch|p1a: Samurott
|-damage|p1a: Samurott|0 fnt
|faint|p1a: Samurott
|
|upkeep
|choice|switch 6|
|
|switch|p1a: Tauros|Tauros, M|100\/291
|-damage|p1a: Tauros|64\/291|[from] Stealth Rock
|turn|17
|choice|move earthquake|move suckerpunch
|
|move|p2a: Liepard|Sucker Punch|p1a: Tauros
|-damage|p1a: Tauros|0 fnt
|faint|p1a: Tauros
|
|upkeep
|choice|switch 5|
|
|switch|p1a: Vivillon|Vivillon-Sun, M|236\/301 par
|-damage|p1a: Vivillon|86\/301 par|[from] Stealth Rock
|turn|18
|choice|move sleeppowder|move knockoff
|
|move|p2a: Liepard|Knock Off|p1a: Vivillon
|-damage|p1a: Vivillon|0 fnt
|-enditem|p1a: Vivillon|Focus Sash|[from] move: Knock Off|[of] p2a: Liepard
|faint|p1a: Vivillon
|
|upkeep
|choice|switch 2|
|
|switch|p1a: Jynx|Jynx, F|271\/271
|-damage|p1a: Jynx|204\/271|[from] Stealth Rock
|turn|19
|choice|move icebeam|move knockoff
|
|move|p2a: Liepard|Knock Off|p1a: Jynx
|-supereffective|p1a: Jynx
|-damage|p1a: Jynx|0 fnt
|-enditem|p1a: Jynx|Focus Sash|[from] move: Knock Off|[of] p2a: Liepard
|faint|p1a: Jynx
|
|upkeep
|choice|switch 3|
|
|switch|p1a: Xatu|Xatu, M|334\/334
|-damage|p1a: Xatu|251\/334|[from] Stealth Rock
|turn|20
|choice|move uturn|move knockoff
|
|move|p2a: Liepard|Knock Off|p1a: Xatu
|-supereffective|p1a: Xatu
|-damage|p1a: Xatu|0 fnt
|-damage|p2a: Liepard|225\/270|[from] item: Rocky Helmet|[of] p1a: Xatu
|-enditem|p1a: Xatu|Rocky Helmet|[from] move: Knock Off|[of] p2a: Liepard
|faint|p1a: Xatu
|
|win|777DarkPoloGang777
|player|p1
|player|p2
|l|Alba017 WTF!!!!
|l|Kendall ewe
|c| Aztecas|congrats</script>
</div>
<div class="battle-log battle-log-inline"><div class="inner"><div class="battle-options"></div><div class="inner"><div class="chat"><small>Kendall ewe joined.</small></div><div class="chat"><small>777DarkPoloGang777 joined.</small></div><div class=""><small>Format:</small> <br><strong>NU</strong></div><div class=""><small><em>Sleep Clause Mod:</em> Limit one foe put to sleep</small></div><div class=""><small><em>Species Clause:</em> Limit one of each Pokémon</small></div><div class=""><small><em>OHKO Clause:</em> OHKO moves are banned</small></div><div class=""><small><em>Moody Clause:</em> Moody is banned</small></div><div class=""><small><em>Evasion Moves Clause:</em> Evasion moves are banned</small></div><div class=""><small><em>Endless Battle Clause:</em> Forcing endless battles is banned</small></div><div class=""><small><em>HP Percentage Mod:</em> HP is shown in percentages</small></div><div class=""><small><em>Swagger Clause:</em> Swagger is banned</small></div><div class=""><small><em>Baton Pass Clause:</em> Limit one Baton Passer, can't pass Spe and other stats simultaneously</small></div><div class="chat battle-history"><strong>Kendall ewe's team:</strong> <em style="color:#445566;display:block;">Vivillon-Sun / Jynx / Xatu / Tauros / Steelix / Samurott</em></div><div class="chat battle-history"><strong>777DarkPoloGang777's team:</strong> <em style="color:#445566;display:block;">Pyroar / Swellow / Sliggoo / Aurorus / Claydol / Liepard</em></div><div class="chat"><small>Aztecas joined.</small></div><div class="spacer battle-history"><br></div><div class="battle-history">Battle started between Kendall ewe and 777DarkPoloGang777!<br></div><div class="spacer battle-history"><br></div><div class="battle-history">Go! <strong>Steelix</strong>!<br></div><div class="spacer battle-history"><br></div><div class="battle-history">777DarkPoloGang777 sent out <strong>Claydol</strong>!<br></div><div class="spacer battle-history"><br></div><h2 class="battle-history">Turn 1</h2><div class="spacer battle-history"><br></div><div class="battle-history">Steelix, come back!<br></div><div class="battle-history">Go! Vivillon (<strong>Vivillon-Sun</strong>)!<br></div><div class="spacer battle-history"><br></div><div class="battle-history">The opposing Claydol used <strong>Stealth Rock</strong>!<br></div><div class="battle-history"><small>Pointed stones float in the air around your team!</small><br></div><div class="spacer battle-history"><br></div><h2 class="battle-history">Turn 2</h2><div class="spacer battle-history"><br></div><div class="battle-history">Vivillon used <strong>Sleep Powder</strong>!<br></div><div class="battle-history"><small>The opposing Claydol fell asleep!</small><br></div><div class="spacer battle-history"><br></div><div class="battle-history">The opposing Claydol is fast asleep.<br></div><div class="spacer battle-history"><br></div><h2 class="battle-history">Turn 3</h2><div class="spacer battle-history"><br></div><div class="battle-history">777DarkPoloGang777 withdrew Claydol!<br></div><div class="battle-history">777DarkPoloGang777 sent out <strong>Liepard</strong>!<br></div><div class="spacer battle-history"><br></div><div class="battle-history">Vivillon used <strong>Quiver Dance</strong>!<br></div><div class="battle-history"><small>Vivillon's Special Attack rose!</small><br></div><div class="battle-history"><small>Vivillon's Special Defense rose!</small><br></div><div class="battle-history"><small>Vivillon's Speed rose!</small><br></div><div class="spacer battle-history"><br></div><h2 class="battle-history">Turn 4</h2><div class="spacer battle-history"><br></div><div class="battle-history">The opposing Liepard used <strong>Fake Out</strong>!<br></div><div class="battle-history"><small>(Vivillon lost <abbr title="−65/301">21.6%</abbr> of its health!)</small><br></div><div class="spacer battle-history"><br></div><div class="battle-history">Vivillon flinched and couldn't move!<br></div><div class="spacer battle-history"><br></div><h2 class="battle-history">Turn 5</h2><div class="spacer battle-history"><br></div><div class="battle-history">The opposing Liepard used <strong>Thunder Wave</strong>!<br></div><div class="battle-history"><small>Vivillon is paralyzed! It may be unable to move!</small><br></div><div class="spacer battle-history"><br></div><div class="battle-history">Vivillon is paralyzed! It can't move!<br></div><div class="spacer battle-history"><br></div><h2 class="battle-history">Turn 6</h2><div class="chat"><small>Alba017 WTF!!!! joined.</small></div><div class="spacer battle-history"><br></div><div class="battle-history">777DarkPoloGang777 withdrew Liepard!<br></div><div class="battle-history">777DarkPoloGang777 sent out <strong>Pyroar</strong>!<br></div><div class="battle-history"><small>[The opposing Pyroar's Unnerve]</small><br><small>Your team is too nervous to eat Berries!</small><br></div><div class="spacer battle-history"><br></div><div class="battle-history">Vivillon used <strong>Sleep Powder</strong>!<br></div><div class="battle-history"><small>The opposing Pyroar avoided the attack!</small><br></div><div class="spacer battle-history"><br></div><h2 class="battle-history">Turn 7</h2><div class="spacer battle-history"><br></div><div class="battle-history">Vivillon, come back!<br></div><div class="battle-history">Go! <strong>Steelix</strong>!<br></div><div class="battle-history"><small>Pointed stones dug into Steelix!</small><br></div><div class="spacer battle-history"><br></div><div class="battle-history">The opposing Pyroar used <strong>Flamethrower</strong>!<br></div><div class="battle-history"><small>It's super effective!</small><br></div><div class="battle-history"><small>(Steelix lost <abbr title="−324/334">97.0%</abbr> of its health!)</small><br></div><div class="battle-history"><small>The opposing Pyroar lost some of its HP!</small><br></div><div class="spacer battle-history"><br></div><div class="battle-history">Steelix fainted!<br></div><div class="spacer battle-history"><br></div><div class="battle-history">Go! <strong>Tauros</strong>!<br></div><div class="battle-history"><small>Pointed stones dug into Tauros!</small><br></div><div class="spacer battle-history"><br></div><h2 class="battle-history">Turn 8</h2><div class="spacer battle-history"><br></div><div class="battle-history">777DarkPoloGang777 withdrew Pyroar!<br></div><div class="battle-history">777DarkPoloGang777 sent out <strong>Claydol</strong>!<br></div><div class="spacer battle-history"><br></div><div class="battle-history">Tauros used <strong>Earthquake</strong>!<br></div><div class="battle-history"><small>[The opposing Claydol's Levitate]</small><br><small>It doesn't affect the opposing Claydol...</small><br></div><div class="spacer battle-history"><br></div><h2 class="battle-history">Turn 9</h2><div class="spacer battle-history"><br></div><div class="battle-history">Tauros used <strong>Pursuit</strong>!<br></div><div class="battle-history"><small>It's super effective!</small><br></div><div class="battle-history"><small>(The opposing Claydol lost <abbr title="−83/324">25.6%</abbr> of its health!)</small><br></div><div class="battle-history"><small>Tauros lost some of its HP!</small><br></div><div class="battle-history"><small>The opposing Claydol woke up!</small><br></div><div class="spacer battle-history"><br></div><div class="battle-history">The opposing Claydol used <strong>Earth Power</strong>!<br></div><div class="battle-history"><small>(Tauros lost <abbr title="−126/291">43.3%</abbr> of its health!)</small><br></div><div class="spacer battle-history"><br></div><div class="battle-history"><small>The opposing Claydol restored a little HP using its Leftovers!</small><br></div><div class="spacer battle-history"><br></div><h2 class="battle-history">Turn 10</h2><div class="chat chatmessage-777darkpologang777"><strong style="color:hsl(297,52%,49%)"><small>☆</small><span class="username" data-name="777DarkPoloGang777">777DarkPoloGang777</span>:</strong> <em>777</em></div><div class="spacer battle-history"><br></div><div class="battle-history">Tauros, come back!<br></div><div class="battle-history">Go! <strong>Samurott</strong>!<br></div><div class="battle-history"><small>Pointed stones dug into Samurott!</small><br></div><div class="spacer battle-history"><br></div><div class="battle-history">The opposing Claydol used <strong>Earth Power</strong>!<br></div><div class="battle-history"><small>(Samurott lost <abbr title="−99/332">29.8%</abbr> of its health!)</small><br></div><div class="spacer battle-history"><br></div><div class="battle-history"><small>The opposing Claydol restored a little HP using its Leftovers!</small><br></div><div class="spacer battle-history"><br></div><h2 class="battle-history">Turn 11</h2><div class="spacer battle-history"><br></div><div class="battle-history">Samurott used <strong>Swords Dance</strong>!<br></div><div class="battle-history"><small>Samurott's Attack rose sharply!</small><br></div><div class="spacer battle-history"><br></div><div class="battle-history">The opposing Claydol used <strong>Earth Power</strong>!<br></div><div class="battle-history"><small>(Samurott lost <abbr title="−105/332">31.6%</abbr> of its health!)</small><br></div><div class="spacer battle-history"><br></div><div class="battle-history"><small>The opposing Claydol restored a little HP using its Leftovers!</small><br></div><div class="spacer battle-history"><br></div><h2 class="battle-history">Turn 12</h2><div class="spacer battle-history"><br></div><div class="battle-history">Samurott used <strong>Waterfall</strong>!<br></div><div class="battle-history"><small>It's super effective!</small><br></div><div class="battle-history"><small>(The opposing Claydol lost <abbr title="−301/324">92.9%</abbr> of its health!)</small><br></div><div class="spacer battle-history"><br></div><div class="battle-history">The opposing Claydol fainted!<br></div><div class="spacer battle-history"><br></div><div class="battle-history">777DarkPoloGang777 sent out <strong>Swellow</strong>!<br></div><div class="spacer battle-history"><br></div><h2 class="battle-history">Turn 13</h2><div class="spacer battle-history"><br></div><div class="battle-history">The opposing Swellow used <strong>Protect</strong>!<br></div><div class="battle-history"><small>The opposing Swellow protected itself!</small><br></div><div class="spacer battle-history"><br></div><div class="battle-history">Samurott used <strong>Aqua Jet</strong>!<br></div><div class="battle-history"><small>The opposing Swellow protected itself!</small><br></div><div class="spacer battle-history"><br></div><div class="battle-history"><small>The opposing Swellow was badly poisoned!</small><br></div><div class="spacer battle-history"><br></div><h2 class="battle-history">Turn 14</h2><div class="spacer battle-history"><br></div><div class="battle-history">Samurott used <strong>Aqua Jet</strong>!<br></div><div class="battle-history"><small>(The opposing Swellow lost <abbr title="−262/262">100%</abbr> of its health!)</small><br></div><div class="spacer battle-history"><br></div><div class="battle-history">The opposing Swellow fainted!<br></div><div class="spacer battle-history"><br></div><div class="battle-history">777DarkPoloGang777 sent out <strong>Liepard</strong>!<br></div><div class="spacer battle-history"><br></div><h2 class="battle-history">Turn 15</h2><div class="spacer battle-history"><br></div><div class="battle-history">The opposing Liepard used <strong>Fake Out</strong>!<br></div><div class="battle-history"><small>(Samurott lost <abbr title="−42/332">12.7%</abbr> of its health!)</small><br></div><div class="spacer battle-history"><br></div><div class="battle-history">Samurott flinched and couldn't move!<br></div><div class="spacer battle-history"><br></div><h2 class="battle-history">Turn 16</h2><div class="spacer battle-history"><br></div><div class="battle-history">The opposing Liepard used <strong>Sucker Punch</strong>!<br></div><div class="battle-history"><small>(Samurott lost <abbr title="−45/332">13.6%</abbr> of its health!)</small><br></div><div class="spacer battle-history"><br></div><div class="battle-history">Samurott fainted!<br></div><div class="spacer battle-history"><br></div><div class="battle-history">Go! <strong>Tauros</strong>!<br></div><div class="battle-history"><small>Pointed stones dug into Tauros!</small><br></div><div class="spacer battle-history"><br></div><h2 class="battle-history">Turn 17</h2><div class="spacer battle-history"><br></div><div class="battle-history">The opposing Liepard used <strong>Sucker Punch</strong>!<br></div><div class="battle-history"><small>(Tauros lost <abbr title="−64/291">22.0%</abbr> of its health!)</small><br></div><div class="spacer battle-history"><br></div><div class="battle-history">Tauros fainted!<br></div><div class="spacer battle-history"><br></div><div class="battle-history">Go! Vivillon (<strong>Vivillon-Sun</strong>)!<br></div><div class="battle-history"><small>Pointed stones dug into Vivillon!</small><br></div><div class="spacer battle-history"><br></div><h2 class="battle-history">Turn 18</h2><div class="spacer battle-history"><br></div><div class="battle-history">The opposing Liepard used <strong>Knock Off</strong>!<br></div><div class="battle-history"><small>(Vivillon lost <abbr title="−86/301">28.6%</abbr> of its health!)</small><br></div><div class="battle-history"><small>The opposing Liepard knocked off Vivillon's Focus Sash!</small><br></div><div class="spacer battle-history"><br></div><div class="battle-history">Vivillon fainted!<br></div><div class="spacer battle-history"><br></div><div class="battle-history">Go! <strong>Jynx</strong>!<br></div><div class="battle-history"><small>Pointed stones dug into Jynx!</small><br></div><div class="spacer battle-history"><br></div><h2 class="battle-history">Turn 19</h2><div class="spacer battle-history"><br></div><div class="battle-history">The opposing Liepard used <strong>Knock Off</strong>!<br></div><div class="battle-history"><small>It's super effective!</small><br></div><div class="battle-history"><small>(Jynx lost <abbr title="−204/271">75.3%</abbr> of its health!)</small><br></div><div class="battle-history"><small>The opposing Liepard knocked off Jynx's Focus Sash!</small><br></div><div class="spacer battle-history"><br></div><div class="battle-history">Jynx fainted!<br></div><div class="spacer battle-history"><br></div><div class="battle-history">Go! <strong>Xatu</strong>!<br></div><div class="battle-history"><small>Pointed stones dug into Xatu!</small><br></div><div class="spacer battle-history"><br></div><h2 class="battle-history">Turn 20</h2><div class="spacer battle-history"><br></div><div class="battle-history">The opposing Liepard used <strong>Knock Off</strong>!<br></div><div class="battle-history"><small>It's super effective!</small><br></div><div class="battle-history"><small>(Xatu lost <abbr title="−251/334">75.1%</abbr> of its health!)</small><br></div><div class="battle-history"><small>The opposing Liepard was hurt by the Rocky Helmet!</small><br></div><div class="battle-history"><small>The opposing Liepard knocked off Xatu's Rocky Helmet!</small><br></div><div class="spacer battle-history"><br></div><div class="battle-history">Xatu fainted!<br></div><div class="spacer battle-history"><br></div><div class="battle-history"><strong>777DarkPoloGang777</strong> won the battle!<br></div><div class="chat"><small>Alba017 WTF!!!! left.</small></div><div class="chat"><small>Kendall ewe left.</small></div><div class="chat chatmessage-aztecas"><strong style="color:hsl(272,54%,56.17187276402604%)"><small> </small><span class="username" data-name="Aztecas">Aztecas</span>:</strong> <em>congrats</em></div></div><div class="inner-preempt"></div></div></div>
</div>
<script>
let daily = Math.floor(Date.now()/1000/60/60/24);document.write('<script src="https://play.pokemonshowdown.com/js/replay-embed.js?version'+daily+'"></'+'script>');
</script>
