<!DOCTYPE html>
<meta charset="utf-8" />
<!-- version 1 -->
<title>NU replay: themadkingatmey vs. tghnfc</title>
<style>
html,body {font-family:Verdana, sans-serif;font-size:10pt;margin:0;padding:0;}body{padding:12px 0;} .battle-log {font-family:Verdana, sans-serif;font-size:10pt;} .battle-log-inline {border:1px solid #AAAAAA;background:#EEF2F5;color:black;max-width:640px;margin:0 auto 80px;padding-bottom:5px;} .battle-log .inner {padding:4px 8px 0px 8px;} .battle-log .inner-preempt {padding:0 8px 4px 8px;} .battle-log .inner-after {margin-top:0.5em;} .battle-log h2 {margin:0.5em -8px;padding:4px 8px;border:1px solid #AAAAAA;background:#E0E7EA;border-left:0;border-right:0;font-family:Verdana, sans-serif;font-size:13pt;} .battle-log .chat {vertical-align:middle;padding:3px 0 3px 0;font-size:8pt;} .battle-log .chat strong {color:#40576A;} .battle-log .chat em {padding:1px 4px 1px 3px;color:#000000;font-style:normal;} .chat.mine {background:rgba(0,0,0,0.05);margin-left:-8px;margin-right:-8px;padding-left:8px;padding-right:8px;} .spoiler {color:#BBBBBB;background:#BBBBBB;padding:0px 3px;} .spoiler:hover, .spoiler:active, .spoiler-shown {color:#000000;background:#E2E2E2;padding:0px 3px;} .spoiler a {color:#BBBBBB;} .spoiler:hover a, .spoiler:active a, .spoiler-shown a {color:#2288CC;} .chat code, .chat .spoiler:hover code, .chat .spoiler:active code, .chat .spoiler-shown code {border:1px solid #C0C0C0;background:#EEEEEE;color:black;padding:0 2px;} .chat .spoiler code {border:1px solid #CCCCCC;background:#CCCCCC;color:#CCCCCC;} .battle-log .rated {padding:3px 4px;} .battle-log .rated strong {color:white;background:#89A;padding:1px 4px;border-radius:4px;} .spacer {margin-top:0.5em;} .message-announce {background:#6688AA;color:white;padding:1px 4px 2px;} .message-announce a, .broadcast-green a, .broadcast-blue a, .broadcast-red a {color:#DDEEFF;} .broadcast-green {background-color:#559955;color:white;padding:2px 4px;} .broadcast-blue {background-color:#6688AA;color:white;padding:2px 4px;} .infobox {border:1px solid #6688AA;padding:2px 4px;} .infobox-limited {max-height:200px;overflow:auto;overflow-x:hidden;} .broadcast-red {background-color:#AA5544;color:white;padding:2px 4px;} .message-learn-canlearn {font-weight:bold;color:#228822;text-decoration:underline;} .message-learn-cannotlearn {font-weight:bold;color:#CC2222;text-decoration:underline;} .message-effect-weak {font-weight:bold;color:#CC2222;} .message-effect-resist {font-weight:bold;color:#6688AA;} .message-effect-immune {font-weight:bold;color:#666666;} .message-learn-list {margin-top:0;margin-bottom:0;} .message-throttle-notice, .message-error {color:#992222;} .message-overflow, .chat small.message-overflow {font-size:0pt;} .message-overflow::before {font-size:9pt;content:'...';} .subtle {color:#3A4A66;}
</style>
<div class="wrapper replay-wrapper" style="max-width:1180px;margin:0 auto">
<input type="hidden" name="replayid" value="nu-515408884" />
<div class="battle"></div><div class="battle-log"></div><div class="replay-controls"></div><div class="replay-controls-2"></div>
<h1 style="font-weight:normal;text-align:center"><strong>NU</strong><br /><a href="http://pokemonshowdown.com/users/themadkingatmey" class="subtle" target="_blank">themadkingatmey</a> vs. <a href="http://pokemonshowdown.com/users/tghnfc" class="subtle" target="_blank">tghnfc</a></h1>
<script type="text/plain" class="battle-log-data">|j|themadkingatmey
|j|tghnfc
|player|p1|themadkingatmey|249
|player|p2|tghnfc|101
|gametype|singles
|gen|6
|tier|NU
|rated
|seed|30103,58650,6793,39482
|rule|Sleep Clause Mod: Limit one foe put to sleep
|rule|Species Clause: Limit one of each Pokémon
|rule|OHKO Clause: OHKO moves are banned
|rule|Moody Clause: Moody is banned
|rule|Evasion Moves Clause: Evasion moves are banned
|rule|Endless Battle Clause: Forcing endless battles is banned
|rule|HP Percentage Mod: HP is shown in percentages
|clearpoke
|poke|p1|Tauros, M|item
|poke|p1|Lilligant, F, shiny|item
|poke|p1|Carracosta, M|item
|poke|p1|Magmortar, M, shiny|item
|poke|p1|Claydol, shiny|item
|poke|p1|Scyther, F, shiny|item
|poke|p2|Mightyena, F|item
|poke|p2|Mismagius, F|item
|poke|p2|Audino, F|item
|poke|p2|Kadabra, F|item
|poke|p2|Bastiodon, M|item
|poke|p2|Barbaracle, F|item
|rule|Swagger Clause: Swagger is banned
|rule|Baton Pass Clause: Limit one Baton Passer, can't pass Spe and other stats simultaneously
|teampreview
|choice|team 3, team 2, team 1, team 4, team 5, team 6|team 5, team 2, team 3, team 4, team 1, team 6
|
|start
|switch|p1a: Gamera|Carracosta, M|352\/352
|switch|p2a: Bastiodon|Bastiodon, M|324\/324
|turn|1
|choice|move waterfall|move stealthrock
|
|move|p1a: Gamera|Waterfall|p2a: Bastiodon
|-supereffective|p2a: Bastiodon
|-damage|p2a: Bastiodon|82\/324
|-damage|p1a: Gamera|317\/352|[from] item: Life Orb
|move|p2a: Bastiodon|Stealth Rock|p1a: Gamera
|-sidestart|p1: themadkingatmey|move: Stealth Rock
|
|-heal|p2a: Bastiodon|102\/324|[from] item: Leftovers
|upkeep
|turn|2
|choice|move waterfall|switch 6
|
|switch|p2a: Barbaracle|Barbaracle, F|348\/348
|move|p1a: Gamera|Waterfall|p2a: Barbaracle
|-damage|p2a: Barbaracle|175\/348
|-damage|p1a: Gamera|282\/352|[from] item: Life Orb
|
|upkeep
|turn|3
|choice|move stealthrock|move earthquake
|
|move|p2a: Barbaracle|Earthquake|p1a: Gamera
|-supereffective|p1a: Gamera
|-damage|p1a: Gamera|138\/352
|move|p1a: Gamera|Stealth Rock|p2a: Barbaracle
|-sidestart|p2: tghnfc|move: Stealth Rock
|
|upkeep
|turn|4
|choice|move stoneedge|move earthquake
|
|move|p2a: Barbaracle|Earthquake|p1a: Gamera
|-supereffective|p1a: Gamera
|-damage|p1a: Gamera|14\/352
|move|p1a: Gamera|Stone Edge|p2a: Barbaracle
|-damage|p2a: Barbaracle|0 fnt
|-damage|p1a: Gamera|0 fnt|[from] item: Life Orb
|faint|p2a: Barbaracle
|faint|p1a: Gamera
|
|upkeep
|choice|switch 5|switch 5
|
|switch|p2a: Mightyena|Mightyena, F|281\/281
|switch|p1a: Arahabaki|Claydol, shiny|262\/262
|-damage|p2a: Mightyena|246\/281|[from] Stealth Rock
|-damage|p1a: Arahabaki|246\/262|[from] Stealth Rock
|turn|5
|choice|move rapidspin|move crunch
|
|move|p2a: Mightyena|Crunch|p1a: Arahabaki
|-supereffective|p1a: Arahabaki
|-damage|p1a: Arahabaki|0 fnt
|-damage|p2a: Mightyena|218\/281|[from] item: Life Orb
|faint|p1a: Arahabaki
|-ability|p2a: Mightyena|Moxie|boost
|-boost|p2a: Mightyena|atk|1
|
|upkeep
|choice|switch 3|
|
|switch|p1a: Apis|Tauros, M|291\/291
|-damage|p1a: Apis|255\/291|[from] Stealth Rock
|turn|6
|choice|move rockclimb|move irontail
|
|move|p1a: Apis|Rock Climb|p2a: Mightyena
|-damage|p2a: Mightyena|0 fnt
|faint|p2a: Mightyena
|
|upkeep
|choice||switch 2
|
|switch|p2a: Mismagius|Mismagius, F|324\/324
|-damage|p2a: Mismagius|284\/324|[from] Stealth Rock
|turn|7
|choice|move rockslide|move willowisp
|
|move|p1a: Apis|Rock Slide|p2a: Mismagius
|-damage|p2a: Mismagius|85\/324
|move|p2a: Mismagius|Will-O-Wisp|p1a: Apis|[miss]
|-miss|p2a: Mismagius|p1a: Apis
|
|-heal|p2a: Mismagius|105\/324|[from] item: Leftovers
|upkeep
|turn|8
|choice|move rockslide|move painsplit
|
|move|p1a: Apis|Rock Slide|p2a: Mismagius
|-damage|p2a: Mismagius|0 fnt
|faint|p2a: Mismagius
|
|upkeep
|choice||switch 4
|
|switch|p2a: Kadabra|Kadabra, F|221\/221
|-damage|p2a: Kadabra|194\/221|[from] Stealth Rock
|turn|9
|choice|move rockclimb|move psychic
|
|move|p2a: Kadabra|Psychic|p1a: Apis
|-crit|p1a: Apis
|-damage|p1a: Apis|0 fnt
|faint|p1a: Apis
|
|upkeep
|choice|switch 4|
|
|switch|p1a: Dropsy|Magmortar, M, shiny|291\/291
|-damage|p1a: Dropsy|219\/291|[from] Stealth Rock
|turn|10
|choice|move fireblast|move psychic
|
|move|p2a: Kadabra|Psychic|p1a: Dropsy
|-damage|p1a: Dropsy|59\/291
|move|p1a: Dropsy|Fire Blast|p2a: Kadabra
|-damage|p2a: Kadabra|0 fnt
|-damage|p1a: Dropsy|30\/291|[from] item: Life Orb
|faint|p2a: Kadabra
|
|upkeep
|choice||switch 3
|
|switch|p2a: Audino|Audino, F|410\/410
|-damage|p2a: Audino|359\/410|[from] Stealth Rock
|turn|11
|choice|move fireblast|move dazzlinggleam mega
|
|detailschange|p2a: Audino|Audino-Mega, F
|-mega|p2a: Audino|Audino|Audinite
|move|p1a: Dropsy|Fire Blast|p2a: Audino
|-damage|p2a: Audino|184\/410
|-damage|p1a: Dropsy|1\/291|[from] item: Life Orb
|move|p2a: Audino|Dazzling Gleam|p1a: Dropsy
|-resisted|p1a: Dropsy
|-damage|p1a: Dropsy|0 fnt
|faint|p1a: Dropsy
|
|upkeep
|choice|switch 2|
|
|switch|p1a: Belle|Lilligant, F, shiny|281\/281
|-damage|p1a: Belle|246\/281|[from] Stealth Rock
|turn|12
|choice|move sleeppowder|move wish
|
|move|p1a: Belle|Sleep Powder|p2a: Audino
|-status|p2a: Audino|slp
|cant|p2a: Audino|slp
|
|upkeep
|turn|13
|choice|move quiverdance|move wish
|
|move|p1a: Belle|Quiver Dance|p1a: Belle
|-boost|p1a: Belle|spa|1
|-boost|p1a: Belle|spd|1
|-boost|p1a: Belle|spe|1
|cant|p2a: Audino|slp
|
|upkeep
|turn|14
|choice|move quiverdance|move wish
|
|move|p1a: Belle|Quiver Dance|p1a: Belle
|-boost|p1a: Belle|spa|1
|-boost|p1a: Belle|spd|1
|-boost|p1a: Belle|spe|1
|-curestatus|p2a: Audino|slp|[msg]
|move|p2a: Audino|Wish|p2a: Audino
|
|upkeep
|turn|15
|choice|move quiverdance|move toxic
|
|move|p1a: Belle|Quiver Dance|p1a: Belle
|-boost|p1a: Belle|spa|1
|-boost|p1a: Belle|spd|1
|-boost|p1a: Belle|spe|1
|move|p2a: Audino|Toxic|p1a: Belle
|-status|p1a: Belle|tox
|
|-heal|p2a: Audino|389\/410|[from] move: Wish|[wisher] Audino
|-damage|p1a: Belle|229\/281 tox|[from] psn
|upkeep
|turn|16
|choice|move gigadrain|move dazzlinggleam
|
|move|p1a: Belle|Giga Drain|p2a: Audino
|-damage|p2a: Audino|115\/410
|-heal|p1a: Belle|281\/281 tox|[from] drain|[of] p2a: Audino
|-damage|p1a: Belle|253\/281 tox|[from] item: Life Orb
|move|p2a: Audino|Dazzling Gleam|p1a: Belle
|-damage|p1a: Belle|216\/281 tox
|
|-damage|p1a: Belle|182\/281 tox|[from] psn
|upkeep
|turn|17
|choice|move gigadrain|move wish
|
|move|p1a: Belle|Giga Drain|p2a: Audino
|-damage|p2a: Audino|0 fnt
|-heal|p1a: Belle|240\/281 tox|[from] drain|[of] p2a: Audino
|-damage|p1a: Belle|212\/281 tox|[from] item: Life Orb
|faint|p2a: Audino
|
|-damage|p1a: Belle|161\/281 tox|[from] psn
|upkeep
|choice||switch 6
|
|switch|p2a: Bastiodon|Bastiodon, M|102\/324
|-damage|p2a: Bastiodon|82\/324|[from] Stealth Rock
|turn|18
|choice|move gigadrain|move roar
|
|move|p1a: Belle|Giga Drain|p2a: Bastiodon
|-damage|p2a: Bastiodon|0 fnt
|-heal|p1a: Belle|202\/281 tox|[from] drain|[of] p2a: Bastiodon
|-damage|p1a: Belle|174\/281 tox|[from] item: Life Orb
|faint|p2a: Bastiodon
|
|win|themadkingatmey
|player|p1
|player|p2
|l|tghnfc</script>
</div>
<div class="battle-log battle-log-inline"><div class="inner"><div class="battle-options"></div><div class="inner"><div class="chat"><small>themadkingatmey joined.</small></div><div class="chat"><small>tghnfc joined.</small></div><div class=""><small>Format:</small> <br><strong>NU</strong></div><div class="rated"><strong>Rated battle</strong></div><div class=""><small><em>Sleep Clause Mod:</em> Limit one foe put to sleep</small></div><div class=""><small><em>Species Clause:</em> Limit one of each Pokémon</small></div><div class=""><small><em>OHKO Clause:</em> OHKO moves are banned</small></div><div class=""><small><em>Moody Clause:</em> Moody is banned</small></div><div class=""><small><em>Evasion Moves Clause:</em> Evasion moves are banned</small></div><div class=""><small><em>Endless Battle Clause:</em> Forcing endless battles is banned</small></div><div class=""><small><em>HP Percentage Mod:</em> HP is shown in percentages</small></div><div class=""><small><em>Swagger Clause:</em> Swagger is banned</small></div><div class=""><small><em>Baton Pass Clause:</em> Limit one Baton Passer, can't pass Spe and other stats simultaneously</small></div><div class="chat battle-history"><strong>themadkingatmey's team:</strong> <em style="color:#445566;display:block;">Tauros / Lilligant / Carracosta / Magmortar / Claydol / Scyther</em></div><div class="chat battle-history"><strong>tghnfc's team:</strong> <em style="color:#445566;display:block;">Mightyena / Mismagius / Audino / Kadabra / Bastiodon / Barbaracle</em></div><div class="spacer battle-history"><br></div><div class="battle-history">Battle started between themadkingatmey and tghnfc!<br></div><div class="spacer battle-history"><br></div><div class="battle-history">Go! Gamera (<strong>Carracosta</strong>)!<br></div><div class="spacer battle-history"><br></div><div class="battle-history">tghnfc sent out <strong>Bastiodon</strong>!<br></div><div class="spacer battle-history"><br></div><h2 class="battle-history">Turn 1</h2><div class="spacer battle-history"><br></div><div class="battle-history">Gamera used <strong>Waterfall</strong>!<br></div><div class="battle-history"><small>It's super effective!</small><br></div><div class="battle-history"><small>(The opposing Bastiodon lost <abbr title="−242/324">74.7%</abbr> of its health!)</small><br></div><div class="battle-history"><small>Gamera lost some of its HP!</small><br></div><div class="spacer battle-history"><br></div><div class="battle-history">The opposing Bastiodon used <strong>Stealth Rock</strong>!<br></div><div class="battle-history"><small>Pointed stones float in the air around your team!</small><br></div><div class="spacer battle-history"><br></div><div class="battle-history"><small>The opposing Bastiodon restored a little HP using its Leftovers!</small><br></div><div class="spacer battle-history"><br></div><h2 class="battle-history">Turn 2</h2><div class="spacer battle-history"><br></div><div class="battle-history">tghnfc withdrew Bastiodon!<br></div><div class="battle-history">tghnfc sent out <strong>Barbaracle</strong>!<br></div><div class="spacer battle-history"><br></div><div class="battle-history">Gamera used <strong>Waterfall</strong>!<br></div><div class="battle-history"><small>(The opposing Barbaracle lost <abbr title="−173/348">49.7%</abbr> of its health!)</small><br></div><div class="battle-history"><small>Gamera lost some of its HP!</small><br></div><div class="spacer battle-history"><br></div><h2 class="battle-history">Turn 3</h2><div class="spacer battle-history"><br></div><div class="battle-history">The opposing Barbaracle used <strong>Earthquake</strong>!<br></div><div class="battle-history"><small>It's super effective!</small><br></div><div class="battle-history"><small>(Gamera lost <abbr title="−144/352">40.9%</abbr> of its health!)</small><br></div><div class="spacer battle-history"><br></div><div class="battle-history">Gamera used <strong>Stealth Rock</strong>!<br></div><div class="battle-history"><small>Pointed stones float in the air around the opposing team!</small><br></div><div class="spacer battle-history"><br></div><h2 class="battle-history">Turn 4</h2><div class="spacer battle-history"><br></div><div class="battle-history">The opposing Barbaracle used <strong>Earthquake</strong>!<br></div><div class="battle-history"><small>It's super effective!</small><br></div><div class="battle-history"><small>(Gamera lost <abbr title="−124/352">35.2%</abbr> of its health!)</small><br></div><div class="spacer battle-history"><br></div><div class="battle-history">Gamera used <strong>Stone Edge</strong>!<br></div><div class="battle-history"><small>(The opposing Barbaracle lost <abbr title="−175/348">50.3%</abbr> of its health!)</small><br></div><div class="battle-history"><small>Gamera lost some of its HP!</small><br></div><div class="spacer battle-history"><br></div><div class="battle-history">The opposing Barbaracle fainted!<br></div><div class="battle-history">Gamera fainted!<br></div><div class="spacer battle-history"><br></div><div class="battle-history">tghnfc sent out <strong>Mightyena</strong>!<br></div><div class="spacer battle-history"><br></div><div class="battle-history">Go! Arahabaki (<strong>Claydol</strong>)!<br></div><div class="battle-history"><small>Pointed stones dug into the opposing Mightyena!</small><br></div><div class="battle-history"><small>Pointed stones dug into Arahabaki!</small><br></div><div class="spacer battle-history"><br></div><h2 class="battle-history">Turn 5</h2><div class="spacer battle-history"><br></div><div class="battle-history">The opposing Mightyena used <strong>Crunch</strong>!<br></div><div class="battle-history"><small>It's super effective!</small><br></div><div class="battle-history"><small>(Arahabaki lost <abbr title="−246/262">93.9%</abbr> of its health!)</small><br></div><div class="battle-history"><small>The opposing Mightyena lost some of its HP!</small><br></div><div class="spacer battle-history"><br></div><div class="battle-history">Arahabaki fainted!<br></div><div class="battle-history"><small>[The opposing Mightyena's Moxie]</small><br></div><div class="battle-history"><small>The opposing Mightyena's Attack rose!</small><br></div><div class="spacer battle-history"><br></div><div class="battle-history">Go! Apis (<strong>Tauros</strong>)!<br></div><div class="battle-history"><small>Pointed stones dug into Apis!</small><br></div><div class="spacer battle-history"><br></div><h2 class="battle-history">Turn 6</h2><div class="spacer battle-history"><br></div><div class="battle-history">Apis used <strong>Rock Climb</strong>!<br></div><div class="battle-history"><small>(The opposing Mightyena lost <abbr title="−218/281">77.6%</abbr> of its health!)</small><br></div><div class="spacer battle-history"><br></div><div class="battle-history">The opposing Mightyena fainted!<br></div><div class="spacer battle-history"><br></div><div class="battle-history">tghnfc sent out <strong>Mismagius</strong>!<br></div><div class="battle-history"><small>Pointed stones dug into the opposing Mismagius!</small><br></div><div class="spacer battle-history"><br></div><h2 class="battle-history">Turn 7</h2><div class="spacer battle-history"><br></div><div class="battle-history">Apis used <strong>Rock Slide</strong>!<br></div><div class="battle-history"><small>(The opposing Mismagius lost <abbr title="−199/324">61.4%</abbr> of its health!)</small><br></div><div class="spacer battle-history"><br></div><div class="battle-history">The opposing Mismagius used <strong>Will-O-Wisp</strong>!<br></div><div class="battle-history"><small>Apis avoided the attack!</small><br></div><div class="spacer battle-history"><br></div><div class="battle-history"><small>The opposing Mismagius restored a little HP using its Leftovers!</small><br></div><div class="spacer battle-history"><br></div><h2 class="battle-history">Turn 8</h2><div class="spacer battle-history"><br></div><div class="battle-history">Apis used <strong>Rock Slide</strong>!<br></div><div class="battle-history"><small>(The opposing Mismagius lost <abbr title="−105/324">32.4%</abbr> of its health!)</small><br></div><div class="spacer battle-history"><br></div><div class="battle-history">The opposing Mismagius fainted!<br></div><div class="spacer battle-history"><br></div><div class="battle-history">tghnfc sent out <strong>Kadabra</strong>!<br></div><div class="battle-history"><small>Pointed stones dug into the opposing Kadabra!</small><br></div><div class="spacer battle-history"><br></div><h2 class="battle-history">Turn 9</h2><div class="spacer battle-history"><br></div><div class="battle-history">The opposing Kadabra used <strong>Psychic</strong>!<br></div><div class="battle-history"><small>A critical hit!</small><br></div><div class="battle-history"><small>(Apis lost <abbr title="−255/291">87.6%</abbr> of its health!)</small><br></div><div class="spacer battle-history"><br></div><div class="battle-history">Apis fainted!<br></div><div class="spacer battle-history"><br></div><div class="battle-history">Go! Dropsy (<strong>Magmortar</strong>)!<br></div><div class="battle-history"><small>Pointed stones dug into Dropsy!</small><br></div><div class="spacer battle-history"><br></div><h2 class="battle-history">Turn 10</h2><div class="spacer battle-history"><br></div><div class="battle-history">The opposing Kadabra used <strong>Psychic</strong>!<br></div><div class="battle-history"><small>(Dropsy lost <abbr title="−160/291">55.0%</abbr> of its health!)</small><br></div><div class="spacer battle-history"><br></div><div class="battle-history">Dropsy used <strong>Fire Blast</strong>!<br></div><div class="battle-history"><small>(The opposing Kadabra lost <abbr title="−194/221">87.8%</abbr> of its health!)</small><br></div><div class="battle-history"><small>Dropsy lost some of its HP!</small><br></div><div class="spacer battle-history"><br></div><div class="battle-history">The opposing Kadabra fainted!<br></div><div class="spacer battle-history"><br></div><div class="battle-history">tghnfc sent out <strong>Audino</strong>!<br></div><div class="battle-history"><small>Pointed stones dug into the opposing Audino!</small><br></div><div class="spacer battle-history"><br></div><h2 class="battle-history">Turn 11</h2><div class="spacer battle-history"><br></div><div class="battle-history"><small>The opposing Audino's Audinite is reacting to tghnfc's Mega Bracelet!</small><br>The opposing Audino has Mega Evolved into Mega Audino!<br></div><div class="spacer battle-history"><br></div><div class="battle-history">Dropsy used <strong>Fire Blast</strong>!<br></div><div class="battle-history"><small>(The opposing Audino lost <abbr title="−175/410">42.7%</abbr> of its health!)</small><br></div><div class="battle-history"><small>Dropsy lost some of its HP!</small><br></div><div class="spacer battle-history"><br></div><div class="battle-history">The opposing Audino used <strong>Dazzling Gleam</strong>!<br></div><div class="battle-history"><small>It's not very effective...</small><br></div><div class="battle-history"><small>(Dropsy lost <abbr title="−1/291">0.3%</abbr> of its health!)</small><br></div><div class="spacer battle-history"><br></div><div class="battle-history">Dropsy fainted!<br></div><div class="spacer battle-history"><br></div><div class="battle-history">Go! Belle (<strong>Lilligant</strong>)!<br></div><div class="battle-history"><small>Pointed stones dug into Belle!</small><br></div><div class="spacer battle-history"><br></div><h2 class="battle-history">Turn 12</h2><div class="spacer battle-history"><br></div><div class="battle-history">Belle used <strong>Sleep Powder</strong>!<br></div><div class="battle-history"><small>The opposing Audino fell asleep!</small><br></div><div class="spacer battle-history"><br></div><div class="battle-history">The opposing Audino is fast asleep.<br></div><div class="spacer battle-history"><br></div><h2 class="battle-history">Turn 13</h2><div class="spacer battle-history"><br></div><div class="battle-history">Belle used <strong>Quiver Dance</strong>!<br></div><div class="battle-history"><small>Belle's Special Attack rose!</small><br></div><div class="battle-history"><small>Belle's Special Defense rose!</small><br></div><div class="battle-history"><small>Belle's Speed rose!</small><br></div><div class="spacer battle-history"><br></div><div class="battle-history">The opposing Audino is fast asleep.<br></div><div class="spacer battle-history"><br></div><h2 class="battle-history">Turn 14</h2><div class="spacer battle-history"><br></div><div class="battle-history">Belle used <strong>Quiver Dance</strong>!<br></div><div class="battle-history"><small>Belle's Special Attack rose!</small><br></div><div class="battle-history"><small>Belle's Special Defense rose!</small><br></div><div class="battle-history"><small>Belle's Speed rose!</small><br></div><div class="battle-history"><small>The opposing Audino woke up!</small><br></div><div class="spacer battle-history"><br></div><div class="battle-history">The opposing Audino used <strong>Wish</strong>!<br></div><div class="spacer battle-history"><br></div><h2 class="battle-history">Turn 15</h2><div class="spacer battle-history"><br></div><div class="battle-history">Belle used <strong>Quiver Dance</strong>!<br></div><div class="battle-history"><small>Belle's Special Attack rose!</small><br></div><div class="battle-history"><small>Belle's Special Defense rose!</small><br></div><div class="battle-history"><small>Belle's Speed rose!</small><br></div><div class="spacer battle-history"><br></div><div class="battle-history">The opposing Audino used <strong>Toxic</strong>!<br></div><div class="battle-history"><small>Belle was badly poisoned!</small><br></div><div class="spacer battle-history"><br></div><div class="battle-history"><small>Audino's wish came true!</small><br></div><div class="battle-history"><small>Belle was hurt by poison!</small><br></div><div class="spacer battle-history"><br></div><h2 class="battle-history">Turn 16</h2><div class="spacer battle-history"><br></div><div class="battle-history">Belle used <strong>Giga Drain</strong>!<br></div><div class="battle-history"><small>(The opposing Audino lost <abbr title="−274/410">66.8%</abbr> of its health!)</small><br></div><div class="battle-history"><small>The opposing Audino had its energy drained!</small><br></div><div class="battle-history"><small>Belle lost some of its HP!</small><br></div><div class="spacer battle-history"><br></div><div class="battle-history">The opposing Audino used <strong>Dazzling Gleam</strong>!<br></div><div class="battle-history"><small>(Belle lost <abbr title="−37/281">13.2%</abbr> of its health!)</small><br></div><div class="spacer battle-history"><br></div><div class="battle-history"><small>Belle was hurt by poison!</small><br></div><div class="spacer battle-history"><br></div><h2 class="battle-history">Turn 17</h2><div class="spacer battle-history"><br></div><div class="battle-history">Belle used <strong>Giga Drain</strong>!<br></div><div class="battle-history"><small>(The opposing Audino lost <abbr title="−115/410">28.0%</abbr> of its health!)</small><br></div><div class="battle-history"><small>The opposing Audino had its energy drained!</small><br></div><div class="battle-history"><small>Belle lost some of its HP!</small><br></div><div class="spacer battle-history"><br></div><div class="battle-history">The opposing Audino fainted!<br></div><div class="spacer battle-history"><br></div><div class="battle-history"><small>Belle was hurt by poison!</small><br></div><div class="spacer battle-history"><br></div><div class="battle-history">tghnfc sent out <strong>Bastiodon</strong>!<br></div><div class="battle-history"><small>Pointed stones dug into the opposing Bastiodon!</small><br></div><div class="spacer battle-history"><br></div><h2 class="battle-history">Turn 18</h2><div class="spacer battle-history"><br></div><div class="battle-history">Belle used <strong>Giga Drain</strong>!<br></div><div class="battle-history"><small>(The opposing Bastiodon lost <abbr title="−82/324">25.3%</abbr> of its health!)</small><br></div><div class="battle-history"><small>The opposing Bastiodon had its energy drained!</small><br></div><div class="battle-history"><small>Belle lost some of its HP!</small><br></div><div class="spacer battle-history"><br></div><div class="battle-history">The opposing Bastiodon fainted!<br></div><div class="spacer battle-history"><br></div><div class="battle-history"><strong>themadkingatmey</strong> won the battle!<br></div><div class="chat"><small>tghnfc left.</small></div></div><div class="inner-preempt"></div></div></div>
</div>
<script>
let daily = Math.floor(Date.now()/1000/60/60/24);document.write('<script src="https://play.pokemonshowdown.com/js/replay-embed.js?version'+daily+'"></'+'script>');
</script>
