<!DOCTYPE html>
<meta charset="utf-8" />
<!-- version 1 -->
<title>NU replay: Gеrard Way vs. luisotte ..</title>
<style>
html,body {font-family:Verdana, sans-serif;font-size:10pt;margin:0;padding:0;}body{padding:12px 0;} .battle-log {font-family:Verdana, sans-serif;font-size:10pt;} .battle-log-inline {border:1px solid #AAAAAA;background:#EEF2F5;color:black;max-width:640px;margin:0 auto 80px;padding-bottom:5px;} .battle-log .inner {padding:4px 8px 0px 8px;} .battle-log .inner-preempt {padding:0 8px 4px 8px;} .battle-log .inner-after {margin-top:0.5em;} .battle-log h2 {margin:0.5em -8px;padding:4px 8px;border:1px solid #AAAAAA;background:#E0E7EA;border-left:0;border-right:0;font-family:Verdana, sans-serif;font-size:13pt;} .battle-log .chat {vertical-align:middle;padding:3px 0 3px 0;font-size:8pt;} .battle-log .chat strong {color:#40576A;} .battle-log .chat em {padding:1px 4px 1px 3px;color:#000000;font-style:normal;} .chat.mine {background:rgba(0,0,0,0.05);margin-left:-8px;margin-right:-8px;padding-left:8px;padding-right:8px;} .spoiler {color:#BBBBBB;background:#BBBBBB;padding:0px 3px;} .spoiler:hover, .spoiler:active, .spoiler-shown {color:#000000;background:#E2E2E2;padding:0px 3px;} .spoiler a {color:#BBBBBB;} .spoiler:hover a, .spoiler:active a, .spoiler-shown a {color:#2288CC;} .chat code, .chat .spoiler:hover code, .chat .spoiler:active code, .chat .spoiler-shown code {border:1px solid #C0C0C0;background:#EEEEEE;color:black;padding:0 2px;} .chat .spoiler code {border:1px solid #CCCCCC;background:#CCCCCC;color:#CCCCCC;} .battle-log .rated {padding:3px 4px;} .battle-log .rated strong {color:white;background:#89A;padding:1px 4px;border-radius:4px;} .spacer {margin-top:0.5em;} .message-announce {background:#6688AA;color:white;padding:1px 4px 2px;} .message-announce a, .broadcast-green a, .broadcast-blue a, .broadcast-red a {color:#DDEEFF;} .broadcast-green {background-color:#559955;color:white;padding:2px 4px;} .broadcast-blue {background-color:#6688AA;color:white;padding:2px 4px;} .infobox {border:1px solid #6688AA;padding:2px 4px;} .infobox-limited {max-height:200px;overflow:auto;overflow-x:hidden;} .broadcast-red {background-color:#AA5544;color:white;padding:2px 4px;} .message-learn-canlearn {font-weight:bold;color:#228822;text-decoration:underline;} .message-learn-cannotlearn {font-weight:bold;color:#CC2222;text-decoration:underline;} .message-effect-weak {font-weight:bold;color:#CC2222;} .message-effect-resist {font-weight:bold;color:#6688AA;} .message-effect-immune {font-weight:bold;color:#666666;} .message-learn-list {margin-top:0;margin-bottom:0;} .message-throttle-notice, .message-error {color:#992222;} .message-overflow, .chat small.message-overflow {font-size:0pt;} .message-overflow::before {font-size:9pt;content:'...';} .subtle {color:#3A4A66;}
</style>
<div class="wrapper replay-wrapper" style="max-width:1180px;margin:0 auto">
<input type="hidden" name="replayid" value="destiny-nu-541374" />
<div class="battle"></div><div class="battle-log"></div><div class="replay-controls"></div><div class="replay-controls-2"></div>
<h1 style="font-weight:normal;text-align:center"><strong>NU</strong><br /><a href="http://pokemonshowdown.com/users/grardway" class="subtle" target="_blank">Gеrard Way</a> vs. <a href="http://pokemonshowdown.com/users/luisotte" class="subtle" target="_blank">luisotte ..</a></h1>
<script type="text/plain" class="battle-log-data">|player|p1|Gеrard Way|grardway-13.gif?1b6a6db7
|teamsize|p1|6
|player|p2|luisotte ..|luisotte-30.gif?be9ae20b
|teamsize|p2|6
|teamsize|p1|6
|teamsize|p2|6
|gametype|singles
|gen|7
|tier|NU
|seed|37087,7044,46012,13799
|rule|Cláusula-Mod de Dormir: solo puedes dormir a uno de tus oponentes a la vez.
|rule|Cláusula de Especie: Hasta un Pokémon de cada especie
|rule|Cláusula de Golpe Fulminante: los movimientos fulminantes (OHKO) estan prohibidos
|rule|Cláusula de Veleta: la habilidad Veleta está prohibida
|rule|Cláusula de Movimientos Evasivos: los movimientos de Evasión están prohibidos.
|rule|Cláusula de Batallas Eternas: forzar batallas eternas está prohibido
|clearpoke
|poke|p1|Hitmonchan, M|item
|poke|p1|Mesprit|item
|poke|p1|Quagsire, M|item
|poke|p1|Rotom-Frost|item
|poke|p1|Cradily, F|item
|poke|p1|Flareon, F|item
|poke|p2|Aurorus, F|item
|poke|p2|Sandslash-Alola, M|item
|poke|p2|Dodrio, M|item
|poke|p2|Jellicent, M|item
|poke|p2|Manectric, F|item
|poke|p2|Silvally-*|item
|teampreview|undefined
|choice|*|*team 623451
|choice|*team 213456|*
|choice|team 2, 1, 3, 4, 5, 6|team 6, 2, 3, 4, 5, 1
|
|start
|switch|p1a: Mesprit|Mesprit|301\/301
|switch|p2a: Silvally|Silvally-Fairy|389\/389
|turn|1
|choice|*|*move 1
|choice|*switch 5|*
|choice|switch 5|move thunderwave
|
|switch|p1a: Cradily|Cradily, F|376\/376
|move|p2a: Silvally|Thunder Wave|p1a: Cradily
|-status|p1a: Cradily|par
|
|upkeep
|turn|2
|choice|*|*move 4
|choice|*move 4|*
|choice|move stealthrock|move partingshot
|
|move|p2a: Silvally|Parting Shot|p1a: Cradily
|-unboost|p1a: Cradily|atk|1
|-unboost|p1a: Cradily|spa|1
|choice|*|*switch 6
|choice||switch 6
|
|switch|p2a: Aurorus|Aurorus, F|425\/425|[from]move: Parting Shot
|-weather|Hail|[from] ability: Snow Warning|[of] p2a: Aurorus
|move|p1a: Cradily|Stealth Rock|p2a: Aurorus
|-sidestart|p2: luisotte ..|move: Stealth Rock
|
|-weather|Hail|[upkeep]
|-damage|p1a: Cradily|353\/376 par|[from] hail
|-heal|p1a: Cradily|376\/376 par|[from] item: Leftovers
|upkeep
|turn|3
|choice|*|*move 2
|choice|*switch 2|*
|choice|switch 2|move stealthrock
|
|switch|p1a: Hitmonchan|Hitmonchan, M|302\/302
|move|p2a: Aurorus|Stealth Rock|p1a: Hitmonchan
|-sidestart|p1: Gеrard Way|move: Stealth Rock
|
|-weather|Hail|[upkeep]
|-damage|p1a: Hitmonchan|284\/302|[from] hail
|upkeep
|turn|4
|choice|*|*switch 4
|choice|*move 4|*
|choice|move rapidspin|switch 4
|
|switch|p2a: Jellicent|Jellicent, M|402\/402
|-damage|p2a: Jellicent|352\/402|[from] Stealth Rock
|move|p1a: Hitmonchan|Rapid Spin|p2a: Jellicent
|-immune|p2a: Jellicent|[msg]
|
|-weather|Hail|[upkeep]
|-damage|p1a: Hitmonchan|266\/302|[from] hail
|-damage|p2a: Jellicent|327\/402|[from] hail
|upkeep
|turn|5
|choice|*|*switch 5
|choice|*|*switch 2
|choice|*switch 2|*
|choice|switch 2|switch 2
|
|switch|p1a: Cradily|Cradily, F|376\/376 par
|-damage|p1a: Cradily|329\/376 par|[from] Stealth Rock
|switch|p2a: Sandslash|Sandslash-Alola, M|292\/292
|-damage|p2a: Sandslash|256\/292|[from] Stealth Rock
|
|-weather|Hail|[upkeep]
|-damage|p1a: Cradily|306\/376 par|[from] hail
|-heal|p1a: Cradily|329\/376 par|[from] item: Leftovers
|upkeep
|turn|6
|choice|*switch 3|*
|choice|*|*move 2
|choice|switch 3|move rapidspin
|
|switch|p1a: Quagsire|Quagsire, M|394\/394
|-damage|p1a: Quagsire|370\/394|[from] Stealth Rock
|move|p2a: Sandslash|Rapid Spin|p1a: Quagsire
|-damage|p1a: Quagsire|349\/394
|-sideend|p2: luisotte ..|Stealth Rock|[from] move: Rapid Spin|[of] p2a: Sandslash
|
|-weather|Hail|[upkeep]
|-damage|p1a: Quagsire|325\/394|[from] hail
|-heal|p1a: Quagsire|349\/394|[from] item: Leftovers
|upkeep
|turn|7
|choice|*move 3|*
|choice|*|*switch 4
|choice|move scald|switch 4
|
|switch|p2a: Aurorus|Aurorus, F|425\/425
|move|p1a: Quagsire|Scald|p2a: Aurorus
|-supereffective|p2a: Aurorus
|-crit|p2a: Aurorus
|-damage|p2a: Aurorus|249\/425
|
|-weather|Hail|[upkeep]
|-damage|p1a: Quagsire|325\/394|[from] hail
|-heal|p1a: Quagsire|349\/394|[from] item: Leftovers
|upkeep
|turn|8
|choice|*switch 2|*
|choice|*switch 2|*
|choice|*|*move 3
|choice|*|*move 3
|choice|*switch 2|*
|choice|switch 2|move blizzard
|
|switch|p1a: Hitmonchan|Hitmonchan, M|266\/302
|-damage|p1a: Hitmonchan|248\/302|[from] Stealth Rock
|move|p2a: Aurorus|Blizzard|p1a: Hitmonchan
|-damage|p1a: Hitmonchan|155\/302
|
|-weather|Hail|[upkeep]
|-damage|p1a: Hitmonchan|137\/302|[from] hail
|upkeep
|turn|9
|choice|*|*switch 5
|choice|*|*switch 5
|choice|*move 3|*
|choice|move stoneedge|switch 5
|
|switch|p2a: Manectric|Manectric, F|281\/281
|move|p1a: Hitmonchan|Stone Edge|p2a: Manectric
|-damage|p2a: Manectric|122\/281
|
|-weather|none
|upkeep
|turn|10
|choice|*|*move 4
|choice|*|*switch 2
|choice|*move 2|*
|choice|move machpunch|switch 2
|
|switch|p2a: Jellicent|Jellicent, M|327\/402
|move|p1a: Hitmonchan|Mach Punch|p2a: Jellicent
|-immune|p2a: Jellicent|[msg]
|
|upkeep
|turn|11
|choice|*switch 3|*
|choice|*|*move 1
|choice|switch 3|move willowisp
|
|switch|p1a: Cradily|Cradily, F|329\/376 par
|-damage|p1a: Cradily|282\/376 par|[from] Stealth Rock
|move|p2a: Jellicent|Will-O-Wisp|p1a: Cradily|[miss]
|-miss|p2a: Jellicent|p1a: Cradily
|
|-heal|p1a: Cradily|305\/376 par|[from] item: Leftovers
|upkeep
|turn|12
|choice|*|*move 2
|choice|*move 1|*
|choice|move gigadrain|move taunt
|
|move|p2a: Jellicent|Taunt|p1a: Cradily
|-start|p1a: Cradily|move: Taunt
|move|p1a: Cradily|Giga Drain|p2a: Jellicent
|-supereffective|p2a: Jellicent
|-damage|p2a: Jellicent|193\/402
|-heal|p1a: Cradily|372\/376 par|[from] drain|[of] p2a: Jellicent
|
|-heal|p1a: Cradily|376\/376 par|[from] item: Leftovers
|upkeep
|turn|13
|choice|*|*move 4
|choice|*switch 4|*
|choice|switch 4|move hex
|
|switch|p1a: Rotom|Rotom-Frost|241\/241
|-damage|p1a: Rotom|181\/241|[from] Stealth Rock
|move|p2a: Jellicent|Hex|p1a: Rotom
|-damage|p1a: Rotom|121\/241
|
|upkeep
|turn|14
|choice|*|*switch 6
|choice|*move 1|*
|choice|move substitute|switch 6
|
|switch|p2a: Silvally|Silvally-Fairy|389\/389
|move|p1a: Rotom|Substitute|p1a: Rotom
|-start|p1a: Rotom|Substitute
|-damage|p1a: Rotom|61\/241
|
|upkeep
|turn|15
|choice|*move 2|*
|choice|*|*move 2
|choice|move painsplit|move multiattack
|
|move|p2a: Silvally|Multi-Attack|p1a: Rotom
|-end|p1a: Rotom|Substitute
|move|p1a: Rotom|Pain Split|p2a: Silvally
|-sethp|p2a: Silvally|225\/389|p1a: Rotom|225\/241|[from] move: Pain Split
|
|upkeep
|turn|16
|choice|*|*move 4
|choice|*|*move 2
|choice|*switch 4|*
|choice|switch 4|move multiattack
|
|switch|p1a: Cradily|Cradily, F|376\/376 par
|-damage|p1a: Cradily|329\/376 par|[from] Stealth Rock
|move|p2a: Silvally|Multi-Attack|p1a: Cradily
|-damage|p1a: Cradily|223\/376 par
|
|-heal|p1a: Cradily|246\/376 par|[from] item: Leftovers
|upkeep
|turn|17
|choice|*|*move 4
|choice|*move 2|*
|choice|move recover|move partingshot
|
|move|p2a: Silvally|Parting Shot|p1a: Cradily
|-unboost|p1a: Cradily|atk|1
|-unboost|p1a: Cradily|spa|1
|choice|*|*switch 5
|choice||switch 5
|
|switch|p2a: Aurorus|Aurorus, F|249\/425|[from]move: Parting Shot
|-weather|Hail|[from] ability: Snow Warning|[of] p2a: Aurorus
|move|p1a: Cradily|Recover|p1a: Cradily
|-heal|p1a: Cradily|376\/376 par
|
|-weather|Hail|[upkeep]
|-damage|p1a: Cradily|353\/376 par|[from] hail
|-heal|p1a: Cradily|376\/376 par|[from] item: Leftovers
|upkeep
|turn|18
|choice|*|*move 3
|choice|*switch 4|*
|choice|switch 4|move blizzard
|
|switch|p1a: Rotom|Rotom-Frost|225\/241
|-damage|p1a: Rotom|165\/241|[from] Stealth Rock
|move|p2a: Aurorus|Blizzard|p1a: Rotom
|-resisted|p1a: Rotom
|-damage|p1a: Rotom|96\/241
|
|-weather|Hail|[upkeep]
|upkeep
|turn|19
|choice|*|*switch 2
|choice|*move 4|*
|choice|move thunderbolt|switch 2
|
|switch|p2a: Manectric|Manectric, F|122\/281
|move|p1a: Rotom|Thunderbolt|p2a: Manectric
|-ability|p2a: Manectric|Lightning Rod|boost
|-boost|p2a: Manectric|spa|1
|
|-weather|Hail|[upkeep]
|-damage|p2a: Manectric|105\/281|[from] hail
|upkeep
|turn|20
|choice|*|*move 4
|choice|*switch 4|*
|choice|switch 4|move hiddenpower
|
|switch|p1a: Cradily|Cradily, F|376\/376 par
|-damage|p1a: Cradily|329\/376 par|[from] Stealth Rock
|move|p2a: Manectric|Hidden Power|p1a: Cradily
|-damage|p1a: Cradily|269\/376 par
|
|-weather|Hail|[upkeep]
|-damage|p2a: Manectric|88\/281|[from] hail
|-damage|p1a: Cradily|246\/376 par|[from] hail
|-heal|p1a: Cradily|269\/376 par|[from] item: Leftovers
|upkeep
|turn|21
|choice|*move 4|*
|choice|*|*switch 3
|choice|move stealthrock|switch 3
|
|switch|p2a: Dodrio|Dodrio, M|261\/261
|move|p1a: Cradily|Stealth Rock|p2a: Dodrio
|-sidestart|p2: luisotte ..|move: Stealth Rock
|
|-weather|Hail|[upkeep]
|-damage|p2a: Dodrio|245\/261|[from] hail
|-damage|p1a: Cradily|246\/376 par|[from] hail
|-heal|p1a: Cradily|269\/376 par|[from] item: Leftovers
|upkeep
|turn|22
|choice|*|*move 1
|choice|*|*move 2 zmove
|choice|*switch 5|*
|choice|switch 5|move bravebird zmove
|
|switch|p1a: Mesprit|Mesprit|301\/301
|-damage|p1a: Mesprit|264\/301|[from] Stealth Rock
|-zpower|p2a: Dodrio
|move|p2a: Dodrio|Supersonic Skystrike|p1a: Mesprit|[zeffect]
|-damage|p1a: Mesprit|0 fnt
|faint|p1a: Mesprit
|
|-weather|Hail|[upkeep]
|-damage|p2a: Dodrio|229\/261|[from] hail
|upkeep
|choice|*switch 2|*
|choice|switch 2|
|
|switch|p1a: Quagsire|Quagsire, M|349\/394
|-damage|p1a: Quagsire|325\/394|[from] Stealth Rock
|turn|23
|choice|*|*move 3
|choice|*move 3|*
|choice|move scald|move return
|
|move|p2a: Dodrio|Return|p1a: Quagsire
|-damage|p1a: Quagsire|204\/394
|move|p1a: Quagsire|Scald|p2a: Dodrio
|-damage|p2a: Dodrio|135\/261
|
|-weather|Hail|[upkeep]
|-damage|p2a: Dodrio|119\/261|[from] hail
|-damage|p1a: Quagsire|180\/394|[from] hail
|-heal|p1a: Quagsire|204\/394|[from] item: Leftovers
|upkeep
|turn|24
|choice|*|*move 2
|choice|*move 4|*
|choice|move recover|move bravebird
|
|move|p2a: Dodrio|Brave Bird|p1a: Quagsire
|-damage|p1a: Quagsire|41\/394
|-damage|p2a: Dodrio|65\/261|[from] recoil
|move|p1a: Quagsire|Recover|p1a: Quagsire
|-heal|p1a: Quagsire|238\/394
|
|-weather|none
|-heal|p1a: Quagsire|262\/394|[from] item: Leftovers
|upkeep
|turn|25
|choice|*move 4|*
|choice|*|*switch 2
|choice|move recover|switch 2
|
|switch|p2a: Aurorus|Aurorus, F|249\/425
|-damage|p2a: Aurorus|143\/425|[from] Stealth Rock
|-weather|Hail|[from] ability: Snow Warning|[of] p2a: Aurorus
|move|p1a: Quagsire|Recover|p1a: Quagsire
|-heal|p1a: Quagsire|394\/394
|
|-weather|Hail|[upkeep]
|-damage|p1a: Quagsire|370\/394|[from] hail
|-heal|p1a: Quagsire|394\/394|[from] item: Leftovers
|upkeep
|turn|26
|choice|*|*move 1
|choice|*switch 6|*
|choice|switch 6|move freezedry
|
|switch|p1a: Flareon|Flareon, F|271\/271
|-damage|p1a: Flareon|204\/271|[from] Stealth Rock
|move|p2a: Aurorus|Freeze-Dry|p1a: Flareon
|-resisted|p1a: Flareon
|-damage|p1a: Flareon|166\/271
|
|-weather|Hail|[upkeep]
|-damage|p1a: Flareon|150\/271|[from] hail
|upkeep
|turn|27
|choice|*|*switch 5
|choice|*move 3|*
|choice|move quickattack|switch 5
|
|switch|p2a: Silvally|Silvally-Fairy|225\/389
|-damage|p2a: Silvally|177\/389|[from] Stealth Rock
|move|p1a: Flareon|Quick Attack|p2a: Silvally
|-damage|p2a: Silvally|93\/389
|
|-weather|Hail|[upkeep]
|-damage|p2a: Silvally|69\/389|[from] hail
|-damage|p1a: Flareon|134\/271|[from] hail
|upkeep
|turn|28
|choice|*move 3|*
|choice|*move 3|*
|choice|*|*switch 6
|choice|move quickattack|switch 6
|
|switch|p2a: Jellicent|Jellicent, M|193\/402
|-damage|p2a: Jellicent|143\/402|[from] Stealth Rock
|move|p1a: Flareon|Quick Attack|p2a: Jellicent
|-immune|p2a: Jellicent|[msg]
|
|-weather|Hail|[upkeep]
|-damage|p1a: Flareon|118\/271|[from] hail
|-damage|p2a: Jellicent|118\/402|[from] hail
|upkeep
|turn|29
|choice|*|*move 3
|player|p1|
|player|p1|Gеrard Way|grardway-13.gif?1b6a6db7
|choice|*switch 5|*
|choice|switch 5|move recover
|
|switch|p1a: Cradily|Cradily, F|269\/376 par
|-damage|p1a: Cradily|222\/376 par|[from] Stealth Rock
|move|p2a: Jellicent|Recover|p2a: Jellicent
|-heal|p2a: Jellicent|319\/402
|
|-weather|Hail|[upkeep]
|-damage|p2a: Jellicent|294\/402|[from] hail
|-damage|p1a: Cradily|199\/376 par|[from] hail
|-heal|p1a: Cradily|222\/376 par|[from] item: Leftovers
|upkeep
|turn|30
|choice|*move 2|*
|choice|*|*move 4
|choice|move recover|move hex
|
|move|p2a: Jellicent|Hex|p1a: Cradily
|-damage|p1a: Cradily|129\/376 par
|cant|p1a: Cradily|par
|
|-weather|Hail|[upkeep]
|-damage|p2a: Jellicent|269\/402|[from] hail
|-damage|p1a: Cradily|106\/376 par|[from] hail
|-heal|p1a: Cradily|129\/376 par|[from] item: Leftovers
|upkeep
|turn|31
|choice|*|*move 2
|choice|*move 2|*
|choice|move recover|move taunt
|
|move|p2a: Jellicent|Taunt|p1a: Cradily
|-start|p1a: Cradily|move: Taunt
|cant|p1a: Cradily|move: Taunt|Recover
|
|-weather|Hail|[upkeep]
|-damage|p2a: Jellicent|244\/402|[from] hail
|-damage|p1a: Cradily|106\/376 par|[from] hail
|-heal|p1a: Cradily|129\/376 par|[from] item: Leftovers
|upkeep
|turn|32
|choice|*|*move 4
|choice|*move 1|*
|choice|move gigadrain|move hex
|
|move|p2a: Jellicent|Hex|p1a: Cradily
|-damage|p1a: Cradily|29\/376 par
|move|p1a: Cradily|Giga Drain|p2a: Jellicent
|-supereffective|p2a: Jellicent
|-damage|p2a: Jellicent|110\/402
|-heal|p1a: Cradily|96\/376 par|[from] drain|[of] p2a: Jellicent
|
|-weather|none
|-heal|p1a: Cradily|119\/376 par|[from] item: Leftovers
|upkeep
|turn|33
|choice|*|*move 3
|choice|*move 1|*
|choice|move gigadrain|move recover
|
|move|p2a: Jellicent|Recover|p2a: Jellicent
|-heal|p2a: Jellicent|311\/402
|move|p1a: Cradily|Giga Drain|p2a: Jellicent
|-supereffective|p2a: Jellicent
|-damage|p2a: Jellicent|177\/402
|-heal|p1a: Cradily|186\/376 par|[from] drain|[of] p2a: Jellicent
|
|-heal|p1a: Cradily|209\/376 par|[from] item: Leftovers
|-end|p1a: Cradily|move: Taunt
|upkeep
|turn|34
|choice|*|*move 4
|choice|*move 1|*
|choice|move gigadrain|move hex
|
|move|p2a: Jellicent|Hex|p1a: Cradily
|-damage|p1a: Cradily|121\/376 par
|move|p1a: Cradily|Giga Drain|p2a: Jellicent
|-supereffective|p2a: Jellicent
|-damage|p2a: Jellicent|39\/402
|-heal|p1a: Cradily|190\/376 par|[from] drain|[of] p2a: Jellicent
|
|-heal|p1a: Cradily|213\/376 par|[from] item: Leftovers
|upkeep
|turn|35
|choice|*move 1|*
|choice|*|*move 3
|choice|move gigadrain|move recover
|
|move|p2a: Jellicent|Recover|p2a: Jellicent
|-heal|p2a: Jellicent|240\/402
|move|p1a: Cradily|Giga Drain|p2a: Jellicent
|-supereffective|p2a: Jellicent
|-damage|p2a: Jellicent|108\/402
|-heal|p1a: Cradily|279\/376 par|[from] drain|[of] p2a: Jellicent
|
|-heal|p1a: Cradily|302\/376 par|[from] item: Leftovers
|upkeep
|turn|36
|choice|*|*move 3
|choice|*move 3|*
|choice|move toxic|move recover
|
|move|p2a: Jellicent|Recover|p2a: Jellicent
|-heal|p2a: Jellicent|309\/402
|move|p1a: Cradily|Toxic|p2a: Jellicent
|-status|p2a: Jellicent|tox
|
|-heal|p1a: Cradily|325\/376 par|[from] item: Leftovers
|-damage|p2a: Jellicent|284\/402 tox|[from] psn
|upkeep
|turn|37
|choice|*|*switch 4
|choice|*move 1|*
|choice|move gigadrain|switch 4
|
|switch|p2a: Sandslash|Sandslash-Alola, M|256\/292
|-damage|p2a: Sandslash|220\/292|[from] Stealth Rock
|cant|p1a: Cradily|par
|
|-heal|p1a: Cradily|348\/376 par|[from] item: Leftovers
|upkeep
|turn|38
|choice|*|*move 2
|choice|*switch 6|*
|choice|switch 6|move rapidspin
|
|switch|p1a: Quagsire|Quagsire, M|394\/394
|-damage|p1a: Quagsire|370\/394|[from] Stealth Rock
|move|p2a: Sandslash|Rapid Spin|p1a: Quagsire
|-damage|p1a: Quagsire|349\/394
|-sideend|p2: luisotte ..|Stealth Rock|[from] move: Rapid Spin|[of] p2a: Sandslash
|
|-heal|p1a: Quagsire|373\/394|[from] item: Leftovers
|upkeep
|turn|39
|choice|*move 2|*
|choice|*|*switch 4
|choice|move earthquake|switch 4
|
|switch|p2a: Jellicent|Jellicent, M|284\/402 tox
|move|p1a: Quagsire|Earthquake|p2a: Jellicent
|-damage|p2a: Jellicent|176\/402 tox
|
|-heal|p1a: Quagsire|394\/394|[from] item: Leftovers
|-damage|p2a: Jellicent|151\/402 tox|[from] psn
|upkeep
|turn|40
|choice|*|*move 3
|choice|*switch 6|*
|choice|switch 6|move recover
|
|switch|p1a: Cradily|Cradily, F|348\/376 par
|-damage|p1a: Cradily|301\/376 par|[from] Stealth Rock
|move|p2a: Jellicent|Recover|p2a: Jellicent
|-heal|p2a: Jellicent|352\/402 tox
|
|-heal|p1a: Cradily|324\/376 par|[from] item: Leftovers
|-damage|p2a: Jellicent|302\/402 tox|[from] psn
|upkeep
|turn|41
|choice|*move 1|*
|choice|*|*switch 4
|choice|*move 1|*
|choice|move gigadrain|switch 4
|
|switch|p2a: Sandslash|Sandslash-Alola, M|220\/292
|cant|p1a: Cradily|par
|
|-heal|p1a: Cradily|347\/376 par|[from] item: Leftovers
|upkeep
|turn|42
|choice|*|*switch 5
|choice|*switch 6|*
|choice|switch 6|switch 5
|
|switch|p2a: Aurorus|Aurorus, F|143\/425
|-weather|Hail|[from] ability: Snow Warning|[of] p2a: Aurorus
|switch|p1a: Quagsire|Quagsire, M|394\/394
|-damage|p1a: Quagsire|370\/394|[from] Stealth Rock
|
|-weather|Hail|[upkeep]
|-damage|p1a: Quagsire|346\/394|[from] hail
|-heal|p1a: Quagsire|370\/394|[from] item: Leftovers
|upkeep
|turn|43
|choice|*|*move 1
|choice|*switch 5|*
|choice|switch 5|move freezedry
|
|switch|p1a: Flareon|Flareon, F|118\/271
|-damage|p1a: Flareon|51\/271|[from] Stealth Rock
|move|p2a: Aurorus|Freeze-Dry|p1a: Flareon
|-resisted|p1a: Flareon
|-damage|p1a: Flareon|9\/271
|
|-weather|Hail|[upkeep]
|-damage|p1a: Flareon|0 fnt|[from] hail
|upkeep
|faint|p1a: Flareon
|choice|*switch 4|*
|choice|switch 4|
|
|switch|p1a: Rotom|Rotom-Frost|96\/241
|-damage|p1a: Rotom|36\/241|[from] Stealth Rock
|turn|44
|choice|*move 2|*
|choice|*|*switch 6
|choice|move painsplit|switch 6
|
|switch|p2a: Silvally|Silvally-Fairy|69\/389
|move|p1a: Rotom|Pain Split|p2a: Silvally
|-sethp|p2a: Silvally|52\/389|p1a: Rotom|52\/241|[from] move: Pain Split
|
|-weather|Hail|[upkeep]
|-damage|p2a: Silvally|28\/389|[from] hail
|upkeep
|turn|45
|choice|*|*move 2
|choice|*move 4|*
|choice|move thunderbolt|move multiattack
|
|move|p2a: Silvally|Multi-Attack|p1a: Rotom
|-damage|p1a: Rotom|0 fnt
|faint|p1a: Rotom
|
|-weather|Hail|[upkeep]
|-damage|p2a: Silvally|4\/389|[from] hail
|upkeep
|choice|*switch 3|*
|choice|switch 3|
|
|switch|p1a: Hitmonchan|Hitmonchan, M|137\/302
|-damage|p1a: Hitmonchan|119\/302|[from] Stealth Rock
|turn|46
|choice|*|*switch 4
|choice|*move 2|*
|choice|move machpunch|switch 4
|
|switch|p2a: Jellicent|Jellicent, M|302\/402 tox
|move|p1a: Hitmonchan|Mach Punch|p2a: Jellicent
|-immune|p2a: Jellicent|[msg]
|
|-weather|Hail|[upkeep]
|-damage|p1a: Hitmonchan|101\/302|[from] hail
|-damage|p2a: Jellicent|277\/402 tox|[from] hail
|-damage|p2a: Jellicent|252\/402 tox|[from] psn
|upkeep
|turn|47
|choice|*switch 6|*
|choice|*|*move 4
|choice|switch 6|move hex
|
|switch|p1a: Cradily|Cradily, F|347\/376 par
|-damage|p1a: Cradily|300\/376 par|[from] Stealth Rock
|move|p2a: Jellicent|Hex|p1a: Cradily
|-damage|p1a: Cradily|206\/376 par
|
|-weather|Hail|[upkeep]
|-damage|p2a: Jellicent|227\/402 tox|[from] hail
|-damage|p1a: Cradily|183\/376 par|[from] hail
|-heal|p1a: Cradily|206\/376 par|[from] item: Leftovers
|-damage|p2a: Jellicent|177\/402 tox|[from] psn
|upkeep
|turn|48
|choice|*|*switch 5
|choice|*move 1|*
|choice|move gigadrain|switch 5
|
|switch|p2a: Sandslash|Sandslash-Alola, M|220\/292
|cant|p1a: Cradily|par
|
|-weather|Hail|[upkeep]
|-damage|p1a: Cradily|183\/376 par|[from] hail
|-heal|p1a: Cradily|206\/376 par|[from] item: Leftovers
|upkeep
|turn|49
|choice|*|*switch 6
|choice|*move 1|*
|choice|move gigadrain|switch 6
|
|switch|p2a: Aurorus|Aurorus, F|143\/425
|cant|p1a: Cradily|par
|
|-weather|none
|-heal|p1a: Cradily|229\/376 par|[from] item: Leftovers
|upkeep
|turn|50
|choice|*|*move 1
|c|☆Gеrard Way|Sht
|c|☆Gеrard Way|Eso, definía el combate
|choice|*move 1|*
|choice|move gigadrain|move freezedry
|
|move|p2a: Aurorus|Freeze-Dry|p1a: Cradily
|-supereffective|p1a: Cradily
|-damage|p1a: Cradily|113\/376 par
|move|p1a: Cradily|Giga Drain|p2a: Aurorus
|-supereffective|p2a: Aurorus
|-damage|p2a: Aurorus|0 fnt
|-heal|p1a: Cradily|185\/376 par|[from] drain|[of] p2a: Aurorus
|faint|p2a: Aurorus
|
|-heal|p1a: Cradily|208\/376 par|[from] item: Leftovers
|upkeep
|choice|*|*switch 3
|choice||switch 3
|
|switch|p2a: Manectric|Manectric, F|88\/281
|turn|51
|choice|*|*move 3
|choice|*move 2|*
|choice|move recover|move overheat
|
|move|p2a: Manectric|Overheat|p1a: Cradily
|-damage|p1a: Cradily|123\/376 par
|-unboost|p2a: Manectric|spa|2
|move|p1a: Cradily|Recover|p1a: Cradily
|-heal|p1a: Cradily|311\/376 par
|
|-heal|p1a: Cradily|334\/376 par|[from] item: Leftovers
|upkeep
|turn|52
|choice|*move 4|*
|choice|*|*switch 6
|choice|move stealthrock|switch 6
|
|switch|p2a: Sandslash|Sandslash-Alola, M|220\/292
|move|p1a: Cradily|Stealth Rock|p2a: Sandslash
|-sidestart|p2: luisotte ..|move: Stealth Rock
|
|-heal|p1a: Cradily|357\/376 par|[from] item: Leftovers
|upkeep
|turn|53
|choice|*|*move 2
|choice|*switch 5|*
|choice|switch 5|move rapidspin
|
|switch|p1a: Quagsire|Quagsire, M|370\/394
|-damage|p1a: Quagsire|346\/394|[from] Stealth Rock
|move|p2a: Sandslash|Rapid Spin|p1a: Quagsire
|-damage|p1a: Quagsire|328\/394
|-sideend|p2: luisotte ..|Stealth Rock|[from] move: Rapid Spin|[of] p2a: Sandslash
|
|-heal|p1a: Quagsire|352\/394|[from] item: Leftovers
|upkeep
|turn|54
|choice|*|*switch 5
|choice|*move 2|*
|choice|move earthquake|switch 5
|
|switch|p2a: Jellicent|Jellicent, M|177\/402 tox
|move|p1a: Quagsire|Earthquake|p2a: Jellicent
|-damage|p2a: Jellicent|81\/402 tox
|
|-heal|p1a: Quagsire|376\/394|[from] item: Leftovers
|-damage|p2a: Jellicent|56\/402 tox|[from] psn
|upkeep
|turn|55
|choice|*|*move 3
|choice|*move 2|*
|choice|move earthquake|move recover
|
|move|p2a: Jellicent|Recover|p2a: Jellicent
|-heal|p2a: Jellicent|257\/402 tox
|move|p1a: Quagsire|Earthquake|p2a: Jellicent
|-damage|p2a: Jellicent|145\/402 tox
|
|-heal|p1a: Quagsire|394\/394|[from] item: Leftovers
|-damage|p2a: Jellicent|95\/402 tox|[from] psn
|upkeep
|turn|56
|choice|*move 2|*
|choice|*|*move 3
|choice|move earthquake|move recover
|
|move|p2a: Jellicent|Recover|p2a: Jellicent
|-heal|p2a: Jellicent|296\/402 tox
|move|p1a: Quagsire|Earthquake|p2a: Jellicent
|-damage|p2a: Jellicent|197\/402 tox
|
|-damage|p2a: Jellicent|122\/402 tox|[from] psn
|upkeep
|turn|57
|choice|*move 2|*
|choice|*|*move 4
|choice|move earthquake|move hex
|
|move|p2a: Jellicent|Hex|p1a: Quagsire
|-damage|p1a: Quagsire|291\/394
|move|p1a: Quagsire|Earthquake|p2a: Jellicent
|-damage|p2a: Jellicent|19\/402 tox
|
|-heal|p1a: Quagsire|315\/394|[from] item: Leftovers
|-damage|p2a: Jellicent|0 fnt|[from] psn
|upkeep
|faint|p2a: Jellicent
|c|☆luisotte ..|nada que hacer
|-message|luisotte .. se rindió.
|
|win|Gеrard Way
|c|☆Gеrard Way|gg, sorry por el mu
</script>
</div>
<div class="battle-log battle-log-inline"><div class="inner"><div class="battle-options"></div><div class="inner"><div class=""><small>Format:</small> <br><strong>NU</strong></div><div class=""><small><em>Cláusula-Mod de Dormir:</em> solo puedes dormir a uno de tus oponentes a la vez.</small></div><div class=""><small><em>Cláusula de Especie:</em> Hasta un Pokémon de cada especie</small></div><div class=""><small><em>Cláusula de Golpe Fulminante:</em> los movimientos fulminantes (OHKO) estan prohibidos</small></div><div class=""><small><em>Cláusula de Veleta:</em> la habilidad Veleta está prohibida</small></div><div class=""><small><em>Cláusula de Movimientos Evasivos:</em> los movimientos de Evasión están prohibidos.</small></div><div class=""><small><em>Cláusula de Batallas Eternas:</em> forzar batallas eternas está prohibido</small></div><div class="chat battle-history"><strong>Gеrard Way's team:</strong> <em style="color:#445566;display:block;">Hitmonchan / Mesprit / Quagsire / Rotom-Frost / Cradily / Flareon</em></div><div class="chat battle-history"><strong>luisotte ..'s team:</strong> <em style="color:#445566;display:block;">Aurorus / Sandslash-Alola / Dodrio / Jellicent / Manectric / Silvally-*</em></div><div class="spacer battle-history"><br></div><div class="battle-history">Battle started between Gеrard Way and luisotte ..!<br></div><div class="spacer battle-history"><br></div><div class="battle-history">Go! <strong>Mesprit</strong>!<br></div><div class="spacer battle-history"><br></div><div class="battle-history">luisotte .. sent out Silvally (<strong>Silvally-Fairy</strong>)!<br></div><div class="spacer battle-history"><br></div><h2 class="battle-history">Turn 1</h2><div class="spacer battle-history"><br></div><div class="battle-history">Mesprit, come back!<br></div><div class="battle-history">Go! <strong>Cradily</strong>!<br></div><div class="spacer battle-history"><br></div><div class="battle-history">The opposing Silvally used <strong>Thunder Wave</strong>!<br></div><div class="battle-history"><small>Cradily is paralyzed! It may be unable to move!</small><br></div><div class="spacer battle-history"><br></div><h2 class="battle-history">Turn 2</h2><div class="spacer battle-history"><br></div><div class="battle-history">The opposing Silvally used <strong>Parting Shot</strong>!<br></div><div class="battle-history"><small>Cradily's Attack fell!</small><br></div><div class="battle-history"><small>Cradily's Special Attack fell!</small><br></div><div class="spacer battle-history"><br></div><div class="battle-history">luisotte .. withdrew Silvally!<br></div><div class="battle-history">luisotte .. sent out <strong>Aurorus</strong>!<br></div><div class="battle-history"><small>[The opposing Aurorus's Snow Warning]</small><br><small>It started to hail!</small><br></div><div class="spacer battle-history"><br></div><div class="battle-history">Cradily used <strong>Stealth Rock</strong>!<br></div><div class="battle-history"><small>Pointed stones float in the air around the opposing team!</small><br></div><div class="spacer battle-history"><br></div><div class="battle-history"><small>The hail is crashing down.</small><br></div><div class="battle-history"><small>Cradily is buffeted by the hail!</small><br></div><div class="battle-history"><small>Cradily restored a little HP using its Leftovers!</small><br></div><div class="spacer battle-history"><br></div><h2 class="battle-history">Turn 3</h2><div class="spacer battle-history"><br></div><div class="battle-history">Cradily, come back!<br></div><div class="battle-history">Go! <strong>Hitmonchan</strong>!<br></div><div class="spacer battle-history"><br></div><div class="battle-history">The opposing Aurorus used <strong>Stealth Rock</strong>!<br></div><div class="battle-history"><small>Pointed stones float in the air around your team!</small><br></div><div class="spacer battle-history"><br></div><div class="battle-history"><small>The hail is crashing down.</small><br></div><div class="battle-history"><small>Hitmonchan is buffeted by the hail!</small><br></div><div class="spacer battle-history"><br></div><h2 class="battle-history">Turn 4</h2><div class="spacer battle-history"><br></div><div class="battle-history">luisotte .. withdrew Aurorus!<br></div><div class="battle-history">luisotte .. sent out <strong>Jellicent</strong>!<br></div><div class="battle-history"><small>Pointed stones dug into the opposing Jellicent!</small><br></div><div class="spacer battle-history"><br></div><div class="battle-history">Hitmonchan used <strong>Rapid Spin</strong>!<br></div><div class="battle-history"><small>It doesn't affect the opposing Jellicent...</small><br></div><div class="spacer battle-history"><br></div><div class="battle-history"><small>The hail is crashing down.</small><br></div><div class="battle-history"><small>Hitmonchan is buffeted by the hail!</small><br></div><div class="battle-history"><small>The opposing Jellicent is buffeted by the hail!</small><br></div><div class="spacer battle-history"><br></div><h2 class="battle-history">Turn 5</h2><div class="spacer battle-history"><br></div><div class="battle-history">Hitmonchan, come back!<br></div><div class="battle-history">Go! <strong>Cradily</strong>!<br></div><div class="battle-history"><small>Pointed stones dug into Cradily!</small><br></div><div class="spacer battle-history"><br></div><div class="battle-history">luisotte .. withdrew Jellicent!<br></div><div class="battle-history">luisotte .. sent out Sandslash (<strong>Sandslash-Alola</strong>)!<br></div><div class="battle-history"><small>Pointed stones dug into the opposing Sandslash!</small><br></div><div class="spacer battle-history"><br></div><div class="battle-history"><small>The hail is crashing down.</small><br></div><div class="battle-history"><small>Cradily is buffeted by the hail!</small><br></div><div class="battle-history"><small>Cradily restored a little HP using its Leftovers!</small><br></div><div class="spacer battle-history"><br></div><h2 class="battle-history">Turn 6</h2><div class="spacer battle-history"><br></div><div class="battle-history">Cradily, come back!<br></div><div class="battle-history">Go! <strong>Quagsire</strong>!<br></div><div class="battle-history"><small>Pointed stones dug into Quagsire!</small><br></div><div class="spacer battle-history"><br></div><div class="battle-history">The opposing Sandslash used <strong>Rapid Spin</strong>!<br></div><div class="battle-history"><small>(Quagsire lost <abbr title="−21/394">5.3%</abbr> of its health!)</small><br></div><div class="battle-history"><small>The pointed stones disappeared from around the opposing team!</small><br></div><div class="spacer battle-history"><br></div><div class="battle-history"><small>The hail is crashing down.</small><br></div><div class="battle-history"><small>Quagsire is buffeted by the hail!</small><br></div><div class="battle-history"><small>Quagsire restored a little HP using its Leftovers!</small><br></div><div class="spacer battle-history"><br></div><h2 class="battle-history">Turn 7</h2><div class="spacer battle-history"><br></div><div class="battle-history">luisotte .. withdrew Sandslash!<br></div><div class="battle-history">luisotte .. sent out <strong>Aurorus</strong>!<br></div><div class="spacer battle-history"><br></div><div class="battle-history">Quagsire used <strong>Scald</strong>!<br></div><div class="battle-history"><small>It's super effective!</small><br></div><div class="battle-history"><small>A critical hit!</small><br></div><div class="battle-history"><small>(The opposing Aurorus lost <abbr title="−176/425">41.4%</abbr> of its health!)</small><br></div><div class="spacer battle-history"><br></div><div class="battle-history"><small>The hail is crashing down.</small><br></div><div class="battle-history"><small>Quagsire is buffeted by the hail!</small><br></div><div class="battle-history"><small>Quagsire restored a little HP using its Leftovers!</small><br></div><div class="spacer battle-history"><br></div><h2 class="battle-history">Turn 8</h2><div class="spacer battle-history"><br></div><div class="battle-history">Quagsire, come back!<br></div><div class="battle-history">Go! <strong>Hitmonchan</strong>!<br></div><div class="battle-history"><small>Pointed stones dug into Hitmonchan!</small><br></div><div class="spacer battle-history"><br></div><div class="battle-history">The opposing Aurorus used <strong>Blizzard</strong>!<br></div><div class="battle-history"><small>(Hitmonchan lost <abbr title="−93/302">30.8%</abbr> of its health!)</small><br></div><div class="spacer battle-history"><br></div><div class="battle-history"><small>The hail is crashing down.</small><br></div><div class="battle-history"><small>Hitmonchan is buffeted by the hail!</small><br></div><div class="spacer battle-history"><br></div><h2 class="battle-history">Turn 9</h2><div class="spacer battle-history"><br></div><div class="battle-history">luisotte .. withdrew Aurorus!<br></div><div class="battle-history">luisotte .. sent out <strong>Manectric</strong>!<br></div><div class="spacer battle-history"><br></div><div class="battle-history">Hitmonchan used <strong>Stone Edge</strong>!<br></div><div class="battle-history"><small>(The opposing Manectric lost <abbr title="−159/281">56.6%</abbr> of its health!)</small><br></div><div class="spacer battle-history"><br></div><div class="battle-history"><small>The hail stopped.</small><br></div><div class="spacer battle-history"><br></div><h2 class="battle-history">Turn 10</h2><div class="spacer battle-history"><br></div><div class="battle-history">luisotte .. withdrew Manectric!<br></div><div class="battle-history">luisotte .. sent out <strong>Jellicent</strong>!<br></div><div class="spacer battle-history"><br></div><div class="battle-history">Hitmonchan used <strong>Mach Punch</strong>!<br></div><div class="battle-history"><small>It doesn't affect the opposing Jellicent...</small><br></div><div class="spacer battle-history"><br></div><h2 class="battle-history">Turn 11</h2><div class="spacer battle-history"><br></div><div class="battle-history">Hitmonchan, come back!<br></div><div class="battle-history">Go! <strong>Cradily</strong>!<br></div><div class="battle-history"><small>Pointed stones dug into Cradily!</small><br></div><div class="spacer battle-history"><br></div><div class="battle-history">The opposing Jellicent used <strong>Will-O-Wisp</strong>!<br></div><div class="battle-history"><small>Cradily avoided the attack!</small><br></div><div class="spacer battle-history"><br></div><div class="battle-history"><small>Cradily restored a little HP using its Leftovers!</small><br></div><div class="spacer battle-history"><br></div><h2 class="battle-history">Turn 12</h2><div class="spacer battle-history"><br></div><div class="battle-history">The opposing Jellicent used <strong>Taunt</strong>!<br></div><div class="battle-history"><small>Cradily fell for the taunt!</small><br></div><div class="spacer battle-history"><br></div><div class="battle-history">Cradily used <strong>Giga Drain</strong>!<br></div><div class="battle-history"><small>It's super effective!</small><br></div><div class="battle-history"><small>(The opposing Jellicent lost <abbr title="−134/402">33.3%</abbr> of its health!)</small><br></div><div class="battle-history"><small>The opposing Jellicent had its energy drained!</small><br></div><div class="spacer battle-history"><br></div><div class="battle-history"><small>Cradily restored a little HP using its Leftovers!</small><br></div><div class="spacer battle-history"><br></div><h2 class="battle-history">Turn 13</h2><div class="spacer battle-history"><br></div><div class="battle-history">Cradily, come back!<br></div><div class="battle-history">Go! Rotom (<strong>Rotom-Frost</strong>)!<br></div><div class="battle-history"><small>Pointed stones dug into Rotom!</small><br></div><div class="spacer battle-history"><br></div><div class="battle-history">The opposing Jellicent used <strong>Hex</strong>!<br></div><div class="battle-history"><small>(Rotom lost <abbr title="−60/241">24.9%</abbr> of its health!)</small><br></div><div class="spacer battle-history"><br></div><h2 class="battle-history">Turn 14</h2><div class="spacer battle-history"><br></div><div class="battle-history">luisotte .. withdrew Jellicent!<br></div><div class="battle-history">luisotte .. sent out Silvally (<strong>Silvally-Fairy</strong>)!<br></div><div class="spacer battle-history"><br></div><div class="battle-history">Rotom used <strong>Substitute</strong>!<br></div><div class="battle-history"><small>Rotom put in a substitute!</small><br></div><div class="battle-history"><small>(Rotom lost <abbr title="−60/241">24.9%</abbr> of its health!)</small><br></div><div class="spacer battle-history"><br></div><h2 class="battle-history">Turn 15</h2><div class="spacer battle-history"><br></div><div class="battle-history">The opposing Silvally used <strong>Multi-Attack</strong>!<br></div><div class="battle-history"><small>Rotom's substitute faded!</small><br></div><div class="spacer battle-history"><br></div><div class="battle-history">Rotom used <strong>Pain Split</strong>!<br></div><div class="battle-history"><small>The battlers shared their pain!</small><br></div><div class="spacer battle-history"><br></div><h2 class="battle-history">Turn 16</h2><div class="spacer battle-history"><br></div><div class="battle-history">Rotom, come back!<br></div><div class="battle-history">Go! <strong>Cradily</strong>!<br></div><div class="battle-history"><small>Pointed stones dug into Cradily!</small><br></div><div class="spacer battle-history"><br></div><div class="battle-history">The opposing Silvally used <strong>Multi-Attack</strong>!<br></div><div class="battle-history"><small>(Cradily lost <abbr title="−106/376">28.2%</abbr> of its health!)</small><br></div><div class="spacer battle-history"><br></div><div class="battle-history"><small>Cradily restored a little HP using its Leftovers!</small><br></div><div class="spacer battle-history"><br></div><h2 class="battle-history">Turn 17</h2><div class="spacer battle-history"><br></div><div class="battle-history">The opposing Silvally used <strong>Parting Shot</strong>!<br></div><div class="battle-history"><small>Cradily's Attack fell!</small><br></div><div class="battle-history"><small>Cradily's Special Attack fell!</small><br></div><div class="spacer battle-history"><br></div><div class="battle-history">luisotte .. withdrew Silvally!<br></div><div class="battle-history">luisotte .. sent out <strong>Aurorus</strong>!<br></div><div class="battle-history"><small>[The opposing Aurorus's Snow Warning]</small><br><small>It started to hail!</small><br></div><div class="spacer battle-history"><br></div><div class="battle-history">Cradily used <strong>Recover</strong>!<br></div><div class="battle-history"><small>Cradily restored its HP.</small><br></div><div class="spacer battle-history"><br></div><div class="battle-history"><small>The hail is crashing down.</small><br></div><div class="battle-history"><small>Cradily is buffeted by the hail!</small><br></div><div class="battle-history"><small>Cradily restored a little HP using its Leftovers!</small><br></div><div class="spacer battle-history"><br></div><h2 class="battle-history">Turn 18</h2><div class="spacer battle-history"><br></div><div class="battle-history">Cradily, come back!<br></div><div class="battle-history">Go! Rotom (<strong>Rotom-Frost</strong>)!<br></div><div class="battle-history"><small>Pointed stones dug into Rotom!</small><br></div><div class="spacer battle-history"><br></div><div class="battle-history">The opposing Aurorus used <strong>Blizzard</strong>!<br></div><div class="battle-history"><small>It's not very effective...</small><br></div><div class="battle-history"><small>(Rotom lost <abbr title="−69/241">28.6%</abbr> of its health!)</small><br></div><div class="spacer battle-history"><br></div><div class="battle-history"><small>The hail is crashing down.</small><br></div><div class="spacer battle-history"><br></div><h2 class="battle-history">Turn 19</h2><div class="spacer battle-history"><br></div><div class="battle-history">luisotte .. withdrew Aurorus!<br></div><div class="battle-history">luisotte .. sent out <strong>Manectric</strong>!<br></div><div class="spacer battle-history"><br></div><div class="battle-history">Rotom used <strong>Thunderbolt</strong>!<br></div><div class="battle-history"><small>[The opposing Manectric's Lightning Rod]</small><br></div><div class="battle-history"><small>The opposing Manectric's Special Attack rose!</small><br></div><div class="spacer battle-history"><br></div><div class="battle-history"><small>The hail is crashing down.</small><br></div><div class="battle-history"><small>The opposing Manectric is buffeted by the hail!</small><br></div><div class="spacer battle-history"><br></div><h2 class="battle-history">Turn 20</h2><div class="spacer battle-history"><br></div><div class="battle-history">Rotom, come back!<br></div><div class="battle-history">Go! <strong>Cradily</strong>!<br></div><div class="battle-history"><small>Pointed stones dug into Cradily!</small><br></div><div class="spacer battle-history"><br></div><div class="battle-history">The opposing Manectric used <strong>Hidden Power</strong>!<br></div><div class="battle-history"><small>(Cradily lost <abbr title="−60/376">16.0%</abbr> of its health!)</small><br></div><div class="spacer battle-history"><br></div><div class="battle-history"><small>The hail is crashing down.</small><br></div><div class="battle-history"><small>The opposing Manectric is buffeted by the hail!</small><br></div><div class="battle-history"><small>Cradily is buffeted by the hail!</small><br></div><div class="battle-history"><small>Cradily restored a little HP using its Leftovers!</small><br></div><div class="spacer battle-history"><br></div><h2 class="battle-history">Turn 21</h2><div class="spacer battle-history"><br></div><div class="battle-history">luisotte .. withdrew Manectric!<br></div><div class="battle-history">luisotte .. sent out <strong>Dodrio</strong>!<br></div><div class="spacer battle-history"><br></div><div class="battle-history">Cradily used <strong>Stealth Rock</strong>!<br></div><div class="battle-history"><small>Pointed stones float in the air around the opposing team!</small><br></div><div class="spacer battle-history"><br></div><div class="battle-history"><small>The hail is crashing down.</small><br></div><div class="battle-history"><small>The opposing Dodrio is buffeted by the hail!</small><br></div><div class="battle-history"><small>Cradily is buffeted by the hail!</small><br></div><div class="battle-history"><small>Cradily restored a little HP using its Leftovers!</small><br></div><div class="spacer battle-history"><br></div><h2 class="battle-history">Turn 22</h2><div class="spacer battle-history"><br></div><div class="battle-history">Cradily, come back!<br></div><div class="battle-history">Go! <strong>Mesprit</strong>!<br></div><div class="battle-history"><small>Pointed stones dug into Mesprit!</small><br></div><div class="battle-history"><small>The opposing Dodrio surrounded itself with its Z-Power!</small><br></div><div class="spacer battle-history"><br></div><div class="battle-history">The opposing Dodrio used <strong>Supersonic Skystrike</strong>!<br></div><div class="battle-history"><small>(Mesprit lost <abbr title="−264/301">87.7%</abbr> of its health!)</small><br></div><div class="spacer battle-history"><br></div><div class="battle-history">Mesprit fainted!<br></div><div class="spacer battle-history"><br></div><div class="battle-history"><small>The hail is crashing down.</small><br></div><div class="battle-history"><small>The opposing Dodrio is buffeted by the hail!</small><br></div><div class="spacer battle-history"><br></div><div class="battle-history">Go! <strong>Quagsire</strong>!<br></div><div class="battle-history"><small>Pointed stones dug into Quagsire!</small><br></div><div class="spacer battle-history"><br></div><h2 class="battle-history">Turn 23</h2><div class="spacer battle-history"><br></div><div class="battle-history">The opposing Dodrio used <strong>Return</strong>!<br></div><div class="battle-history"><small>(Quagsire lost <abbr title="−121/394">30.7%</abbr> of its health!)</small><br></div><div class="spacer battle-history"><br></div><div class="battle-history">Quagsire used <strong>Scald</strong>!<br></div><div class="battle-history"><small>(The opposing Dodrio lost <abbr title="−94/261">36.0%</abbr> of its health!)</small><br></div><div class="spacer battle-history"><br></div><div class="battle-history"><small>The hail is crashing down.</small><br></div><div class="battle-history"><small>The opposing Dodrio is buffeted by the hail!</small><br></div><div class="battle-history"><small>Quagsire is buffeted by the hail!</small><br></div><div class="battle-history"><small>Quagsire restored a little HP using its Leftovers!</small><br></div><div class="spacer battle-history"><br></div><h2 class="battle-history">Turn 24</h2><div class="spacer battle-history"><br></div><div class="battle-history">The opposing Dodrio used <strong>Brave Bird</strong>!<br></div><div class="battle-history"><small>(Quagsire lost <abbr title="−163/394">41.4%</abbr> of its health!)</small><br></div><div class="battle-history"><small>The opposing Dodrio is damaged by the recoil!</small><br></div><div class="spacer battle-history"><br></div><div class="battle-history">Quagsire used <strong>Recover</strong>!<br></div><div class="battle-history"><small>Quagsire restored its HP.</small><br></div><div class="spacer battle-history"><br></div><div class="battle-history"><small>The hail stopped.</small><br></div><div class="battle-history"><small>Quagsire restored a little HP using its Leftovers!</small><br></div><div class="spacer battle-history"><br></div><h2 class="battle-history">Turn 25</h2><div class="spacer battle-history"><br></div><div class="battle-history">luisotte .. withdrew Dodrio!<br></div><div class="battle-history">luisotte .. sent out <strong>Aurorus</strong>!<br></div><div class="battle-history"><small>Pointed stones dug into the opposing Aurorus!</small><br></div><div class="battle-history"><small>[The opposing Aurorus's Snow Warning]</small><br><small>It started to hail!</small><br></div><div class="spacer battle-history"><br></div><div class="battle-history">Quagsire used <strong>Recover</strong>!<br></div><div class="battle-history"><small>Quagsire restored its HP.</small><br></div><div class="spacer battle-history"><br></div><div class="battle-history"><small>The hail is crashing down.</small><br></div><div class="battle-history"><small>Quagsire is buffeted by the hail!</small><br></div><div class="battle-history"><small>Quagsire restored a little HP using its Leftovers!</small><br></div><div class="spacer battle-history"><br></div><h2 class="battle-history">Turn 26</h2><div class="spacer battle-history"><br></div><div class="battle-history">Quagsire, come back!<br></div><div class="battle-history">Go! <strong>Flareon</strong>!<br></div><div class="battle-history"><small>Pointed stones dug into Flareon!</small><br></div><div class="spacer battle-history"><br></div><div class="battle-history">The opposing Aurorus used <strong>Freeze-Dry</strong>!<br></div><div class="battle-history"><small>It's not very effective...</small><br></div><div class="battle-history"><small>(Flareon lost <abbr title="−38/271">14.0%</abbr> of its health!)</small><br></div><div class="spacer battle-history"><br></div><div class="battle-history"><small>The hail is crashing down.</small><br></div><div class="battle-history"><small>Flareon is buffeted by the hail!</small><br></div><div class="spacer battle-history"><br></div><h2 class="battle-history">Turn 27</h2><div class="spacer battle-history"><br></div><div class="battle-history">luisotte .. withdrew Aurorus!<br></div><div class="battle-history">luisotte .. sent out Silvally (<strong>Silvally-Fairy</strong>)!<br></div><div class="battle-history"><small>Pointed stones dug into the opposing Silvally!</small><br></div><div class="spacer battle-history"><br></div><div class="battle-history">Flareon used <strong>Quick Attack</strong>!<br></div><div class="battle-history"><small>(The opposing Silvally lost <abbr title="−84/389">21.6%</abbr> of its health!)</small><br></div><div class="spacer battle-history"><br></div><div class="battle-history"><small>The hail is crashing down.</small><br></div><div class="battle-history"><small>The opposing Silvally is buffeted by the hail!</small><br></div><div class="battle-history"><small>Flareon is buffeted by the hail!</small><br></div><div class="spacer battle-history"><br></div><h2 class="battle-history">Turn 28</h2><div class="spacer battle-history"><br></div><div class="battle-history">luisotte .. withdrew Silvally!<br></div><div class="battle-history">luisotte .. sent out <strong>Jellicent</strong>!<br></div><div class="battle-history"><small>Pointed stones dug into the opposing Jellicent!</small><br></div><div class="spacer battle-history"><br></div><div class="battle-history">Flareon used <strong>Quick Attack</strong>!<br></div><div class="battle-history"><small>It doesn't affect the opposing Jellicent...</small><br></div><div class="spacer battle-history"><br></div><div class="battle-history"><small>The hail is crashing down.</small><br></div><div class="battle-history"><small>Flareon is buffeted by the hail!</small><br></div><div class="battle-history"><small>The opposing Jellicent is buffeted by the hail!</small><br></div><div class="spacer battle-history"><br></div><h2 class="battle-history">Turn 29</h2><div class="spacer battle-history"><br></div><div class="battle-history">Flareon, come back!<br></div><div class="battle-history">Go! <strong>Cradily</strong>!<br></div><div class="battle-history"><small>Pointed stones dug into Cradily!</small><br></div><div class="spacer battle-history"><br></div><div class="battle-history">The opposing Jellicent used <strong>Recover</strong>!<br></div><div class="battle-history"><small>The opposing Jellicent restored its HP.</small><br></div><div class="spacer battle-history"><br></div><div class="battle-history"><small>The hail is crashing down.</small><br></div><div class="battle-history"><small>The opposing Jellicent is buffeted by the hail!</small><br></div><div class="battle-history"><small>Cradily is buffeted by the hail!</small><br></div><div class="battle-history"><small>Cradily restored a little HP using its Leftovers!</small><br></div><div class="spacer battle-history"><br></div><h2 class="battle-history">Turn 30</h2><div class="spacer battle-history"><br></div><div class="battle-history">The opposing Jellicent used <strong>Hex</strong>!<br></div><div class="battle-history"><small>(Cradily lost <abbr title="−93/376">24.7%</abbr> of its health!)</small><br></div><div class="spacer battle-history"><br></div><div class="battle-history">Cradily is paralyzed! It can't move!<br></div><div class="spacer battle-history"><br></div><div class="battle-history"><small>The hail is crashing down.</small><br></div><div class="battle-history"><small>The opposing Jellicent is buffeted by the hail!</small><br></div><div class="battle-history"><small>Cradily is buffeted by the hail!</small><br></div><div class="battle-history"><small>Cradily restored a little HP using its Leftovers!</small><br></div><div class="spacer battle-history"><br></div><h2 class="battle-history">Turn 31</h2><div class="spacer battle-history"><br></div><div class="battle-history">The opposing Jellicent used <strong>Taunt</strong>!<br></div><div class="battle-history"><small>Cradily fell for the taunt!</small><br></div><div class="spacer battle-history"><br></div><div class="battle-history">Cradily can't use Recover after the taunt!<br></div><div class="spacer battle-history"><br></div><div class="battle-history"><small>The hail is crashing down.</small><br></div><div class="battle-history"><small>The opposing Jellicent is buffeted by the hail!</small><br></div><div class="battle-history"><small>Cradily is buffeted by the hail!</small><br></div><div class="battle-history"><small>Cradily restored a little HP using its Leftovers!</small><br></div><div class="spacer battle-history"><br></div><h2 class="battle-history">Turn 32</h2><div class="spacer battle-history"><br></div><div class="battle-history">The opposing Jellicent used <strong>Hex</strong>!<br></div><div class="battle-history"><small>(Cradily lost <abbr title="−100/376">26.6%</abbr> of its health!)</small><br></div><div class="spacer battle-history"><br></div><div class="battle-history">Cradily used <strong>Giga Drain</strong>!<br></div><div class="battle-history"><small>It's super effective!</small><br></div><div class="battle-history"><small>(The opposing Jellicent lost <abbr title="−134/402">33.3%</abbr> of its health!)</small><br></div><div class="battle-history"><small>The opposing Jellicent had its energy drained!</small><br></div><div class="spacer battle-history"><br></div><div class="battle-history"><small>The hail stopped.</small><br></div><div class="battle-history"><small>Cradily restored a little HP using its Leftovers!</small><br></div><div class="spacer battle-history"><br></div><h2 class="battle-history">Turn 33</h2><div class="spacer battle-history"><br></div><div class="battle-history">The opposing Jellicent used <strong>Recover</strong>!<br></div><div class="battle-history"><small>The opposing Jellicent restored its HP.</small><br></div><div class="spacer battle-history"><br></div><div class="battle-history">Cradily used <strong>Giga Drain</strong>!<br></div><div class="battle-history"><small>It's super effective!</small><br></div><div class="battle-history"><small>(The opposing Jellicent lost <abbr title="−134/402">33.3%</abbr> of its health!)</small><br></div><div class="battle-history"><small>The opposing Jellicent had its energy drained!</small><br></div><div class="spacer battle-history"><br></div><div class="battle-history"><small>Cradily restored a little HP using its Leftovers!</small><br></div><div class="battle-history"><small>Cradily's taunt wore off!</small><br></div><div class="spacer battle-history"><br></div><h2 class="battle-history">Turn 34</h2><div class="spacer battle-history"><br></div><div class="battle-history">The opposing Jellicent used <strong>Hex</strong>!<br></div><div class="battle-history"><small>(Cradily lost <abbr title="−88/376">23.4%</abbr> of its health!)</small><br></div><div class="spacer battle-history"><br></div><div class="battle-history">Cradily used <strong>Giga Drain</strong>!<br></div><div class="battle-history"><small>It's super effective!</small><br></div><div class="battle-history"><small>(The opposing Jellicent lost <abbr title="−138/402">34.3%</abbr> of its health!)</small><br></div><div class="battle-history"><small>The opposing Jellicent had its energy drained!</small><br></div><div class="spacer battle-history"><br></div><div class="battle-history"><small>Cradily restored a little HP using its Leftovers!</small><br></div><div class="spacer battle-history"><br></div><h2 class="battle-history">Turn 35</h2><div class="spacer battle-history"><br></div><div class="battle-history">The opposing Jellicent used <strong>Recover</strong>!<br></div><div class="battle-history"><small>The opposing Jellicent restored its HP.</small><br></div><div class="spacer battle-history"><br></div><div class="battle-history">Cradily used <strong>Giga Drain</strong>!<br></div><div class="battle-history"><small>It's super effective!</small><br></div><div class="battle-history"><small>(The opposing Jellicent lost <abbr title="−132/402">32.8%</abbr> of its health!)</small><br></div><div class="battle-history"><small>The opposing Jellicent had its energy drained!</small><br></div><div class="spacer battle-history"><br></div><div class="battle-history"><small>Cradily restored a little HP using its Leftovers!</small><br></div><div class="spacer battle-history"><br></div><h2 class="battle-history">Turn 36</h2><div class="spacer battle-history"><br></div><div class="battle-history">The opposing Jellicent used <strong>Recover</strong>!<br></div><div class="battle-history"><small>The opposing Jellicent restored its HP.</small><br></div><div class="spacer battle-history"><br></div><div class="battle-history">Cradily used <strong>Toxic</strong>!<br></div><div class="battle-history"><small>The opposing Jellicent was badly poisoned!</small><br></div><div class="spacer battle-history"><br></div><div class="battle-history"><small>Cradily restored a little HP using its Leftovers!</small><br></div><div class="battle-history"><small>The opposing Jellicent was hurt by poison!</small><br></div><div class="spacer battle-history"><br></div><h2 class="battle-history">Turn 37</h2><div class="spacer battle-history"><br></div><div class="battle-history">luisotte .. withdrew Jellicent!<br></div><div class="battle-history">luisotte .. sent out Sandslash (<strong>Sandslash-Alola</strong>)!<br></div><div class="battle-history"><small>Pointed stones dug into the opposing Sandslash!</small><br></div><div class="spacer battle-history"><br></div><div class="battle-history">Cradily is paralyzed! It can't move!<br></div><div class="spacer battle-history"><br></div><div class="battle-history"><small>Cradily restored a little HP using its Leftovers!</small><br></div><div class="spacer battle-history"><br></div><h2 class="battle-history">Turn 38</h2><div class="spacer battle-history"><br></div><div class="battle-history">Cradily, come back!<br></div><div class="battle-history">Go! <strong>Quagsire</strong>!<br></div><div class="battle-history"><small>Pointed stones dug into Quagsire!</small><br></div><div class="spacer battle-history"><br></div><div class="battle-history">The opposing Sandslash used <strong>Rapid Spin</strong>!<br></div><div class="battle-history"><small>(Quagsire lost <abbr title="−21/394">5.3%</abbr> of its health!)</small><br></div><div class="battle-history"><small>The pointed stones disappeared from around the opposing team!</small><br></div><div class="spacer battle-history"><br></div><div class="battle-history"><small>Quagsire restored a little HP using its Leftovers!</small><br></div><div class="spacer battle-history"><br></div><h2 class="battle-history">Turn 39</h2><div class="spacer battle-history"><br></div><div class="battle-history">luisotte .. withdrew Sandslash!<br></div><div class="battle-history">luisotte .. sent out <strong>Jellicent</strong>!<br></div><div class="spacer battle-history"><br></div><div class="battle-history">Quagsire used <strong>Earthquake</strong>!<br></div><div class="battle-history"><small>(The opposing Jellicent lost <abbr title="−108/402">26.9%</abbr> of its health!)</small><br></div><div class="spacer battle-history"><br></div><div class="battle-history"><small>Quagsire restored a little HP using its Leftovers!</small><br></div><div class="battle-history"><small>The opposing Jellicent was hurt by poison!</small><br></div><div class="spacer battle-history"><br></div><h2 class="battle-history">Turn 40</h2><div class="spacer battle-history"><br></div><div class="battle-history">Quagsire, come back!<br></div><div class="battle-history">Go! <strong>Cradily</strong>!<br></div><div class="battle-history"><small>Pointed stones dug into Cradily!</small><br></div><div class="spacer battle-history"><br></div><div class="battle-history">The opposing Jellicent used <strong>Recover</strong>!<br></div><div class="battle-history"><small>The opposing Jellicent restored its HP.</small><br></div><div class="spacer battle-history"><br></div><div class="battle-history"><small>Cradily restored a little HP using its Leftovers!</small><br></div><div class="battle-history"><small>The opposing Jellicent was hurt by poison!</small><br></div><div class="spacer battle-history"><br></div><h2 class="battle-history">Turn 41</h2><div class="spacer battle-history"><br></div><div class="battle-history">luisotte .. withdrew Jellicent!<br></div><div class="battle-history">luisotte .. sent out Sandslash (<strong>Sandslash-Alola</strong>)!<br></div><div class="spacer battle-history"><br></div><div class="battle-history">Cradily is paralyzed! It can't move!<br></div><div class="spacer battle-history"><br></div><div class="battle-history"><small>Cradily restored a little HP using its Leftovers!</small><br></div><div class="spacer battle-history"><br></div><h2 class="battle-history">Turn 42</h2><div class="spacer battle-history"><br></div><div class="battle-history">luisotte .. withdrew Sandslash!<br></div><div class="battle-history">luisotte .. sent out <strong>Aurorus</strong>!<br></div><div class="battle-history"><small>[The opposing Aurorus's Snow Warning]</small><br><small>It started to hail!</small><br></div><div class="spacer battle-history"><br></div><div class="battle-history">Cradily, come back!<br></div><div class="battle-history">Go! <strong>Quagsire</strong>!<br></div><div class="battle-history"><small>Pointed stones dug into Quagsire!</small><br></div><div class="spacer battle-history"><br></div><div class="battle-history"><small>The hail is crashing down.</small><br></div><div class="battle-history"><small>Quagsire is buffeted by the hail!</small><br></div><div class="battle-history"><small>Quagsire restored a little HP using its Leftovers!</small><br></div><div class="spacer battle-history"><br></div><h2 class="battle-history">Turn 43</h2><div class="spacer battle-history"><br></div><div class="battle-history">Quagsire, come back!<br></div><div class="battle-history">Go! <strong>Flareon</strong>!<br></div><div class="battle-history"><small>Pointed stones dug into Flareon!</small><br></div><div class="spacer battle-history"><br></div><div class="battle-history">The opposing Aurorus used <strong>Freeze-Dry</strong>!<br></div><div class="battle-history"><small>It's not very effective...</small><br></div><div class="battle-history"><small>(Flareon lost <abbr title="−42/271">15.5%</abbr> of its health!)</small><br></div><div class="spacer battle-history"><br></div><div class="battle-history"><small>The hail is crashing down.</small><br></div><div class="battle-history"><small>Flareon is buffeted by the hail!</small><br></div><div class="spacer battle-history"><br></div><div class="battle-history">Flareon fainted!<br></div><div class="spacer battle-history"><br></div><div class="battle-history">Go! Rotom (<strong>Rotom-Frost</strong>)!<br></div><div class="battle-history"><small>Pointed stones dug into Rotom!</small><br></div><div class="spacer battle-history"><br></div><h2 class="battle-history">Turn 44</h2><div class="spacer battle-history"><br></div><div class="battle-history">luisotte .. withdrew Aurorus!<br></div><div class="battle-history">luisotte .. sent out Silvally (<strong>Silvally-Fairy</strong>)!<br></div><div class="spacer battle-history"><br></div><div class="battle-history">Rotom used <strong>Pain Split</strong>!<br></div><div class="battle-history"><small>The battlers shared their pain!</small><br></div><div class="spacer battle-history"><br></div><div class="battle-history"><small>The hail is crashing down.</small><br></div><div class="battle-history"><small>The opposing Silvally is buffeted by the hail!</small><br></div><div class="spacer battle-history"><br></div><h2 class="battle-history">Turn 45</h2><div class="spacer battle-history"><br></div><div class="battle-history">The opposing Silvally used <strong>Multi-Attack</strong>!<br></div><div class="battle-history"><small>(Rotom lost <abbr title="−52/241">21.6%</abbr> of its health!)</small><br></div><div class="spacer battle-history"><br></div><div class="battle-history">Rotom fainted!<br></div><div class="spacer battle-history"><br></div><div class="battle-history"><small>The hail is crashing down.</small><br></div><div class="battle-history"><small>The opposing Silvally is buffeted by the hail!</small><br></div><div class="spacer battle-history"><br></div><div class="battle-history">Go! <strong>Hitmonchan</strong>!<br></div><div class="battle-history"><small>Pointed stones dug into Hitmonchan!</small><br></div><div class="spacer battle-history"><br></div><h2 class="battle-history">Turn 46</h2><div class="spacer battle-history"><br></div><div class="battle-history">luisotte .. withdrew Silvally!<br></div><div class="battle-history">luisotte .. sent out <strong>Jellicent</strong>!<br></div><div class="spacer battle-history"><br></div><div class="battle-history">Hitmonchan used <strong>Mach Punch</strong>!<br></div><div class="battle-history"><small>It doesn't affect the opposing Jellicent...</small><br></div><div class="spacer battle-history"><br></div><div class="battle-history"><small>The hail is crashing down.</small><br></div><div class="battle-history"><small>Hitmonchan is buffeted by the hail!</small><br></div><div class="battle-history"><small>The opposing Jellicent is buffeted by the hail!</small><br></div><div class="battle-history"><small>The opposing Jellicent was hurt by poison!</small><br></div><div class="spacer battle-history"><br></div><h2 class="battle-history">Turn 47</h2><div class="spacer battle-history"><br></div><div class="battle-history">Hitmonchan, come back!<br></div><div class="battle-history">Go! <strong>Cradily</strong>!<br></div><div class="battle-history"><small>Pointed stones dug into Cradily!</small><br></div><div class="spacer battle-history"><br></div><div class="battle-history">The opposing Jellicent used <strong>Hex</strong>!<br></div><div class="battle-history"><small>(Cradily lost <abbr title="−94/376">25%</abbr> of its health!)</small><br></div><div class="spacer battle-history"><br></div><div class="battle-history"><small>The hail is crashing down.</small><br></div><div class="battle-history"><small>The opposing Jellicent is buffeted by the hail!</small><br></div><div class="battle-history"><small>Cradily is buffeted by the hail!</small><br></div><div class="battle-history"><small>Cradily restored a little HP using its Leftovers!</small><br></div><div class="battle-history"><small>The opposing Jellicent was hurt by poison!</small><br></div><div class="spacer battle-history"><br></div><h2 class="battle-history">Turn 48</h2><div class="spacer battle-history"><br></div><div class="battle-history">luisotte .. withdrew Jellicent!<br></div><div class="battle-history">luisotte .. sent out Sandslash (<strong>Sandslash-Alola</strong>)!<br></div><div class="spacer battle-history"><br></div><div class="battle-history">Cradily is paralyzed! It can't move!<br></div><div class="spacer battle-history"><br></div><div class="battle-history"><small>The hail is crashing down.</small><br></div><div class="battle-history"><small>Cradily is buffeted by the hail!</small><br></div><div class="battle-history"><small>Cradily restored a little HP using its Leftovers!</small><br></div><div class="spacer battle-history"><br></div><h2 class="battle-history">Turn 49</h2><div class="spacer battle-history"><br></div><div class="battle-history">luisotte .. withdrew Sandslash!<br></div><div class="battle-history">luisotte .. sent out <strong>Aurorus</strong>!<br></div><div class="spacer battle-history"><br></div><div class="battle-history">Cradily is paralyzed! It can't move!<br></div><div class="spacer battle-history"><br></div><div class="battle-history"><small>The hail stopped.</small><br></div><div class="battle-history"><small>Cradily restored a little HP using its Leftovers!</small><br></div><div class="spacer battle-history"><br></div><h2 class="battle-history">Turn 50</h2><div class="chat chatmessage-grardway"><strong style="color:hsl(23,56%,44%)"><small>☆</small><span class="username" data-name="Gеrard Way">Gеrard Way</span>:</strong> <em>Sht</em></div><div class="chat chatmessage-grardway"><strong style="color:hsl(23,56%,44%)"><small>☆</small><span class="username" data-name="Gеrard Way">Gеrard Way</span>:</strong> <em>Eso, definía el combate</em></div><div class="spacer battle-history"><br></div><div class="battle-history">The opposing Aurorus used <strong>Freeze-Dry</strong>!<br></div><div class="battle-history"><small>It's super effective!</small><br></div><div class="battle-history"><small>(Cradily lost <abbr title="−116/376">30.9%</abbr> of its health!)</small><br></div><div class="spacer battle-history"><br></div><div class="battle-history">Cradily used <strong>Giga Drain</strong>!<br></div><div class="battle-history"><small>It's super effective!</small><br></div><div class="battle-history"><small>(The opposing Aurorus lost <abbr title="−143/425">33.6%</abbr> of its health!)</small><br></div><div class="battle-history"><small>The opposing Aurorus had its energy drained!</small><br></div><div class="spacer battle-history"><br></div><div class="battle-history">The opposing Aurorus fainted!<br></div><div class="spacer battle-history"><br></div><div class="battle-history"><small>Cradily restored a little HP using its Leftovers!</small><br></div><div class="spacer battle-history"><br></div><div class="battle-history">luisotte .. sent out <strong>Manectric</strong>!<br></div><div class="spacer battle-history"><br></div><h2 class="battle-history">Turn 51</h2><div class="spacer battle-history"><br></div><div class="battle-history">The opposing Manectric used <strong>Overheat</strong>!<br></div><div class="battle-history"><small>(Cradily lost <abbr title="−85/376">22.6%</abbr> of its health!)</small><br></div><div class="battle-history"><small>The opposing Manectric's Special Attack fell harshly!</small><br></div><div class="spacer battle-history"><br></div><div class="battle-history">Cradily used <strong>Recover</strong>!<br></div><div class="battle-history"><small>Cradily restored its HP.</small><br></div><div class="spacer battle-history"><br></div><div class="battle-history"><small>Cradily restored a little HP using its Leftovers!</small><br></div><div class="spacer battle-history"><br></div><h2 class="battle-history">Turn 52</h2><div class="spacer battle-history"><br></div><div class="battle-history">luisotte .. withdrew Manectric!<br></div><div class="battle-history">luisotte .. sent out Sandslash (<strong>Sandslash-Alola</strong>)!<br></div><div class="spacer battle-history"><br></div><div class="battle-history">Cradily used <strong>Stealth Rock</strong>!<br></div><div class="battle-history"><small>Pointed stones float in the air around the opposing team!</small><br></div><div class="spacer battle-history"><br></div><div class="battle-history"><small>Cradily restored a little HP using its Leftovers!</small><br></div><div class="spacer battle-history"><br></div><h2 class="battle-history">Turn 53</h2><div class="spacer battle-history"><br></div><div class="battle-history">Cradily, come back!<br></div><div class="battle-history">Go! <strong>Quagsire</strong>!<br></div><div class="battle-history"><small>Pointed stones dug into Quagsire!</small><br></div><div class="spacer battle-history"><br></div><div class="battle-history">The opposing Sandslash used <strong>Rapid Spin</strong>!<br></div><div class="battle-history"><small>(Quagsire lost <abbr title="−18/394">4.6%</abbr> of its health!)</small><br></div><div class="battle-history"><small>The pointed stones disappeared from around the opposing team!</small><br></div><div class="spacer battle-history"><br></div><div class="battle-history"><small>Quagsire restored a little HP using its Leftovers!</small><br></div><div class="spacer battle-history"><br></div><h2 class="battle-history">Turn 54</h2><div class="spacer battle-history"><br></div><div class="battle-history">luisotte .. withdrew Sandslash!<br></div><div class="battle-history">luisotte .. sent out <strong>Jellicent</strong>!<br></div><div class="spacer battle-history"><br></div><div class="battle-history">Quagsire used <strong>Earthquake</strong>!<br></div><div class="battle-history"><small>(The opposing Jellicent lost <abbr title="−96/402">23.9%</abbr> of its health!)</small><br></div><div class="spacer battle-history"><br></div><div class="battle-history"><small>Quagsire restored a little HP using its Leftovers!</small><br></div><div class="battle-history"><small>The opposing Jellicent was hurt by poison!</small><br></div><div class="spacer battle-history"><br></div><h2 class="battle-history">Turn 55</h2><div class="spacer battle-history"><br></div><div class="battle-history">The opposing Jellicent used <strong>Recover</strong>!<br></div><div class="battle-history"><small>The opposing Jellicent restored its HP.</small><br></div><div class="spacer battle-history"><br></div><div class="battle-history">Quagsire used <strong>Earthquake</strong>!<br></div><div class="battle-history"><small>(The opposing Jellicent lost <abbr title="−112/402">27.9%</abbr> of its health!)</small><br></div><div class="spacer battle-history"><br></div><div class="battle-history"><small>Quagsire restored a little HP using its Leftovers!</small><br></div><div class="battle-history"><small>The opposing Jellicent was hurt by poison!</small><br></div><div class="spacer battle-history"><br></div><h2 class="battle-history">Turn 56</h2><div class="spacer battle-history"><br></div><div class="battle-history">The opposing Jellicent used <strong>Recover</strong>!<br></div><div class="battle-history"><small>The opposing Jellicent restored its HP.</small><br></div><div class="spacer battle-history"><br></div><div class="battle-history">Quagsire used <strong>Earthquake</strong>!<br></div><div class="battle-history"><small>(The opposing Jellicent lost <abbr title="−99/402">24.6%</abbr> of its health!)</small><br></div><div class="spacer battle-history"><br></div><div class="battle-history"><small>The opposing Jellicent was hurt by poison!</small><br></div><div class="spacer battle-history"><br></div><h2 class="battle-history">Turn 57</h2><div class="spacer battle-history"><br></div><div class="battle-history">The opposing Jellicent used <strong>Hex</strong>!<br></div><div class="battle-history"><small>(Quagsire lost <abbr title="−103/394">26.1%</abbr> of its health!)</small><br></div><div class="spacer battle-history"><br></div><div class="battle-history">Quagsire used <strong>Earthquake</strong>!<br></div><div class="battle-history"><small>(The opposing Jellicent lost <abbr title="−103/402">25.6%</abbr> of its health!)</small><br></div><div class="spacer battle-history"><br></div><div class="battle-history"><small>Quagsire restored a little HP using its Leftovers!</small><br></div><div class="battle-history"><small>The opposing Jellicent was hurt by poison!</small><br></div><div class="spacer battle-history"><br></div><div class="battle-history">The opposing Jellicent fainted!<br></div><div class="chat chatmessage-luisotte"><strong style="color:hsl(313,40%,46.17285196307341%)"><small>☆</small><span class="username" data-name="luisotte ..">luisotte ..</span>:</strong> <em>nada que hacer</em></div><div class="battle-history"><small>luisotte .. se rindió.</small><br></div><div class="spacer battle-history"><br></div><div class="battle-history"><strong>Gеrard Way</strong> won the battle!<br></div><div class="chat chatmessage-grardway"><strong style="color:hsl(23,56%,44%)"><small>☆</small><span class="username" data-name="Gеrard Way">Gеrard Way</span>:</strong> <em>gg, sorry por el mu</em></div></div><div class="inner-preempt"></div></div></div>
</div>
<script>
let daily = Math.floor(Date.now()/1000/60/60/24);document.write('<script src="https://play.pokemonshowdown.com/js/replay-embed.js?version'+daily+'"></'+'script>');
</script>
