<!DOCTYPE html>
<meta charset="utf-8" />
<!-- version 1 -->
<title>NU replay: yo!gi!o_o! vs. 1✿Surgeon</title>
<style>
html,body {font-family:Verdana, sans-serif;font-size:10pt;margin:0;padding:0;}body{padding:12px 0;} .battle-log {font-family:Verdana, sans-serif;font-size:10pt;} .battle-log-inline {border:1px solid #AAAAAA;background:#EEF2F5;color:black;max-width:640px;margin:0 auto 80px;padding-bottom:5px;} .battle-log .inner {padding:4px 8px 0px 8px;} .battle-log .inner-preempt {padding:0 8px 4px 8px;} .battle-log .inner-after {margin-top:0.5em;} .battle-log h2 {margin:0.5em -8px;padding:4px 8px;border:1px solid #AAAAAA;background:#E0E7EA;border-left:0;border-right:0;font-family:Verdana, sans-serif;font-size:13pt;} .battle-log .chat {vertical-align:middle;padding:3px 0 3px 0;font-size:8pt;} .battle-log .chat strong {color:#40576A;} .battle-log .chat em {padding:1px 4px 1px 3px;color:#000000;font-style:normal;} .chat.mine {background:rgba(0,0,0,0.05);margin-left:-8px;margin-right:-8px;padding-left:8px;padding-right:8px;} .spoiler {color:#BBBBBB;background:#BBBBBB;padding:0px 3px;} .spoiler:hover, .spoiler:active, .spoiler-shown {color:#000000;background:#E2E2E2;padding:0px 3px;} .spoiler a {color:#BBBBBB;} .spoiler:hover a, .spoiler:active a, .spoiler-shown a {color:#2288CC;} .chat code, .chat .spoiler:hover code, .chat .spoiler:active code, .chat .spoiler-shown code {border:1px solid #C0C0C0;background:#EEEEEE;color:black;padding:0 2px;} .chat .spoiler code {border:1px solid #CCCCCC;background:#CCCCCC;color:#CCCCCC;} .battle-log .rated {padding:3px 4px;} .battle-log .rated strong {color:white;background:#89A;padding:1px 4px;border-radius:4px;} .spacer {margin-top:0.5em;} .message-announce {background:#6688AA;color:white;padding:1px 4px 2px;} .message-announce a, .broadcast-green a, .broadcast-blue a, .broadcast-red a {color:#DDEEFF;} .broadcast-green {background-color:#559955;color:white;padding:2px 4px;} .broadcast-blue {background-color:#6688AA;color:white;padding:2px 4px;} .infobox {border:1px solid #6688AA;padding:2px 4px;} .infobox-limited {max-height:200px;overflow:auto;overflow-x:hidden;} .broadcast-red {background-color:#AA5544;color:white;padding:2px 4px;} .message-learn-canlearn {font-weight:bold;color:#228822;text-decoration:underline;} .message-learn-cannotlearn {font-weight:bold;color:#CC2222;text-decoration:underline;} .message-effect-weak {font-weight:bold;color:#CC2222;} .message-effect-resist {font-weight:bold;color:#6688AA;} .message-effect-immune {font-weight:bold;color:#666666;} .message-learn-list {margin-top:0;margin-bottom:0;} .message-throttle-notice, .message-error {color:#992222;} .message-overflow, .chat small.message-overflow {font-size:0pt;} .message-overflow::before {font-size:9pt;content:'...';} .subtle {color:#3A4A66;}
</style>
<div class="wrapper replay-wrapper" style="max-width:1180px;margin:0 auto">
<input type="hidden" name="replayid" value="nu-574826798" />
<div class="battle"></div><div class="battle-log"></div><div class="replay-controls"></div><div class="replay-controls-2"></div>
<h1 style="font-weight:normal;text-align:center"><strong>NU</strong><br /><a href="http://pokemonshowdown.com/users/yogioo" class="subtle" target="_blank">yo!gi!o_o!</a> vs. <a href="http://pokemonshowdown.com/users/1surgeon" class="subtle" target="_blank">1✿Surgeon</a></h1>
<script type="text/plain" class="battle-log-data">|j|yo!gi!o_o!
|j|1✿Surgeon
|player|p1|yo!gi!o_o!|197
|player|p2|1✿Surgeon|#teamrocket
|gametype|singles
|gen|6
|tier|NU
|seed|24515,43628,57743,63483
|rule|Sleep Clause Mod: Limit one foe put to sleep
|rule|Species Clause: Limit one of each Pokémon
|rule|OHKO Clause: OHKO moves are banned
|rule|Moody Clause: Moody is banned
|rule|Evasion Moves Clause: Evasion moves are banned
|rule|Endless Battle Clause: Forcing endless battles is banned
|rule|HP Percentage Mod: HP is shown in percentages
|clearpoke
|poke|p1|Roselia, F|item
|poke|p1|Barbaracle, F|item
|poke|p1|Regice|item
|poke|p1|Quagsire, M|item
|poke|p1|Rotom|item
|poke|p1|Rhydon, F|item
|poke|p2|Garbodor, F|item
|poke|p2|Musharna, M, shiny|item
|poke|p2|Hitmonchan, M|item
|poke|p2|Rotom, shiny|item
|poke|p2|Miltank, F|item
|poke|p2|Piloswine, M|item
|rule|Swagger Clause: Swagger is banned
|rule|Baton Pass Clause: Limit one Baton Passer, can't pass Spe and other stats simultaneously
|teampreview
|j|Rodroek
|c|☆1✿Surgeon|gimme two secs
|c|☆1✿Surgeon|im finishing that build
|c|☆1✿Surgeon|for anish
|c|☆1✿Surgeon|:x
|c|☆yo!gi!o_o!|its funny because
|c|☆1✿Surgeon|wont take too long
|c|☆yo!gi!o_o!|i gave u the advantage
|c|☆yo!gi!o_o!|so if u lose
|c|☆yo!gi!o_o!|lel
|j|Miven☁
|c|☆yo!gi!o_o!|actually
|c|☆yo!gi!o_o!|how tf do i beat this
|c|☆yo!gi!o_o!|WHY DID I GIVE YOU MY GOD TEAM
|c| Miven☁|Dw yogi you got this
|j|VelstromMalle
|j|xAnish
|c|☆yo!gi!o_o!|i actually don't tho
|c| Miven☁|Just outplay
|c|☆yo!gi!o_o!|he's cm barrier mush
|c|☆yo!gi!o_o!|lol
|c|%xAnish|\/log 1✿Surgeon was muted by xAnish for 7 minutes. (u suck)
|unlink|1surgeon
|c| Miven☁|Lmao
|c|☆yo!gi!o_o!|well
|c|%xAnish|MY LIFE IS COMPLETE
|c| Miven☁|Nvm you loose
|c|☆yo!gi!o_o!|that happened
|c|%xAnish|\/log 1✿Surgeon was unmuted by xAnish.
|c|☆1✿Surgeon|BITCH
|c|☆1✿Surgeon|IM GONNA CHOKE FOR REAL NOW
|c|☆1✿Surgeon|CHOKE U
|c|☆yo!gi!o_o!|nty I'm not into being choked, i can do that myself
|c|%xAnish|yogi
|c|%xAnish|why is ur team
|c|%xAnish|spikes + zard
|c|%xAnish|wo spin
|j|Makeishura✬
|c|☆yo!gi!o_o!|why does my team have no spinner
|c|☆yo!gi!o_o!|is the better question
|c|%xAnish|yes
|c|☆yo!gi!o_o!|and the answer to that is
|c|☆yo!gi!o_o!|11-1
|c|☆yo!gi!o_o!|who needs spin
|c|☆yo!gi!o_o!|amirite
|c|%xAnish|why is sky tank weak
|c|☆yo!gi!o_o!|whut
|c|%xAnish|it did
|c|%xAnish|20
|c|%xAnish|to rhydon
|c|☆yo!gi!o_o!|because sd zard
|c|☆yo!gi!o_o!|is your fighting counter
|c|☆yo!gi!o_o!|and knock off fodder
|c|☆1✿Surgeon|k im done
|c| VelstromMalle|finally
|c| Makeishura✬|what kills quag :thinking:
|c|☆yo!gi!o_o!|mush
|choice|team 3, team 2, team 1, team 4, team 5, team 6|team 4, team 2, team 3, team 1, team 5, team 6
|
|start
|switch|p1a: Regice|Regice|352\/352
|switch|p2a: Rotom|Rotom, shiny|242\/242
|turn|1
|choice|move thunderwave|move voltswitch
|
|move|p2a: Rotom|Volt Switch|p1a: Regice
|-damage|p1a: Regice|301\/352
|c| Makeishura✬|aromatherapy rose
|choice||switch 5
|
|switch|p2a: Miltank|Miltank, F|394\/394
|move|p1a: Regice|Thunder Wave|p2a: Miltank
|-status|p2a: Miltank|par
|
|-heal|p1a: Regice|323\/352|[from] item: Leftovers
|upkeep
|turn|2
|c| Makeishura✬|ez
|choice|switch 3|move toxic
|
|switch|p1a: Roselia|Roselia, F|304\/304
|cant|p2a: Miltank|par
|
|upkeep
|turn|3
|l|VelstromMalle
|choice|move spikes|move seismictoss
|
|move|p1a: Roselia|Spikes|p2a: Miltank
|-sidestart|p2: 1✿Surgeon|Spikes
|move|p2a: Miltank|Seismic Toss|p1a: Roselia
|-damage|p1a: Roselia|204\/304
|
|upkeep
|turn|4
|choice|move synthesis|move seismictoss
|
|move|p1a: Roselia|Synthesis|p1a: Roselia
|-heal|p1a: Roselia|304\/304
|move|p2a: Miltank|Seismic Toss|p1a: Roselia
|-damage|p1a: Roselia|204\/304
|
|upkeep
|turn|5
|c|☆1✿Surgeon|ass
|choice|move spikes|switch 3
|
|switch|p2a: Hitmonchan|Hitmonchan, M|241\/241
|-damage|p2a: Hitmonchan|211\/241|[from] Spikes
|move|p1a: Roselia|Spikes|p2a: Hitmonchan
|-sidestart|p2: 1✿Surgeon|Spikes
|
|upkeep
|turn|6
|choice|switch 5|move icepunch
|
|switch|p1a: Rotom|Rotom|241\/241
|move|p2a: Hitmonchan|Ice Punch|p1a: Rotom
|-damage|p1a: Rotom|67\/241
|-damage|p2a: Hitmonchan|187\/241|[from] item: Life Orb
|
|upkeep
|turn|7
|choice|move voltswitch|move icepunch
|
|move|p1a: Rotom|Volt Switch|p2a: Hitmonchan
|-damage|p2a: Hitmonchan|100\/241
|choice|switch 4|
|
|switch|p1a: Quagsire|Quagsire, M|394\/394
|move|p2a: Hitmonchan|Ice Punch|p1a: Quagsire
|-damage|p1a: Quagsire|290\/394
|-damage|p2a: Hitmonchan|76\/241|[from] item: Life Orb
|
|-heal|p1a: Quagsire|314\/394|[from] item: Leftovers
|upkeep
|turn|8
|choice|move toxic|move icepunch
|
|move|p2a: Hitmonchan|Ice Punch|p1a: Quagsire
|-damage|p1a: Quagsire|202\/394
|-status|p1a: Quagsire|frz
|-damage|p2a: Hitmonchan|52\/241|[from] item: Life Orb
|-curestatus|p1a: Quagsire|frz|[msg]
|move|p1a: Quagsire|Toxic|p2a: Hitmonchan
|-status|p2a: Hitmonchan|tox
|
|-heal|p1a: Quagsire|226\/394|[from] item: Leftovers
|-damage|p2a: Hitmonchan|37\/241 tox|[from] psn
|upkeep
|turn|9
|choice|switch 4|move rapidspin
|
|switch|p1a: Rotom|Rotom|67\/241
|move|p2a: Hitmonchan|Rapid Spin|p1a: Rotom
|-immune|p1a: Rotom|[msg]
|
|-damage|p2a: Hitmonchan|7\/241 tox|[from] psn
|upkeep
|turn|10
|c|☆yo!gi!o_o!|yeh no
|c|☆1✿Surgeon|i was gonna ice punch
|c|☆1✿Surgeon|but i thought u were a pussy
|c|☆1✿Surgeon|:c
|c|☆yo!gi!o_o!|:c
|choice|move shadowball|move icepunch
|
|move|p1a: Rotom|Shadow Ball|p2a: Hitmonchan
|-damage|p2a: Hitmonchan|0 fnt
|faint|p2a: Hitmonchan
|
|upkeep
|choice||switch 3
|
|switch|p2a: Miltank|Miltank, F|394\/394 par
|-damage|p2a: Miltank|329\/394 par|[from] Spikes
|turn|11
|choice|switch 5|switch 4
|
|switch|p1a: Roselia|Roselia, F|204\/304
|switch|p2a: Garbodor|Garbodor, F|364\/364
|-damage|p2a: Garbodor|304\/364|[from] Spikes
|
|upkeep
|turn|12
|choice|switch 6|move gunkshot
|
|switch|p1a: Rhydon|Rhydon, F|414\/414
|move|p2a: Garbodor|Gunk Shot|p1a: Rhydon|[miss]
|-miss|p2a: Garbodor|p1a: Rhydon
|
|upkeep
|turn|13
|choice|move stoneedge|switch 5
|
|switch|p2a: Rotom|Rotom, shiny|242\/242
|move|p1a: Rhydon|Stone Edge|p2a: Rotom
|-damage|p2a: Rotom|73\/242
|
|upkeep
|turn|14
|choice|switch 6|move trick
|
|switch|p1a: Roselia|Roselia, F|204\/304
|move|p2a: Rotom|Trick|p1a: Roselia
|-activate|p2a: Rotom|move: Trick|[of] p1a: Roselia
|-item|p1a: Roselia|Choice Scarf|[from] move: Trick
|-item|p2a: Rotom|Eviolite|[from] move: Trick
|
|upkeep
|turn|15
|choice|move gigadrain|move shadowball
|
|move|p2a: Rotom|Shadow Ball|p1a: Roselia
|-damage|p1a: Roselia|105\/304
|move|p1a: Roselia|Giga Drain|p2a: Rotom
|-damage|p2a: Rotom|0 fnt
|-heal|p1a: Roselia|142\/304|[from] drain|[of] p2a: Rotom
|faint|p2a: Rotom
|
|upkeep
|choice||switch 5
|
|switch|p2a: Garbodor|Garbodor, F|304\/364
|-damage|p2a: Garbodor|244\/364|[from] Spikes
|turn|16
|choice|switch 6|move seedbomb
|
|switch|p1a: Rhydon|Rhydon, F|414\/414
|move|p2a: Garbodor|Seed Bomb|p1a: Rhydon
|-supereffective|p1a: Rhydon
|-damage|p1a: Rhydon|298\/414
|
|upkeep
|turn|17
|j|VelstromMalle
|c|☆1✿Surgeon|oh right
|choice|move earthquake|switch 6
|
|switch|p2a: Piloswine|Piloswine, M|391\/391
|-damage|p2a: Piloswine|326\/391|[from] Spikes
|move|p1a: Rhydon|Earthquake|p2a: Piloswine
|-damage|p2a: Piloswine|202\/391
|
|upkeep
|turn|18
|choice|switch 3|move stealthrock
|
|switch|p1a: Regice|Regice|323\/352
|move|p2a: Piloswine|Stealth Rock|p1a: Regice
|-sidestart|p1: yo!gi!o_o!|move: Stealth Rock
|
|-heal|p1a: Regice|345\/352|[from] item: Leftovers
|upkeep
|turn|19
|choice|move focusblast|switch 4
|
|switch|p2a: Miltank|Miltank, F|329\/394 par
|-damage|p2a: Miltank|264\/394 par|[from] Spikes
|move|p1a: Regice|Focus Blast|p2a: Miltank
|-supereffective|p2a: Miltank
|-damage|p2a: Miltank|34\/394 par
|
|-heal|p1a: Regice|352\/352|[from] item: Leftovers
|-heal|p2a: Miltank|58\/394 par|[from] item: Leftovers
|upkeep
|turn|20
|c|☆1✿Surgeon|miss
|choice|move thunderbolt|move milkdrink
|
|move|p1a: Regice|Thunderbolt|p2a: Miltank
|-damage|p2a: Miltank|0 fnt
|faint|p2a: Miltank
|
|upkeep
|c|☆yo!gi!o_o!|n
|c|☆1✿Surgeon|pls
|c|%xAnish|SURGEON IS BAD
|c|☆1✿Surgeon|ur bad
|j|Gross Sweep
|c| Makeishura✬|6-0
|c| Makeishura✬|???
|choice||switch 2
|
|switch|p2a: Musharna|Musharna, M, shiny|436\/436
|-damage|p2a: Musharna|364\/436|[from] Spikes
|turn|21
|c|%xAnish|u suck
|choice|move icebeam|move calmmind
|
|move|p1a: Regice|Ice Beam|p2a: Musharna
|-damage|p2a: Musharna|219\/436
|move|p2a: Musharna|Calm Mind|p2a: Musharna
|-boost|p2a: Musharna|spa|1
|-boost|p2a: Musharna|spd|1
|
|upkeep
|turn|22
|c|+Gross Sweep|surgeon why aren't u practicing your ru
|c|%xAnish|FREEZE
|choice|switch 5|move storedpower
|
|switch|p1a: Rotom|Rotom|67\/241
|-damage|p1a: Rotom|37\/241|[from] Stealth Rock
|move|p2a: Musharna|Stored Power|p1a: Rotom
|-damage|p1a: Rotom|0 fnt
|faint|p1a: Rotom
|
|upkeep
|c|☆1✿Surgeon|im gonna meme
|c|☆1✿Surgeon|thats why
|c|%xAnish|FREEZE
|choice|switch 4|
|
|switch|p1a: Quagsire|Quagsire, M|226\/394
|-damage|p1a: Quagsire|202\/394|[from] Stealth Rock
|turn|23
|c|☆1✿Surgeon|unless
|c|☆1✿Surgeon|ull give me
|c|%xAnish|unaware quag
|c|☆1✿Surgeon|that linoone team
|c|☆1✿Surgeon|<3
|choice|move toxic|move moonlight
|
|move|p2a: Musharna|Moonlight|p2a: Musharna
|-heal|p2a: Musharna|436\/436
|move|p1a: Quagsire|Toxic|p2a: Musharna
|-status|p2a: Musharna|tox
|-activate|p2a: Musharna|ability: Synchronize
|-status|p1a: Quagsire|tox
|
|-heal|p1a: Quagsire|226\/394 tox|[from] item: Leftovers
|-damage|p1a: Quagsire|202\/394 tox|[from] psn
|-damage|p2a: Musharna|409\/436 tox|[from] psn
|upkeep
|turn|24
|c|+Gross Sweep|I haven't made it yet
|c|%xAnish|haze that mon
|c|+Gross Sweep|but I'll get on it
|choice|move recover|move storedpower
|
|move|p2a: Musharna|Stored Power|p1a: Quagsire
|-damage|p1a: Quagsire|94\/394 tox
|move|p1a: Quagsire|Recover|p1a: Quagsire
|-heal|p1a: Quagsire|291\/394 tox
|
|-heal|p1a: Quagsire|315\/394 tox|[from] item: Leftovers
|-damage|p1a: Quagsire|267\/394 tox|[from] psn
|-damage|p2a: Musharna|355\/436 tox|[from] psn
|upkeep
|turn|25
|choice|move recover|move storedpower
|
|move|p2a: Musharna|Stored Power|p1a: Quagsire
|-crit|p1a: Quagsire
|-damage|p1a: Quagsire|99\/394 tox
|move|p1a: Quagsire|Recover|p1a: Quagsire
|-heal|p1a: Quagsire|296\/394 tox
|
|-heal|p1a: Quagsire|320\/394 tox|[from] item: Leftovers
|-damage|p1a: Quagsire|248\/394 tox|[from] psn
|-damage|p2a: Musharna|274\/436 tox|[from] psn
|upkeep
|turn|26
|choice|move recover|switch 4
|
|switch|p2a: Piloswine|Piloswine, M|202\/391
|-damage|p2a: Piloswine|137\/391|[from] Spikes
|move|p1a: Quagsire|Recover|p1a: Quagsire
|-heal|p1a: Quagsire|394\/394 tox
|
|-damage|p1a: Quagsire|298\/394 tox|[from] psn
|upkeep
|turn|27
|c|%xAnish|>crit
|choice|switch 6|move iciclecrash
|
|switch|p1a: Roselia|Roselia, F|142\/304
|-damage|p1a: Roselia|104\/304|[from] Stealth Rock
|move|p2a: Piloswine|Icicle Crash|p1a: Roselia
|-supereffective|p1a: Roselia
|-damage|p1a: Roselia|0 fnt
|faint|p1a: Roselia
|
|upkeep
|choice|switch 2|
|
|switch|p1a: Barbaracle|Barbaracle, F|285\/285
|-damage|p1a: Barbaracle|250\/285|[from] Stealth Rock
|turn|28
|choice|move razorshell|move earthquake
|
|move|p1a: Barbaracle|Razor Shell|p2a: Piloswine
|-supereffective|p2a: Piloswine
|-damage|p2a: Piloswine|0 fnt
|faint|p2a: Piloswine
|
|upkeep
|choice||switch 6
|
|switch|p2a: Garbodor|Garbodor, F|244\/364
|-damage|p2a: Garbodor|184\/364|[from] Spikes
|turn|29
|choice|switch 3|move seedbomb
|
|switch|p1a: Rhydon|Rhydon, F|298\/414
|-damage|p1a: Rhydon|273\/414|[from] Stealth Rock
|move|p2a: Garbodor|Seed Bomb|p1a: Rhydon
|-supereffective|p1a: Rhydon
|-damage|p1a: Rhydon|149\/414
|
|upkeep
|turn|30
|c|+Gross Sweep|is the rhydon double dance yo!gi!o_o
|c|☆yo!gi!o_o!|no
|choice|move earthquake|switch 4
|
|switch|p2a: Musharna|Musharna, M, shiny|274\/436 tox
|-damage|p2a: Musharna|202\/436 tox|[from] Spikes
|move|p1a: Rhydon|Earthquake|p2a: Musharna
|-damage|p2a: Musharna|78\/436 tox
|
|-damage|p2a: Musharna|51\/436 tox|[from] psn
|upkeep
|turn|31
|choice|move earthquake|move storedpower
|
|move|p1a: Rhydon|Earthquake|p2a: Musharna
|-damage|p2a: Musharna|0 fnt
|faint|p2a: Musharna
|
|upkeep
|c|☆yo!gi!o_o!|gg
|choice||switch 4
|
|switch|p2a: Garbodor|Garbodor, F|184\/364
|-damage|p2a: Garbodor|124\/364|[from] Spikes
|turn|32
|c|+Gross Sweep|trash set then
|c|☆yo!gi!o_o!|its def
|c|%xAnish|SURGEON
|c|☆yo!gi!o_o!|nub
|c|%xAnish|LOSE
|c|%xAnish|YES
|choice|move earthquake|move seedbomb
|
|move|p2a: Garbodor|Seed Bomb|p1a: Rhydon
|-supereffective|p1a: Rhydon
|-damage|p1a: Rhydon|29\/414
|move|p1a: Rhydon|Earthquake|p2a: Garbodor
|-supereffective|p2a: Garbodor
|-damage|p2a: Garbodor|0 fnt
|faint|p2a: Garbodor
|
|win|yo!gi!o_o!</script>
</div>
<div class="battle-log battle-log-inline"><div class="inner"><div class="battle-options"></div><div class="inner"><div class="chat"><small>yo!gi!o_o! joined.</small></div><div class="chat"><small>1✿Surgeon joined.</small></div><div class=""><small>Format:</small> <br><strong>NU</strong></div><div class=""><small><em>Sleep Clause Mod:</em> Limit one foe put to sleep</small></div><div class=""><small><em>Species Clause:</em> Limit one of each Pokémon</small></div><div class=""><small><em>OHKO Clause:</em> OHKO moves are banned</small></div><div class=""><small><em>Moody Clause:</em> Moody is banned</small></div><div class=""><small><em>Evasion Moves Clause:</em> Evasion moves are banned</small></div><div class=""><small><em>Endless Battle Clause:</em> Forcing endless battles is banned</small></div><div class=""><small><em>HP Percentage Mod:</em> HP is shown in percentages</small></div><div class=""><small><em>Swagger Clause:</em> Swagger is banned</small></div><div class=""><small><em>Baton Pass Clause:</em> Limit one Baton Passer, can't pass Spe and other stats simultaneously</small></div><div class="chat battle-history"><strong>yo!gi!o_o!'s team:</strong> <em style="color:#445566;display:block;">Roselia / Barbaracle / Regice / Quagsire / Rotom / Rhydon</em></div><div class="chat battle-history"><strong>1✿Surgeon's team:</strong> <em style="color:#445566;display:block;">Garbodor / Musharna / Hitmonchan / Rotom / Miltank / Piloswine</em></div><div class="chat"><small>Rodroek joined.</small></div><div class="chat chatmessage-1surgeon"><strong style="color:hsl(178,83%,39.20781730184945%)"><small>☆</small><span class="username" data-name="1✿Surgeon">1✿Surgeon</span>:</strong> <em>gimme two secs</em></div><div class="chat chatmessage-1surgeon"><strong style="color:hsl(178,83%,39.20781730184945%)"><small>☆</small><span class="username" data-name="1✿Surgeon">1✿Surgeon</span>:</strong> <em>im finishing that build</em></div><div class="chat chatmessage-1surgeon"><strong style="color:hsl(178,83%,39.20781730184945%)"><small>☆</small><span class="username" data-name="1✿Surgeon">1✿Surgeon</span>:</strong> <em>for anish</em></div><div class="chat chatmessage-1surgeon"><strong style="color:hsl(178,83%,39.20781730184945%)"><small>☆</small><span class="username" data-name="1✿Surgeon">1✿Surgeon</span>:</strong> <em>:x</em></div><div class="chat chatmessage-yogioo"><strong style="color:hsl(113,89%,34.63407077469547%)"><small>☆</small><span class="username" data-name="yo!gi!o_o!">yo!gi!o_o!</span>:</strong> <em>its funny because</em></div><div class="chat chatmessage-1surgeon"><strong style="color:hsl(178,83%,39.20781730184945%)"><small>☆</small><span class="username" data-name="1✿Surgeon">1✿Surgeon</span>:</strong> <em>wont take too long</em></div><div class="chat chatmessage-yogioo"><strong style="color:hsl(113,89%,34.63407077469547%)"><small>☆</small><span class="username" data-name="yo!gi!o_o!">yo!gi!o_o!</span>:</strong> <em>i gave u the advantage</em></div><div class="chat chatmessage-yogioo"><strong style="color:hsl(113,89%,34.63407077469547%)"><small>☆</small><span class="username" data-name="yo!gi!o_o!">yo!gi!o_o!</span>:</strong> <em>so if u lose</em></div><div class="chat chatmessage-yogioo"><strong style="color:hsl(113,89%,34.63407077469547%)"><small>☆</small><span class="username" data-name="yo!gi!o_o!">yo!gi!o_o!</span>:</strong> <em>lel</em></div><div class="chat"><small>Miven☁ joined.</small></div><div class="chat chatmessage-yogioo"><strong style="color:hsl(113,89%,34.63407077469547%)"><small>☆</small><span class="username" data-name="yo!gi!o_o!">yo!gi!o_o!</span>:</strong> <em>actually</em></div><div class="chat chatmessage-yogioo"><strong style="color:hsl(113,89%,34.63407077469547%)"><small>☆</small><span class="username" data-name="yo!gi!o_o!">yo!gi!o_o!</span>:</strong> <em>how tf do i beat this</em></div><div class="chat chatmessage-yogioo"><strong style="color:hsl(113,89%,34.63407077469547%)"><small>☆</small><span class="username" data-name="yo!gi!o_o!">yo!gi!o_o!</span>:</strong> <em>WHY DID I GIVE YOU MY GOD TEAM</em></div><div class="chat chatmessage-miven"><strong style="color:hsl(207,53%,48.70340692364222%)"><small> </small><span class="username" data-name="Miven☁">Miven☁</span>:</strong> <em>Dw yogi you got this</em></div><div class="chat"><small>VelstromMalle joined.</small></div><div class="chat"><small>xAnish joined.</small></div><div class="chat chatmessage-yogioo"><strong style="color:hsl(113,89%,34.63407077469547%)"><small>☆</small><span class="username" data-name="yo!gi!o_o!">yo!gi!o_o!</span>:</strong> <em>i actually don't tho</em></div><div class="chat chatmessage-miven"><strong style="color:hsl(207,53%,48.70340692364222%)"><small> </small><span class="username" data-name="Miven☁">Miven☁</span>:</strong> <em>Just outplay</em></div><div class="chat chatmessage-yogioo"><strong style="color:hsl(113,89%,34.63407077469547%)"><small>☆</small><span class="username" data-name="yo!gi!o_o!">yo!gi!o_o!</span>:</strong> <em>he's cm barrier mush</em></div><div class="chat chatmessage-yogioo"><strong style="color:hsl(113,89%,34.63407077469547%)"><small>☆</small><span class="username" data-name="yo!gi!o_o!">yo!gi!o_o!</span>:</strong> <em>lol</em></div><div class="chat chatmessage-xanish"><span class="message-log">1✿Surgeon was muted by xAnish for 7 minutes. (u suck)</span></div><div class="chat chatmessage-miven"><strong style="color:hsl(207,53%,48.70340692364222%)"><small> </small><span class="username" data-name="Miven☁">Miven☁</span>:</strong> <em>Lmao</em></div><div class="chat chatmessage-yogioo"><strong style="color:hsl(113,89%,34.63407077469547%)"><small>☆</small><span class="username" data-name="yo!gi!o_o!">yo!gi!o_o!</span>:</strong> <em>well</em></div><div class="chat chatmessage-xanish"><strong style="color:hsl(182,56%,44.333333333333336%)"><small>%</small><span class="username" data-name="xAnish">xAnish</span>:</strong> <em>MY LIFE IS COMPLETE</em></div><div class="chat chatmessage-miven"><strong style="color:hsl(207,53%,48.70340692364222%)"><small> </small><span class="username" data-name="Miven☁">Miven☁</span>:</strong> <em>Nvm you loose</em></div><div class="chat chatmessage-yogioo"><strong style="color:hsl(113,89%,34.63407077469547%)"><small>☆</small><span class="username" data-name="yo!gi!o_o!">yo!gi!o_o!</span>:</strong> <em>that happened</em></div><div class="chat chatmessage-xanish"><span class="message-log">1✿Surgeon was unmuted by xAnish.</span></div><div class="chat chatmessage-1surgeon"><strong style="color:hsl(178,83%,39.20781730184945%)"><small>☆</small><span class="username" data-name="1✿Surgeon">1✿Surgeon</span>:</strong> <em>BITCH</em></div><div class="chat chatmessage-1surgeon"><strong style="color:hsl(178,83%,39.20781730184945%)"><small>☆</small><span class="username" data-name="1✿Surgeon">1✿Surgeon</span>:</strong> <em>IM GONNA CHOKE FOR REAL NOW</em></div><div class="chat chatmessage-1surgeon"><strong style="color:hsl(178,83%,39.20781730184945%)"><small>☆</small><span class="username" data-name="1✿Surgeon">1✿Surgeon</span>:</strong> <em>CHOKE U</em></div><div class="chat chatmessage-yogioo"><strong style="color:hsl(113,89%,34.63407077469547%)"><small>☆</small><span class="username" data-name="yo!gi!o_o!">yo!gi!o_o!</span>:</strong> <em>nty I'm not into being choked, i can do that myself</em></div><div class="chat chatmessage-xanish"><strong style="color:hsl(182,56%,44.333333333333336%)"><small>%</small><span class="username" data-name="xAnish">xAnish</span>:</strong> <em>yogi</em></div><div class="chat chatmessage-xanish"><strong style="color:hsl(182,56%,44.333333333333336%)"><small>%</small><span class="username" data-name="xAnish">xAnish</span>:</strong> <em>why is ur team</em></div><div class="chat chatmessage-xanish"><strong style="color:hsl(182,56%,44.333333333333336%)"><small>%</small><span class="username" data-name="xAnish">xAnish</span>:</strong> <em>spikes + zard</em></div><div class="chat chatmessage-xanish"><strong style="color:hsl(182,56%,44.333333333333336%)"><small>%</small><span class="username" data-name="xAnish">xAnish</span>:</strong> <em>wo spin</em></div><div class="chat"><small>Makeishura✬ joined.</small></div><div class="chat chatmessage-yogioo"><strong style="color:hsl(113,89%,34.63407077469547%)"><small>☆</small><span class="username" data-name="yo!gi!o_o!">yo!gi!o_o!</span>:</strong> <em>why does my team have no spinner</em></div><div class="chat chatmessage-yogioo"><strong style="color:hsl(113,89%,34.63407077469547%)"><small>☆</small><span class="username" data-name="yo!gi!o_o!">yo!gi!o_o!</span>:</strong> <em>is the better question</em></div><div class="chat chatmessage-xanish"><strong style="color:hsl(182,56%,44.333333333333336%)"><small>%</small><span class="username" data-name="xAnish">xAnish</span>:</strong> <em>yes</em></div><div class="chat chatmessage-yogioo"><strong style="color:hsl(113,89%,34.63407077469547%)"><small>☆</small><span class="username" data-name="yo!gi!o_o!">yo!gi!o_o!</span>:</strong> <em>and the answer to that is</em></div><div class="chat chatmessage-yogioo"><strong style="color:hsl(113,89%,34.63407077469547%)"><small>☆</small><span class="username" data-name="yo!gi!o_o!">yo!gi!o_o!</span>:</strong> <em>11-1</em></div><div class="chat chatmessage-yogioo"><strong style="color:hsl(113,89%,34.63407077469547%)"><small>☆</small><span class="username" data-name="yo!gi!o_o!">yo!gi!o_o!</span>:</strong> <em>who needs spin</em></div><div class="chat chatmessage-yogioo"><strong style="color:hsl(113,89%,34.63407077469547%)"><small>☆</small><span class="username" data-name="yo!gi!o_o!">yo!gi!o_o!</span>:</strong> <em>amirite</em></div><div class="chat chatmessage-xanish"><strong style="color:hsl(182,56%,44.333333333333336%)"><small>%</small><span class="username" data-name="xAnish">xAnish</span>:</strong> <em>why is sky tank weak</em></div><div class="chat chatmessage-yogioo"><strong style="color:hsl(113,89%,34.63407077469547%)"><small>☆</small><span class="username" data-name="yo!gi!o_o!">yo!gi!o_o!</span>:</strong> <em>whut</em></div><div class="chat chatmessage-xanish"><strong style="color:hsl(182,56%,44.333333333333336%)"><small>%</small><span class="username" data-name="xAnish">xAnish</span>:</strong> <em>it did</em></div><div class="chat chatmessage-xanish"><strong style="color:hsl(182,56%,44.333333333333336%)"><small>%</small><span class="username" data-name="xAnish">xAnish</span>:</strong> <em>20</em></div><div class="chat chatmessage-xanish"><strong style="color:hsl(182,56%,44.333333333333336%)"><small>%</small><span class="username" data-name="xAnish">xAnish</span>:</strong> <em>to rhydon</em></div><div class="chat chatmessage-yogioo"><strong style="color:hsl(113,89%,34.63407077469547%)"><small>☆</small><span class="username" data-name="yo!gi!o_o!">yo!gi!o_o!</span>:</strong> <em>because sd zard</em></div><div class="chat chatmessage-yogioo"><strong style="color:hsl(113,89%,34.63407077469547%)"><small>☆</small><span class="username" data-name="yo!gi!o_o!">yo!gi!o_o!</span>:</strong> <em>is your fighting counter</em></div><div class="chat chatmessage-yogioo"><strong style="color:hsl(113,89%,34.63407077469547%)"><small>☆</small><span class="username" data-name="yo!gi!o_o!">yo!gi!o_o!</span>:</strong> <em>and knock off fodder</em></div><div class="chat chatmessage-1surgeon"><strong style="color:hsl(178,83%,39.20781730184945%)"><small>☆</small><span class="username" data-name="1✿Surgeon">1✿Surgeon</span>:</strong> <em>k im done</em></div><div class="chat chatmessage-velstrommalle"><strong style="color:hsl(358,83%,46%)"><small> </small><span class="username" data-name="VelstromMalle">VelstromMalle</span>:</strong> <em>finally</em></div><div class="chat chatmessage-makeishura"><strong style="color:hsl(6,82%,47%)"><small> </small><span class="username" data-name="Makeishura✬">Makeishura✬</span>:</strong> <em>what kills quag :thinking:</em></div><div class="chat chatmessage-yogioo"><strong style="color:hsl(113,89%,34.63407077469547%)"><small>☆</small><span class="username" data-name="yo!gi!o_o!">yo!gi!o_o!</span>:</strong> <em>mush</em></div><div class="spacer battle-history"><br></div><div class="battle-history">Battle started between yo!gi!o_o! and 1✿Surgeon!<br></div><div class="spacer battle-history"><br></div><div class="battle-history">Go! <strong>Regice</strong>!<br></div><div class="spacer battle-history"><br></div><div class="battle-history">1✿Surgeon sent out <strong>Rotom</strong>!<br></div><div class="spacer battle-history"><br></div><h2 class="battle-history">Turn 1</h2><div class="spacer battle-history"><br></div><div class="battle-history">The opposing Rotom used <strong>Volt Switch</strong>!<br></div><div class="battle-history"><small>(Regice lost <abbr title="−51/352">14.5%</abbr> of its health!)</small><br></div><div class="chat chatmessage-makeishura"><strong style="color:hsl(6,82%,47%)"><small> </small><span class="username" data-name="Makeishura✬">Makeishura✬</span>:</strong> <em>aromatherapy rose</em></div><div class="spacer battle-history"><br></div><div class="battle-history">The opposing Rotom went back to 1✿Surgeon!<br></div><div class="battle-history">1✿Surgeon sent out <strong>Miltank</strong>!<br></div><div class="spacer battle-history"><br></div><div class="battle-history">Regice used <strong>Thunder Wave</strong>!<br></div><div class="battle-history"><small>The opposing Miltank is paralyzed! It may be unable to move!</small><br></div><div class="spacer battle-history"><br></div><div class="battle-history"><small>Regice restored a little HP using its Leftovers!</small><br></div><div class="spacer battle-history"><br></div><h2 class="battle-history">Turn 2</h2><div class="chat chatmessage-makeishura"><strong style="color:hsl(6,82%,47%)"><small> </small><span class="username" data-name="Makeishura✬">Makeishura✬</span>:</strong> <em>ez</em></div><div class="spacer battle-history"><br></div><div class="battle-history">Regice, come back!<br></div><div class="battle-history">Go! <strong>Roselia</strong>!<br></div><div class="spacer battle-history"><br></div><div class="battle-history">The opposing Miltank is paralyzed! It can't move!<br></div><div class="spacer battle-history"><br></div><h2 class="battle-history">Turn 3</h2><div class="chat"><small>VelstromMalle left.</small></div><div class="spacer battle-history"><br></div><div class="battle-history">Roselia used <strong>Spikes</strong>!<br></div><div class="battle-history"><small>Spikes were scattered on the ground all around the opposing team!</small><br></div><div class="spacer battle-history"><br></div><div class="battle-history">The opposing Miltank used <strong>Seismic Toss</strong>!<br></div><div class="battle-history"><small>(Roselia lost <abbr title="−100/304">32.9%</abbr> of its health!)</small><br></div><div class="spacer battle-history"><br></div><h2 class="battle-history">Turn 4</h2><div class="spacer battle-history"><br></div><div class="battle-history">Roselia used <strong>Synthesis</strong>!<br></div><div class="battle-history"><small>Roselia restored its HP.</small><br></div><div class="spacer battle-history"><br></div><div class="battle-history">The opposing Miltank used <strong>Seismic Toss</strong>!<br></div><div class="battle-history"><small>(Roselia lost <abbr title="−100/304">32.9%</abbr> of its health!)</small><br></div><div class="spacer battle-history"><br></div><h2 class="battle-history">Turn 5</h2><div class="chat chatmessage-1surgeon"><strong style="color:hsl(178,83%,39.20781730184945%)"><small>☆</small><span class="username" data-name="1✿Surgeon">1✿Surgeon</span>:</strong> <em>ass</em></div><div class="spacer battle-history"><br></div><div class="battle-history">1✿Surgeon withdrew Miltank!<br></div><div class="battle-history">1✿Surgeon sent out <strong>Hitmonchan</strong>!<br></div><div class="battle-history"><small>The opposing Hitmonchan is hurt by the spikes!</small><br></div><div class="spacer battle-history"><br></div><div class="battle-history">Roselia used <strong>Spikes</strong>!<br></div><div class="battle-history"><small>Spikes were scattered on the ground all around the opposing team!</small><br></div><div class="spacer battle-history"><br></div><h2 class="battle-history">Turn 6</h2><div class="spacer battle-history"><br></div><div class="battle-history">Roselia, come back!<br></div><div class="battle-history">Go! <strong>Rotom</strong>!<br></div><div class="spacer battle-history"><br></div><div class="battle-history">The opposing Hitmonchan used <strong>Ice Punch</strong>!<br></div><div class="battle-history"><small>(Rotom lost <abbr title="−174/241">72.2%</abbr> of its health!)</small><br></div><div class="battle-history"><small>The opposing Hitmonchan lost some of its HP!</small><br></div><div class="spacer battle-history"><br></div><h2 class="battle-history">Turn 7</h2><div class="spacer battle-history"><br></div><div class="battle-history">Rotom used <strong>Volt Switch</strong>!<br></div><div class="battle-history"><small>(The opposing Hitmonchan lost <abbr title="−87/241">36.1%</abbr> of its health!)</small><br></div><div class="spacer battle-history"><br></div><div class="battle-history">Rotom went back to yo!gi!o_o!!<br></div><div class="battle-history">Go! <strong>Quagsire</strong>!<br></div><div class="spacer battle-history"><br></div><div class="battle-history">The opposing Hitmonchan used <strong>Ice Punch</strong>!<br></div><div class="battle-history"><small>(Quagsire lost <abbr title="−104/394">26.4%</abbr> of its health!)</small><br></div><div class="battle-history"><small>The opposing Hitmonchan lost some of its HP!</small><br></div><div class="spacer battle-history"><br></div><div class="battle-history"><small>Quagsire restored a little HP using its Leftovers!</small><br></div><div class="spacer battle-history"><br></div><h2 class="battle-history">Turn 8</h2><div class="spacer battle-history"><br></div><div class="battle-history">The opposing Hitmonchan used <strong>Ice Punch</strong>!<br></div><div class="battle-history"><small>(Quagsire lost <abbr title="−112/394">28.4%</abbr> of its health!)</small><br></div><div class="battle-history"><small>Quagsire was frozen solid!</small><br></div><div class="battle-history"><small>The opposing Hitmonchan lost some of its HP!</small><br></div><div class="battle-history"><small>Quagsire thawed out!</small><br></div><div class="spacer battle-history"><br></div><div class="battle-history">Quagsire used <strong>Toxic</strong>!<br></div><div class="battle-history"><small>The opposing Hitmonchan was badly poisoned!</small><br></div><div class="spacer battle-history"><br></div><div class="battle-history"><small>Quagsire restored a little HP using its Leftovers!</small><br></div><div class="battle-history"><small>The opposing Hitmonchan was hurt by poison!</small><br></div><div class="spacer battle-history"><br></div><h2 class="battle-history">Turn 9</h2><div class="spacer battle-history"><br></div><div class="battle-history">Quagsire, come back!<br></div><div class="battle-history">Go! <strong>Rotom</strong>!<br></div><div class="spacer battle-history"><br></div><div class="battle-history">The opposing Hitmonchan used <strong>Rapid Spin</strong>!<br></div><div class="battle-history"><small>It doesn't affect Rotom...</small><br></div><div class="spacer battle-history"><br></div><div class="battle-history"><small>The opposing Hitmonchan was hurt by poison!</small><br></div><div class="spacer battle-history"><br></div><h2 class="battle-history">Turn 10</h2><div class="chat chatmessage-yogioo"><strong style="color:hsl(113,89%,34.63407077469547%)"><small>☆</small><span class="username" data-name="yo!gi!o_o!">yo!gi!o_o!</span>:</strong> <em>yeh no</em></div><div class="chat chatmessage-1surgeon"><strong style="color:hsl(178,83%,39.20781730184945%)"><small>☆</small><span class="username" data-name="1✿Surgeon">1✿Surgeon</span>:</strong> <em>i was gonna ice punch</em></div><div class="chat chatmessage-1surgeon"><strong style="color:hsl(178,83%,39.20781730184945%)"><small>☆</small><span class="username" data-name="1✿Surgeon">1✿Surgeon</span>:</strong> <em>but i thought u were a pussy</em></div><div class="chat chatmessage-1surgeon"><strong style="color:hsl(178,83%,39.20781730184945%)"><small>☆</small><span class="username" data-name="1✿Surgeon">1✿Surgeon</span>:</strong> <em>:c</em></div><div class="chat chatmessage-yogioo"><strong style="color:hsl(113,89%,34.63407077469547%)"><small>☆</small><span class="username" data-name="yo!gi!o_o!">yo!gi!o_o!</span>:</strong> <em>:c</em></div><div class="spacer battle-history"><br></div><div class="battle-history">Rotom used <strong>Shadow Ball</strong>!<br></div><div class="battle-history"><small>(The opposing Hitmonchan lost <abbr title="−7/241">2.9%</abbr> of its health!)</small><br></div><div class="spacer battle-history"><br></div><div class="battle-history">The opposing Hitmonchan fainted!<br></div><div class="spacer battle-history"><br></div><div class="battle-history">1✿Surgeon sent out <strong>Miltank</strong>!<br></div><div class="battle-history"><small>The opposing Miltank is hurt by the spikes!</small><br></div><div class="spacer battle-history"><br></div><h2 class="battle-history">Turn 11</h2><div class="spacer battle-history"><br></div><div class="battle-history">Rotom, come back!<br></div><div class="battle-history">Go! <strong>Roselia</strong>!<br></div><div class="spacer battle-history"><br></div><div class="battle-history">1✿Surgeon withdrew Miltank!<br></div><div class="battle-history">1✿Surgeon sent out <strong>Garbodor</strong>!<br></div><div class="battle-history"><small>The opposing Garbodor is hurt by the spikes!</small><br></div><div class="spacer battle-history"><br></div><h2 class="battle-history">Turn 12</h2><div class="spacer battle-history"><br></div><div class="battle-history">Roselia, come back!<br></div><div class="battle-history">Go! <strong>Rhydon</strong>!<br></div><div class="spacer battle-history"><br></div><div class="battle-history">The opposing Garbodor used <strong>Gunk Shot</strong>!<br></div><div class="battle-history"><small>Rhydon avoided the attack!</small><br></div><div class="spacer battle-history"><br></div><h2 class="battle-history">Turn 13</h2><div class="spacer battle-history"><br></div><div class="battle-history">1✿Surgeon withdrew Garbodor!<br></div><div class="battle-history">1✿Surgeon sent out <strong>Rotom</strong>!<br></div><div class="spacer battle-history"><br></div><div class="battle-history">Rhydon used <strong>Stone Edge</strong>!<br></div><div class="battle-history"><small>(The opposing Rotom lost <abbr title="−169/242">69.8%</abbr> of its health!)</small><br></div><div class="spacer battle-history"><br></div><h2 class="battle-history">Turn 14</h2><div class="spacer battle-history"><br></div><div class="battle-history">Rhydon, come back!<br></div><div class="battle-history">Go! <strong>Roselia</strong>!<br></div><div class="spacer battle-history"><br></div><div class="battle-history">The opposing Rotom used <strong>Trick</strong>!<br></div><div class="battle-history"><small>The opposing Rotom switched items with its target!</small><br></div><div class="battle-history"><small>Roselia obtained one Choice Scarf.</small><br></div><div class="battle-history"><small>The opposing Rotom obtained one Eviolite.</small><br></div><div class="spacer battle-history"><br></div><h2 class="battle-history">Turn 15</h2><div class="spacer battle-history"><br></div><div class="battle-history">The opposing Rotom used <strong>Shadow Ball</strong>!<br></div><div class="battle-history"><small>(Roselia lost <abbr title="−99/304">32.6%</abbr> of its health!)</small><br></div><div class="spacer battle-history"><br></div><div class="battle-history">Roselia used <strong>Giga Drain</strong>!<br></div><div class="battle-history"><small>(The opposing Rotom lost <abbr title="−73/242">30.2%</abbr> of its health!)</small><br></div><div class="battle-history"><small>The opposing Rotom had its energy drained!</small><br></div><div class="spacer battle-history"><br></div><div class="battle-history">The opposing Rotom fainted!<br></div><div class="spacer battle-history"><br></div><div class="battle-history">1✿Surgeon sent out <strong>Garbodor</strong>!<br></div><div class="battle-history"><small>The opposing Garbodor is hurt by the spikes!</small><br></div><div class="spacer battle-history"><br></div><h2 class="battle-history">Turn 16</h2><div class="spacer battle-history"><br></div><div class="battle-history">Roselia, come back!<br></div><div class="battle-history">Go! <strong>Rhydon</strong>!<br></div><div class="spacer battle-history"><br></div><div class="battle-history">The opposing Garbodor used <strong>Seed Bomb</strong>!<br></div><div class="battle-history"><small>It's super effective!</small><br></div><div class="battle-history"><small>(Rhydon lost <abbr title="−116/414">28.0%</abbr> of its health!)</small><br></div><div class="spacer battle-history"><br></div><h2 class="battle-history">Turn 17</h2><div class="chat"><small>VelstromMalle joined.</small></div><div class="chat chatmessage-1surgeon"><strong style="color:hsl(178,83%,39.20781730184945%)"><small>☆</small><span class="username" data-name="1✿Surgeon">1✿Surgeon</span>:</strong> <em>oh right</em></div><div class="spacer battle-history"><br></div><div class="battle-history">1✿Surgeon withdrew Garbodor!<br></div><div class="battle-history">1✿Surgeon sent out <strong>Piloswine</strong>!<br></div><div class="battle-history"><small>The opposing Piloswine is hurt by the spikes!</small><br></div><div class="spacer battle-history"><br></div><div class="battle-history">Rhydon used <strong>Earthquake</strong>!<br></div><div class="battle-history"><small>(The opposing Piloswine lost <abbr title="−124/391">31.7%</abbr> of its health!)</small><br></div><div class="spacer battle-history"><br></div><h2 class="battle-history">Turn 18</h2><div class="spacer battle-history"><br></div><div class="battle-history">Rhydon, come back!<br></div><div class="battle-history">Go! <strong>Regice</strong>!<br></div><div class="spacer battle-history"><br></div><div class="battle-history">The opposing Piloswine used <strong>Stealth Rock</strong>!<br></div><div class="battle-history"><small>Pointed stones float in the air around your team!</small><br></div><div class="spacer battle-history"><br></div><div class="battle-history"><small>Regice restored a little HP using its Leftovers!</small><br></div><div class="spacer battle-history"><br></div><h2 class="battle-history">Turn 19</h2><div class="spacer battle-history"><br></div><div class="battle-history">1✿Surgeon withdrew Piloswine!<br></div><div class="battle-history">1✿Surgeon sent out <strong>Miltank</strong>!<br></div><div class="battle-history"><small>The opposing Miltank is hurt by the spikes!</small><br></div><div class="spacer battle-history"><br></div><div class="battle-history">Regice used <strong>Focus Blast</strong>!<br></div><div class="battle-history"><small>It's super effective!</small><br></div><div class="battle-history"><small>(The opposing Miltank lost <abbr title="−230/394">58.4%</abbr> of its health!)</small><br></div><div class="spacer battle-history"><br></div><div class="battle-history"><small>Regice restored a little HP using its Leftovers!</small><br></div><div class="battle-history"><small>The opposing Miltank restored a little HP using its Leftovers!</small><br></div><div class="spacer battle-history"><br></div><h2 class="battle-history">Turn 20</h2><div class="chat chatmessage-1surgeon"><strong style="color:hsl(178,83%,39.20781730184945%)"><small>☆</small><span class="username" data-name="1✿Surgeon">1✿Surgeon</span>:</strong> <em>miss</em></div><div class="spacer battle-history"><br></div><div class="battle-history">Regice used <strong>Thunderbolt</strong>!<br></div><div class="battle-history"><small>(The opposing Miltank lost <abbr title="−58/394">14.7%</abbr> of its health!)</small><br></div><div class="spacer battle-history"><br></div><div class="battle-history">The opposing Miltank fainted!<br></div><div class="chat chatmessage-yogioo"><strong style="color:hsl(113,89%,34.63407077469547%)"><small>☆</small><span class="username" data-name="yo!gi!o_o!">yo!gi!o_o!</span>:</strong> <em>n</em></div><div class="chat chatmessage-1surgeon"><strong style="color:hsl(178,83%,39.20781730184945%)"><small>☆</small><span class="username" data-name="1✿Surgeon">1✿Surgeon</span>:</strong> <em>pls</em></div><div class="chat chatmessage-xanish"><strong style="color:hsl(182,56%,44.333333333333336%)"><small>%</small><span class="username" data-name="xAnish">xAnish</span>:</strong> <em>SURGEON IS BAD</em></div><div class="chat chatmessage-1surgeon"><strong style="color:hsl(178,83%,39.20781730184945%)"><small>☆</small><span class="username" data-name="1✿Surgeon">1✿Surgeon</span>:</strong> <em>ur bad</em></div><div class="chat"><small>Gross Sweep joined.</small></div><div class="chat chatmessage-makeishura"><strong style="color:hsl(6,82%,47%)"><small> </small><span class="username" data-name="Makeishura✬">Makeishura✬</span>:</strong> <em>6-0</em></div><div class="chat chatmessage-makeishura"><strong style="color:hsl(6,82%,47%)"><small> </small><span class="username" data-name="Makeishura✬">Makeishura✬</span>:</strong> <em>???</em></div><div class="spacer battle-history"><br></div><div class="battle-history">1✿Surgeon sent out <strong>Musharna</strong>!<br></div><div class="battle-history"><small>The opposing Musharna is hurt by the spikes!</small><br></div><div class="spacer battle-history"><br></div><h2 class="battle-history">Turn 21</h2><div class="chat chatmessage-xanish"><strong style="color:hsl(182,56%,44.333333333333336%)"><small>%</small><span class="username" data-name="xAnish">xAnish</span>:</strong> <em>u suck</em></div><div class="spacer battle-history"><br></div><div class="battle-history">Regice used <strong>Ice Beam</strong>!<br></div><div class="battle-history"><small>(The opposing Musharna lost <abbr title="−145/436">33.3%</abbr> of its health!)</small><br></div><div class="spacer battle-history"><br></div><div class="battle-history">The opposing Musharna used <strong>Calm Mind</strong>!<br></div><div class="battle-history"><small>The opposing Musharna's Special Attack rose!</small><br></div><div class="battle-history"><small>The opposing Musharna's Special Defense rose!</small><br></div><div class="spacer battle-history"><br></div><h2 class="battle-history">Turn 22</h2><div class="chat chatmessage-grosssweep"><strong style="color:hsl(219,85%,52.493347897923805%)"><small>+</small><span class="username" data-name="Gross Sweep">Gross Sweep</span>:</strong> <em>surgeon why aren't u practicing your ru</em></div><div class="chat chatmessage-xanish"><strong style="color:hsl(182,56%,44.333333333333336%)"><small>%</small><span class="username" data-name="xAnish">xAnish</span>:</strong> <em>FREEZE</em></div><div class="spacer battle-history"><br></div><div class="battle-history">Regice, come back!<br></div><div class="battle-history">Go! <strong>Rotom</strong>!<br></div><div class="battle-history"><small>Pointed stones dug into Rotom!</small><br></div><div class="spacer battle-history"><br></div><div class="battle-history">The opposing Musharna used <strong>Stored Power</strong>!<br></div><div class="battle-history"><small>(Rotom lost <abbr title="−37/241">15.4%</abbr> of its health!)</small><br></div><div class="spacer battle-history"><br></div><div class="battle-history">Rotom fainted!<br></div><div class="chat chatmessage-1surgeon"><strong style="color:hsl(178,83%,39.20781730184945%)"><small>☆</small><span class="username" data-name="1✿Surgeon">1✿Surgeon</span>:</strong> <em>im gonna meme</em></div><div class="chat chatmessage-1surgeon"><strong style="color:hsl(178,83%,39.20781730184945%)"><small>☆</small><span class="username" data-name="1✿Surgeon">1✿Surgeon</span>:</strong> <em>thats why</em></div><div class="chat chatmessage-xanish"><strong style="color:hsl(182,56%,44.333333333333336%)"><small>%</small><span class="username" data-name="xAnish">xAnish</span>:</strong> <em>FREEZE</em></div><div class="spacer battle-history"><br></div><div class="battle-history">Go! <strong>Quagsire</strong>!<br></div><div class="battle-history"><small>Pointed stones dug into Quagsire!</small><br></div><div class="spacer battle-history"><br></div><h2 class="battle-history">Turn 23</h2><div class="chat chatmessage-1surgeon"><strong style="color:hsl(178,83%,39.20781730184945%)"><small>☆</small><span class="username" data-name="1✿Surgeon">1✿Surgeon</span>:</strong> <em>unless</em></div><div class="chat chatmessage-1surgeon"><strong style="color:hsl(178,83%,39.20781730184945%)"><small>☆</small><span class="username" data-name="1✿Surgeon">1✿Surgeon</span>:</strong> <em>ull give me</em></div><div class="chat chatmessage-xanish"><strong style="color:hsl(182,56%,44.333333333333336%)"><small>%</small><span class="username" data-name="xAnish">xAnish</span>:</strong> <em>unaware quag</em></div><div class="chat chatmessage-1surgeon"><strong style="color:hsl(178,83%,39.20781730184945%)"><small>☆</small><span class="username" data-name="1✿Surgeon">1✿Surgeon</span>:</strong> <em>that linoone team</em></div><div class="chat chatmessage-1surgeon"><strong style="color:hsl(178,83%,39.20781730184945%)"><small>☆</small><span class="username" data-name="1✿Surgeon">1✿Surgeon</span>:</strong> <em>&lt;3</em></div><div class="spacer battle-history"><br></div><div class="battle-history">The opposing Musharna used <strong>Moonlight</strong>!<br></div><div class="battle-history"><small>The opposing Musharna restored its HP.</small><br></div><div class="spacer battle-history"><br></div><div class="battle-history">Quagsire used <strong>Toxic</strong>!<br></div><div class="battle-history"><small>The opposing Musharna was badly poisoned!</small><br></div><div class="battle-history"><small>[The opposing Musharna's Synchronize]</small><br></div><div class="battle-history"><small>Quagsire was badly poisoned!</small><br></div><div class="spacer battle-history"><br></div><div class="battle-history"><small>Quagsire restored a little HP using its Leftovers!</small><br></div><div class="battle-history"><small>Quagsire was hurt by poison!</small><br></div><div class="battle-history"><small>The opposing Musharna was hurt by poison!</small><br></div><div class="spacer battle-history"><br></div><h2 class="battle-history">Turn 24</h2><div class="chat chatmessage-grosssweep"><strong style="color:hsl(219,85%,52.493347897923805%)"><small>+</small><span class="username" data-name="Gross Sweep">Gross Sweep</span>:</strong> <em>I haven't made it yet</em></div><div class="chat chatmessage-xanish"><strong style="color:hsl(182,56%,44.333333333333336%)"><small>%</small><span class="username" data-name="xAnish">xAnish</span>:</strong> <em>haze that mon</em></div><div class="chat chatmessage-grosssweep"><strong style="color:hsl(219,85%,52.493347897923805%)"><small>+</small><span class="username" data-name="Gross Sweep">Gross Sweep</span>:</strong> <em>but I'll get on it</em></div><div class="spacer battle-history"><br></div><div class="battle-history">The opposing Musharna used <strong>Stored Power</strong>!<br></div><div class="battle-history"><small>(Quagsire lost <abbr title="−108/394">27.4%</abbr> of its health!)</small><br></div><div class="spacer battle-history"><br></div><div class="battle-history">Quagsire used <strong>Recover</strong>!<br></div><div class="battle-history"><small>Quagsire restored its HP.</small><br></div><div class="spacer battle-history"><br></div><div class="battle-history"><small>Quagsire restored a little HP using its Leftovers!</small><br></div><div class="battle-history"><small>Quagsire was hurt by poison!</small><br></div><div class="battle-history"><small>The opposing Musharna was hurt by poison!</small><br></div><div class="spacer battle-history"><br></div><h2 class="battle-history">Turn 25</h2><div class="spacer battle-history"><br></div><div class="battle-history">The opposing Musharna used <strong>Stored Power</strong>!<br></div><div class="battle-history"><small>A critical hit!</small><br></div><div class="battle-history"><small>(Quagsire lost <abbr title="−168/394">42.6%</abbr> of its health!)</small><br></div><div class="spacer battle-history"><br></div><div class="battle-history">Quagsire used <strong>Recover</strong>!<br></div><div class="battle-history"><small>Quagsire restored its HP.</small><br></div><div class="spacer battle-history"><br></div><div class="battle-history"><small>Quagsire restored a little HP using its Leftovers!</small><br></div><div class="battle-history"><small>Quagsire was hurt by poison!</small><br></div><div class="battle-history"><small>The opposing Musharna was hurt by poison!</small><br></div><div class="spacer battle-history"><br></div><h2 class="battle-history">Turn 26</h2><div class="spacer battle-history"><br></div><div class="battle-history">1✿Surgeon withdrew Musharna!<br></div><div class="battle-history">1✿Surgeon sent out <strong>Piloswine</strong>!<br></div><div class="battle-history"><small>The opposing Piloswine is hurt by the spikes!</small><br></div><div class="spacer battle-history"><br></div><div class="battle-history">Quagsire used <strong>Recover</strong>!<br></div><div class="battle-history"><small>Quagsire restored its HP.</small><br></div><div class="spacer battle-history"><br></div><div class="battle-history"><small>Quagsire was hurt by poison!</small><br></div><div class="spacer battle-history"><br></div><h2 class="battle-history">Turn 27</h2><div class="chat chatmessage-xanish"><strong style="color:hsl(182,56%,44.333333333333336%)"><small>%</small><span class="username" data-name="xAnish">xAnish</span>:</strong> <em><span class="greentext">&gt;crit</span></em></div><div class="spacer battle-history"><br></div><div class="battle-history">Quagsire, come back!<br></div><div class="battle-history">Go! <strong>Roselia</strong>!<br></div><div class="battle-history"><small>Pointed stones dug into Roselia!</small><br></div><div class="spacer battle-history"><br></div><div class="battle-history">The opposing Piloswine used <strong>Icicle Crash</strong>!<br></div><div class="battle-history"><small>It's super effective!</small><br></div><div class="battle-history"><small>(Roselia lost <abbr title="−104/304">34.2%</abbr> of its health!)</small><br></div><div class="spacer battle-history"><br></div><div class="battle-history">Roselia fainted!<br></div><div class="spacer battle-history"><br></div><div class="battle-history">Go! <strong>Barbaracle</strong>!<br></div><div class="battle-history"><small>Pointed stones dug into Barbaracle!</small><br></div><div class="spacer battle-history"><br></div><h2 class="battle-history">Turn 28</h2><div class="spacer battle-history"><br></div><div class="battle-history">Barbaracle used <strong>Razor Shell</strong>!<br></div><div class="battle-history"><small>It's super effective!</small><br></div><div class="battle-history"><small>(The opposing Piloswine lost <abbr title="−137/391">35.0%</abbr> of its health!)</small><br></div><div class="spacer battle-history"><br></div><div class="battle-history">The opposing Piloswine fainted!<br></div><div class="spacer battle-history"><br></div><div class="battle-history">1✿Surgeon sent out <strong>Garbodor</strong>!<br></div><div class="battle-history"><small>The opposing Garbodor is hurt by the spikes!</small><br></div><div class="spacer battle-history"><br></div><h2 class="battle-history">Turn 29</h2><div class="spacer battle-history"><br></div><div class="battle-history">Barbaracle, come back!<br></div><div class="battle-history">Go! <strong>Rhydon</strong>!<br></div><div class="battle-history"><small>Pointed stones dug into Rhydon!</small><br></div><div class="spacer battle-history"><br></div><div class="battle-history">The opposing Garbodor used <strong>Seed Bomb</strong>!<br></div><div class="battle-history"><small>It's super effective!</small><br></div><div class="battle-history"><small>(Rhydon lost <abbr title="−124/414">30.0%</abbr> of its health!)</small><br></div><div class="spacer battle-history"><br></div><h2 class="battle-history">Turn 30</h2><div class="chat chatmessage-grosssweep"><strong style="color:hsl(219,85%,52.493347897923805%)"><small>+</small><span class="username" data-name="Gross Sweep">Gross Sweep</span>:</strong> <em>is the rhydon double dance yo!gi!o_o</em></div><div class="chat chatmessage-yogioo"><strong style="color:hsl(113,89%,34.63407077469547%)"><small>☆</small><span class="username" data-name="yo!gi!o_o!">yo!gi!o_o!</span>:</strong> <em>no</em></div><div class="spacer battle-history"><br></div><div class="battle-history">1✿Surgeon withdrew Garbodor!<br></div><div class="battle-history">1✿Surgeon sent out <strong>Musharna</strong>!<br></div><div class="battle-history"><small>The opposing Musharna is hurt by the spikes!</small><br></div><div class="spacer battle-history"><br></div><div class="battle-history">Rhydon used <strong>Earthquake</strong>!<br></div><div class="battle-history"><small>(The opposing Musharna lost <abbr title="−124/436">28.4%</abbr> of its health!)</small><br></div><div class="spacer battle-history"><br></div><div class="battle-history"><small>The opposing Musharna was hurt by poison!</small><br></div><div class="spacer battle-history"><br></div><h2 class="battle-history">Turn 31</h2><div class="spacer battle-history"><br></div><div class="battle-history">Rhydon used <strong>Earthquake</strong>!<br></div><div class="battle-history"><small>(The opposing Musharna lost <abbr title="−51/436">11.7%</abbr> of its health!)</small><br></div><div class="spacer battle-history"><br></div><div class="battle-history">The opposing Musharna fainted!<br></div><div class="chat chatmessage-yogioo"><strong style="color:hsl(113,89%,34.63407077469547%)"><small>☆</small><span class="username" data-name="yo!gi!o_o!">yo!gi!o_o!</span>:</strong> <em>gg</em></div><div class="spacer battle-history"><br></div><div class="battle-history">1✿Surgeon sent out <strong>Garbodor</strong>!<br></div><div class="battle-history"><small>The opposing Garbodor is hurt by the spikes!</small><br></div><div class="spacer battle-history"><br></div><h2 class="battle-history">Turn 32</h2><div class="chat chatmessage-grosssweep"><strong style="color:hsl(219,85%,52.493347897923805%)"><small>+</small><span class="username" data-name="Gross Sweep">Gross Sweep</span>:</strong> <em>trash set then</em></div><div class="chat chatmessage-yogioo"><strong style="color:hsl(113,89%,34.63407077469547%)"><small>☆</small><span class="username" data-name="yo!gi!o_o!">yo!gi!o_o!</span>:</strong> <em>its def</em></div><div class="chat chatmessage-xanish"><strong style="color:hsl(182,56%,44.333333333333336%)"><small>%</small><span class="username" data-name="xAnish">xAnish</span>:</strong> <em>SURGEON</em></div><div class="chat chatmessage-yogioo"><strong style="color:hsl(113,89%,34.63407077469547%)"><small>☆</small><span class="username" data-name="yo!gi!o_o!">yo!gi!o_o!</span>:</strong> <em>nub</em></div><div class="chat chatmessage-xanish"><strong style="color:hsl(182,56%,44.333333333333336%)"><small>%</small><span class="username" data-name="xAnish">xAnish</span>:</strong> <em>LOSE</em></div><div class="chat chatmessage-xanish"><strong style="color:hsl(182,56%,44.333333333333336%)"><small>%</small><span class="username" data-name="xAnish">xAnish</span>:</strong> <em>YES</em></div><div class="spacer battle-history"><br></div><div class="battle-history">The opposing Garbodor used <strong>Seed Bomb</strong>!<br></div><div class="battle-history"><small>It's super effective!</small><br></div><div class="battle-history"><small>(Rhydon lost <abbr title="−120/414">29.0%</abbr> of its health!)</small><br></div><div class="spacer battle-history"><br></div><div class="battle-history">Rhydon used <strong>Earthquake</strong>!<br></div><div class="battle-history"><small>It's super effective!</small><br></div><div class="battle-history"><small>(The opposing Garbodor lost <abbr title="−124/364">34.1%</abbr> of its health!)</small><br></div><div class="spacer battle-history"><br></div><div class="battle-history">The opposing Garbodor fainted!<br></div><div class="spacer battle-history"><br></div><div class="battle-history"><strong>yo!gi!o_o!</strong> won the battle!<br></div></div><div class="inner-preempt"></div></div></div>
</div>
<script>
let daily = Math.floor(Date.now()/1000/60/60/24);document.write('<script src="https://play.pokemonshowdown.com/js/replay-embed.js?version'+daily+'"></'+'script>');
</script>
