<!DOCTYPE html>
<meta charset="utf-8" />
<!-- version 1 -->
<title>NU replay: INKLING4LIFE vs. hugo_cano</title>
<style>
html,body {font-family:Verdana, sans-serif;font-size:10pt;margin:0;padding:0;}body{padding:12px 0;} .battle-log {font-family:Verdana, sans-serif;font-size:10pt;} .battle-log-inline {border:1px solid #AAAAAA;background:#EEF2F5;color:black;max-width:640px;margin:0 auto 80px;padding-bottom:5px;} .battle-log .inner {padding:4px 8px 0px 8px;} .battle-log .inner-preempt {padding:0 8px 4px 8px;} .battle-log .inner-after {margin-top:0.5em;} .battle-log h2 {margin:0.5em -8px;padding:4px 8px;border:1px solid #AAAAAA;background:#E0E7EA;border-left:0;border-right:0;font-family:Verdana, sans-serif;font-size:13pt;} .battle-log .chat {vertical-align:middle;padding:3px 0 3px 0;font-size:8pt;} .battle-log .chat strong {color:#40576A;} .battle-log .chat em {padding:1px 4px 1px 3px;color:#000000;font-style:normal;} .chat.mine {background:rgba(0,0,0,0.05);margin-left:-8px;margin-right:-8px;padding-left:8px;padding-right:8px;} .spoiler {color:#BBBBBB;background:#BBBBBB;padding:0px 3px;} .spoiler:hover, .spoiler:active, .spoiler-shown {color:#000000;background:#E2E2E2;padding:0px 3px;} .spoiler a {color:#BBBBBB;} .spoiler:hover a, .spoiler:active a, .spoiler-shown a {color:#2288CC;} .chat code, .chat .spoiler:hover code, .chat .spoiler:active code, .chat .spoiler-shown code {border:1px solid #C0C0C0;background:#EEEEEE;color:black;padding:0 2px;} .chat .spoiler code {border:1px solid #CCCCCC;background:#CCCCCC;color:#CCCCCC;} .battle-log .rated {padding:3px 4px;} .battle-log .rated strong {color:white;background:#89A;padding:1px 4px;border-radius:4px;} .spacer {margin-top:0.5em;} .message-announce {background:#6688AA;color:white;padding:1px 4px 2px;} .message-announce a, .broadcast-green a, .broadcast-blue a, .broadcast-red a {color:#DDEEFF;} .broadcast-green {background-color:#559955;color:white;padding:2px 4px;} .broadcast-blue {background-color:#6688AA;color:white;padding:2px 4px;} .infobox {border:1px solid #6688AA;padding:2px 4px;} .infobox-limited {max-height:200px;overflow:auto;overflow-x:hidden;} .broadcast-red {background-color:#AA5544;color:white;padding:2px 4px;} .message-learn-canlearn {font-weight:bold;color:#228822;text-decoration:underline;} .message-learn-cannotlearn {font-weight:bold;color:#CC2222;text-decoration:underline;} .message-effect-weak {font-weight:bold;color:#CC2222;} .message-effect-resist {font-weight:bold;color:#6688AA;} .message-effect-immune {font-weight:bold;color:#666666;} .message-learn-list {margin-top:0;margin-bottom:0;} .message-throttle-notice, .message-error {color:#992222;} .message-overflow, .chat small.message-overflow {font-size:0pt;} .message-overflow::before {font-size:9pt;content:'...';} .subtle {color:#3A4A66;}
</style>
<div class="wrapper replay-wrapper" style="max-width:1180px;margin:0 auto">
<input type="hidden" name="replayid" value="nu-570802831" />
<div class="battle"></div><div class="battle-log"></div><div class="replay-controls"></div><div class="replay-controls-2"></div>
<h1 style="font-weight:normal;text-align:center"><strong>NU</strong><br /><a href="http://pokemonshowdown.com/users/inkling4life" class="subtle" target="_blank">INKLING4LIFE</a> vs. <a href="http://pokemonshowdown.com/users/hugocano" class="subtle" target="_blank">hugo_cano</a></h1>
<script type="text/plain" class="battle-log-data">|j|INKLING4LIFE
|j|hugo_cano
|player|p1|INKLING4LIFE|125
|player|p2|hugo_cano|169
|gametype|singles
|gen|6
|tier|NU
|rated
|seed|47753,3459,15027,48119
|rule|Sleep Clause Mod: Limit one foe put to sleep
|rule|Species Clause: Limit one of each Pokémon
|rule|OHKO Clause: OHKO moves are banned
|rule|Moody Clause: Moody is banned
|rule|Evasion Moves Clause: Evasion moves are banned
|rule|Endless Battle Clause: Forcing endless battles is banned
|rule|HP Percentage Mod: HP is shown in percentages
|clearpoke
|poke|p1|Gastrodon, F, shiny|item
|poke|p1|Lanturn, F, shiny|item
|poke|p1|Garbodor, F, shiny|item
|poke|p1|Xatu, F, shiny|item
|poke|p1|Miltank, F, shiny|item
|poke|p1|Grumpig, F, shiny|item
|poke|p2|Mantine, M|item
|poke|p2|Pikachu, F|item
|poke|p2|Gurdurr, F|item
|poke|p2|Audino, F|item
|poke|p2|Mesprit|item
|poke|p2|Rampardos, F|item
|rule|Swagger Clause: Swagger is banned
|rule|Baton Pass Clause: Limit one Baton Passer, can't pass Spe and other stats simultaneously
|teampreview
|choice|team 3, team 2, team 1, team 4, team 5, team 6|team 3, team 2, team 1, team 4, team 5, team 6
|
|start
|switch|p1a: Faeces|Garbodor, F, shiny|363\/363
|switch|p2a: Gurdurr|Gurdurr, F|374\/374
|turn|1
|inactive|Battle timer is ON: inactive players will automatically lose when time's up. (requested by hugo_cano)
|choice|move toxicspikes|move knockoff
|
|move|p1a: Faeces|Toxic Spikes|p2a: Gurdurr
|-sidestart|p2: hugo_cano|move: Toxic Spikes
|move|p2a: Gurdurr|Knock Off|p1a: Faeces
|-crit|p1a: Faeces
|-damage|p1a: Faeces|229\/363
|-damage|p2a: Gurdurr|312\/374|[from] item: Rocky Helmet|[of] p1a: Faeces
|-enditem|p1a: Faeces|Rocky Helmet|[from] move: Knock Off|[of] p2a: Gurdurr
|
|upkeep
|turn|2
|c|☆INKLING4LIFE|turn 1 crit
|c|☆INKLING4LIFE|fair
|choice|move spikes|move drainpunch
|
|move|p1a: Faeces|Spikes|p2a: Gurdurr
|-sidestart|p2: hugo_cano|Spikes
|move|p2a: Gurdurr|Drain Punch|p1a: Faeces
|-resisted|p1a: Faeces
|-damage|p1a: Faeces|181\/363
|-heal|p2a: Gurdurr|336\/374|[from] drain|[of] p1a: Faeces
|
|upkeep
|turn|3
|choice|move spikes|switch 6
|
|switch|p2a: Rampardos|Rampardos, F|335\/335
|-status|p2a: Rampardos|psn
|-damage|p2a: Rampardos|294\/335 psn|[from] Spikes
|move|p1a: Faeces|Spikes|p2a: Rampardos
|-sidestart|p2: hugo_cano|Spikes
|
|-damage|p2a: Rampardos|253\/335 psn|[from] psn
|upkeep
|turn|4
|choice|move seedbomb|move headsmash
|
|move|p2a: Rampardos|Head Smash|p1a: Faeces
|-damage|p1a: Faeces|0 fnt
|-damage|p2a: Rampardos|170\/335 psn|[from] ability: Aftermath|[of] p1a: Faeces
|-damage|p2a: Rampardos|79\/335 psn|[from] recoil|[of] p1a: Faeces
|faint|p1a: Faeces
|
|-damage|p2a: Rampardos|38\/335 psn|[from] psn
|upkeep
|choice|switch 3|
|
|switch|p1a: Slug|Gastrodon, F, shiny|425\/425
|turn|5
|choice|move curse|move headsmash
|
|move|p2a: Rampardos|Head Smash|p1a: Slug
|-resisted|p1a: Slug
|-damage|p1a: Slug|242\/425
|-damage|p2a: Rampardos|0 fnt|[from] recoil|[of] p1a: Slug
|faint|p2a: Rampardos
|move|p1a: Slug|Curse|p1a: Slug
|-unboost|p1a: Slug|spe|1
|-boost|p1a: Slug|atk|1
|-boost|p1a: Slug|def|1
|
|-heal|p1a: Slug|268\/425|[from] item: Leftovers
|upkeep
|choice||switch 3
|
|switch|p2a: Mantine|Mantine, M|330\/330
|turn|6
|choice|switch 2|move scald
|
|switch|p1a: Fish|Lanturn, F, shiny|401\/401
|move|p2a: Mantine|Scald|p1a: Fish
|-resisted|p1a: Fish
|-damage|p1a: Fish|366\/401
|
|-heal|p1a: Fish|391\/401|[from] item: Leftovers
|upkeep
|turn|7
|choice|move toxic|move toxic
|
|move|p1a: Fish|Toxic|p2a: Mantine|[miss]
|-miss|p1a: Fish|p2a: Mantine
|move|p2a: Mantine|Toxic|p1a: Fish
|-status|p1a: Fish|tox
|
|-heal|p1a: Fish|401\/401 tox|[from] item: Leftovers
|-damage|p1a: Fish|376\/401 tox|[from] psn
|upkeep
|turn|8
|c|☆INKLING4LIFE|bs
|c|☆INKLING4LIFE|turn 1 crit
|c|☆INKLING4LIFE|then that
|choice|move voltswitch|switch 6
|
|switch|p2a: Gurdurr|Gurdurr, F|336\/374
|-status|p2a: Gurdurr|psn
|-damage|p2a: Gurdurr|274\/374 psn|[from] Spikes
|move|p1a: Fish|Volt Switch|p2a: Gurdurr
|-damage|p2a: Gurdurr|193\/374 psn
|choice|switch 6|
|
|switch|p1a: Pig|Grumpig, F, shiny|301\/301
|
|-damage|p2a: Gurdurr|147\/374 psn|[from] psn
|upkeep
|turn|9
|choice|move psyshock|move knockoff
|
|move|p1a: Pig|Psyshock|p2a: Gurdurr
|-supereffective|p2a: Gurdurr
|-damage|p2a: Gurdurr|0 fnt
|faint|p2a: Gurdurr
|
|upkeep
|choice||switch 2
|
|switch|p2a: Pikachu|Pikachu, F|211\/211
|-status|p2a: Pikachu|psn
|-damage|p2a: Pikachu|176\/211 psn|[from] Spikes
|turn|10
|choice|switch 2|move knockoff
|
|switch|p1a: Slug|Gastrodon, F, shiny|268\/425
|move|p2a: Pikachu|Knock Off|p1a: Slug
|-crit|p1a: Slug
|-damage|p1a: Slug|24\/425
|-enditem|p1a: Slug|Leftovers|[from] move: Knock Off|[of] p2a: Pikachu
|
|-damage|p2a: Pikachu|150\/211 psn|[from] psn
|upkeep
|turn|11
|c|☆INKLING4LIFE|yet more hax
|choice|move recover|move quickattack
|
|move|p2a: Pikachu|Quick Attack|p1a: Slug
|-damage|p1a: Slug|0 fnt
|faint|p1a: Slug
|
|-damage|p2a: Pikachu|124\/211 psn|[from] psn
|upkeep
|choice|switch 5|
|
|switch|p1a: Cow|Miltank, F, shiny|393\/393
|turn|12
|choice|move stealthrock|move knockoff
|
|move|p2a: Pikachu|Knock Off|p1a: Cow
|-damage|p1a: Cow|306\/393
|-enditem|p1a: Cow|Leftovers|[from] move: Knock Off|[of] p2a: Pikachu
|move|p1a: Cow|Stealth Rock|p2a: Pikachu
|-sidestart|p2: hugo_cano|move: Stealth Rock
|
|-damage|p2a: Pikachu|98\/211 psn|[from] psn
|upkeep
|turn|13
|choice|move bodyslam|move volttackle
|
|move|p2a: Pikachu|Volt Tackle|p1a: Cow
|-damage|p1a: Cow|120\/393
|-status|p1a: Cow|par
|-damage|p2a: Pikachu|37\/211 psn|[from] recoil|[of] p1a: Cow
|move|p1a: Cow|Body Slam|p2a: Pikachu
|-damage|p2a: Pikachu|0 fnt
|faint|p2a: Pikachu
|
|upkeep
|c|☆INKLING4LIFE|and more
|choice||switch 4
|
|switch|p2a: Audino|Audino, F|410\/410
|-status|p2a: Audino|psn
|-damage|p2a: Audino|359\/410 psn|[from] Stealth Rock
|-damage|p2a: Audino|291\/410 psn|[from] Spikes
|turn|14
|choice|move milkdrink|move calmmind mega
|
|detailschange|p2a: Audino|Audino-Mega, F
|-mega|p2a: Audino|Audino|Audinite
|move|p2a: Audino|Calm Mind|p2a: Audino
|-boost|p2a: Audino|spa|1
|-boost|p2a: Audino|spd|1
|move|p1a: Cow|Milk Drink|p1a: Cow
|-heal|p1a: Cow|317\/393 par
|
|-damage|p2a: Audino|240\/410 psn|[from] psn
|upkeep
|turn|15
|choice|switch 2|move calmmind
|
|switch|p1a: Pig|Grumpig, F, shiny|301\/301
|move|p2a: Audino|Calm Mind|p2a: Audino
|-boost|p2a: Audino|spa|1
|-boost|p2a: Audino|spd|1
|
|-damage|p2a: Audino|189\/410 psn|[from] psn
|upkeep
|turn|16
|choice|move calmmind|move wish
|
|move|p1a: Pig|Calm Mind|p1a: Pig
|-boost|p1a: Pig|spa|1
|-boost|p1a: Pig|spd|1
|move|p2a: Audino|Wish|p2a: Audino
|
|-damage|p2a: Audino|138\/410 psn|[from] psn
|upkeep
|turn|17
|choice|move calmmind|move dazzlinggleam
|
|move|p1a: Pig|Calm Mind|p1a: Pig
|-boost|p1a: Pig|spa|1
|-boost|p1a: Pig|spd|1
|move|p2a: Audino|Dazzling Gleam|p1a: Pig
|-damage|p1a: Pig|226\/301
|
|-heal|p2a: Audino|343\/410 psn|[from] move: Wish|[wisher] Audino
|-damage|p2a: Audino|292\/410 psn|[from] psn
|upkeep
|turn|18
|choice|move psyshock|move calmmind
|
|move|p1a: Pig|Psyshock|p2a: Audino
|-damage|p2a: Audino|138\/410 psn
|move|p2a: Audino|Calm Mind|p2a: Audino
|-boost|p2a: Audino|spa|1
|-boost|p2a: Audino|spd|1
|
|-damage|p2a: Audino|87\/410 psn|[from] psn
|upkeep
|turn|19
|choice|move psyshock|move dazzlinggleam
|
|move|p1a: Pig|Psyshock|p2a: Audino
|-damage|p2a: Audino|0 fnt
|faint|p2a: Audino
|
|upkeep
|choice||switch 5
|
|switch|p2a: Mesprit|Mesprit|301\/301
|-damage|p2a: Mesprit|264\/301|[from] Stealth Rock
|turn|20
|choice|move signalbeam|move shadowball
|
|move|p2a: Mesprit|Shadow Ball|p1a: Pig
|-supereffective|p1a: Pig
|-damage|p1a: Pig|146\/301
|move|p1a: Pig|Signal Beam|p2a: Mesprit
|-supereffective|p2a: Mesprit
|-damage|p2a: Mesprit|0 fnt
|faint|p2a: Mesprit
|
|upkeep
|choice||switch 6
|
|switch|p2a: Mantine|Mantine, M|330\/330
|-damage|p2a: Mantine|248\/330|[from] Stealth Rock
|turn|21
|c|☆hugo_cano|gg
|choice|move psyshock|move scald
|
|move|p1a: Pig|Psyshock|p2a: Mantine
|-crit|p2a: Mantine
|-damage|p2a: Mantine|0 fnt
|faint|p2a: Mantine
|
|win|INKLING4LIFE
|raw|INKLING4LIFE's rating: 1040 &rarr; <strong>1084<\/strong><br \/>(+44 for winning)
|raw|hugo_cano's rating: 1151 &rarr; <strong>1118<\/strong><br \/>(-33 for losing)</script>
</div>
<div class="battle-log battle-log-inline"><div class="inner"><div class="battle-options"></div><div class="inner"><div class="chat"><small>INKLING4LIFE joined.</small></div><div class="chat"><small>hugo_cano joined.</small></div><div class=""><small>Format:</small> <br><strong>NU</strong></div><div class="rated"><strong>Rated battle</strong></div><div class=""><small><em>Sleep Clause Mod:</em> Limit one foe put to sleep</small></div><div class=""><small><em>Species Clause:</em> Limit one of each Pokémon</small></div><div class=""><small><em>OHKO Clause:</em> OHKO moves are banned</small></div><div class=""><small><em>Moody Clause:</em> Moody is banned</small></div><div class=""><small><em>Evasion Moves Clause:</em> Evasion moves are banned</small></div><div class=""><small><em>Endless Battle Clause:</em> Forcing endless battles is banned</small></div><div class=""><small><em>HP Percentage Mod:</em> HP is shown in percentages</small></div><div class=""><small><em>Swagger Clause:</em> Swagger is banned</small></div><div class=""><small><em>Baton Pass Clause:</em> Limit one Baton Passer, can't pass Spe and other stats simultaneously</small></div><div class="chat battle-history"><strong>INKLING4LIFE's team:</strong> <em style="color:#445566;display:block;">Gastrodon / Lanturn / Garbodor / Xatu / Miltank / Grumpig</em></div><div class="chat battle-history"><strong>hugo_cano's team:</strong> <em style="color:#445566;display:block;">Mantine / Pikachu / Gurdurr / Audino / Mesprit / Rampardos</em></div><div class="spacer battle-history"><br></div><div class="battle-history">Battle started between INKLING4LIFE and hugo_cano!<br></div><div class="spacer battle-history"><br></div><div class="battle-history">Go! Faeces (<strong>Garbodor</strong>)!<br></div><div class="spacer battle-history"><br></div><div class="battle-history">hugo_cano sent out <strong>Gurdurr</strong>!<br></div><div class="spacer battle-history"><br></div><h2 class="battle-history">Turn 1</h2><div class="chat message-error">Battle timer is ON: inactive players will automatically lose when time's up. (requested by hugo_cano)</div><div class="spacer battle-history"><br></div><div class="battle-history">Faeces used <strong>Toxic Spikes</strong>!<br></div><div class="battle-history"><small>Poison spikes were scattered on the ground all around the opposing team!</small><br></div><div class="spacer battle-history"><br></div><div class="battle-history">The opposing Gurdurr used <strong>Knock Off</strong>!<br></div><div class="battle-history"><small>A critical hit!</small><br></div><div class="battle-history"><small>(Faeces lost <abbr title="−134/363">36.9%</abbr> of its health!)</small><br></div><div class="battle-history"><small>The opposing Gurdurr was hurt by the Rocky Helmet!</small><br></div><div class="battle-history"><small>The opposing Gurdurr knocked off Faeces's Rocky Helmet!</small><br></div><div class="spacer battle-history"><br></div><h2 class="battle-history">Turn 2</h2><div class="chat chatmessage-inkling4life"><strong style="color:hsl(98,45%,44.624975229317045%)"><small>☆</small><span class="username" data-name="INKLING4LIFE">INKLING4LIFE</span>:</strong> <em>turn 1 crit</em></div><div class="chat chatmessage-inkling4life"><strong style="color:hsl(98,45%,44.624975229317045%)"><small>☆</small><span class="username" data-name="INKLING4LIFE">INKLING4LIFE</span>:</strong> <em>fair</em></div><div class="spacer battle-history"><br></div><div class="battle-history">Faeces used <strong>Spikes</strong>!<br></div><div class="battle-history"><small>Spikes were scattered on the ground all around the opposing team!</small><br></div><div class="spacer battle-history"><br></div><div class="battle-history">The opposing Gurdurr used <strong>Drain Punch</strong>!<br></div><div class="battle-history"><small>It's not very effective...</small><br></div><div class="battle-history"><small>(Faeces lost <abbr title="−48/363">13.2%</abbr> of its health!)</small><br></div><div class="battle-history"><small>Faeces had its energy drained!</small><br></div><div class="spacer battle-history"><br></div><h2 class="battle-history">Turn 3</h2><div class="spacer battle-history"><br></div><div class="battle-history">hugo_cano withdrew Gurdurr!<br></div><div class="battle-history">hugo_cano sent out <strong>Rampardos</strong>!<br></div><div class="battle-history"><small>The opposing Rampardos was poisoned!</small><br></div><div class="battle-history"><small>The opposing Rampardos is hurt by the spikes!</small><br></div><div class="spacer battle-history"><br></div><div class="battle-history">Faeces used <strong>Spikes</strong>!<br></div><div class="battle-history"><small>Spikes were scattered on the ground all around the opposing team!</small><br></div><div class="spacer battle-history"><br></div><div class="battle-history"><small>The opposing Rampardos was hurt by poison!</small><br></div><div class="spacer battle-history"><br></div><h2 class="battle-history">Turn 4</h2><div class="spacer battle-history"><br></div><div class="battle-history">The opposing Rampardos used <strong>Head Smash</strong>!<br></div><div class="battle-history"><small>(Faeces lost <abbr title="−181/363">49.9%</abbr> of its health!)</small><br></div><div class="battle-history"><small>[Faeces's Aftermath]</small><br><small>The opposing Rampardos is hurt!</small><br></div><div class="battle-history"><small>The opposing Rampardos is damaged by the recoil!</small><br></div><div class="spacer battle-history"><br></div><div class="battle-history">Faeces fainted!<br></div><div class="spacer battle-history"><br></div><div class="battle-history"><small>The opposing Rampardos was hurt by poison!</small><br></div><div class="spacer battle-history"><br></div><div class="battle-history">Go! Slug (<strong>Gastrodon</strong>)!<br></div><div class="spacer battle-history"><br></div><h2 class="battle-history">Turn 5</h2><div class="spacer battle-history"><br></div><div class="battle-history">The opposing Rampardos used <strong>Head Smash</strong>!<br></div><div class="battle-history"><small>It's not very effective...</small><br></div><div class="battle-history"><small>(Slug lost <abbr title="−183/425">43.1%</abbr> of its health!)</small><br></div><div class="battle-history"><small>The opposing Rampardos is damaged by the recoil!</small><br></div><div class="spacer battle-history"><br></div><div class="battle-history">The opposing Rampardos fainted!<br></div><div class="battle-history">Slug used <strong>Curse</strong>!<br></div><div class="battle-history"><small>Slug's Speed fell!</small><br></div><div class="battle-history"><small>Slug's Attack rose!</small><br></div><div class="battle-history"><small>Slug's Defense rose!</small><br></div><div class="spacer battle-history"><br></div><div class="battle-history"><small>Slug restored a little HP using its Leftovers!</small><br></div><div class="spacer battle-history"><br></div><div class="battle-history">hugo_cano sent out <strong>Mantine</strong>!<br></div><div class="spacer battle-history"><br></div><h2 class="battle-history">Turn 6</h2><div class="spacer battle-history"><br></div><div class="battle-history">Slug, come back!<br></div><div class="battle-history">Go! Fish (<strong>Lanturn</strong>)!<br></div><div class="spacer battle-history"><br></div><div class="battle-history">The opposing Mantine used <strong>Scald</strong>!<br></div><div class="battle-history"><small>It's not very effective...</small><br></div><div class="battle-history"><small>(Fish lost <abbr title="−35/401">8.7%</abbr> of its health!)</small><br></div><div class="spacer battle-history"><br></div><div class="battle-history"><small>Fish restored a little HP using its Leftovers!</small><br></div><div class="spacer battle-history"><br></div><h2 class="battle-history">Turn 7</h2><div class="spacer battle-history"><br></div><div class="battle-history">Fish used <strong>Toxic</strong>!<br></div><div class="battle-history"><small>The opposing Mantine avoided the attack!</small><br></div><div class="spacer battle-history"><br></div><div class="battle-history">The opposing Mantine used <strong>Toxic</strong>!<br></div><div class="battle-history"><small>Fish was badly poisoned!</small><br></div><div class="spacer battle-history"><br></div><div class="battle-history"><small>Fish restored a little HP using its Leftovers!</small><br></div><div class="battle-history"><small>Fish was hurt by poison!</small><br></div><div class="spacer battle-history"><br></div><h2 class="battle-history">Turn 8</h2><div class="chat chatmessage-inkling4life"><strong style="color:hsl(98,45%,44.624975229317045%)"><small>☆</small><span class="username" data-name="INKLING4LIFE">INKLING4LIFE</span>:</strong> <em>bs</em></div><div class="chat chatmessage-inkling4life"><strong style="color:hsl(98,45%,44.624975229317045%)"><small>☆</small><span class="username" data-name="INKLING4LIFE">INKLING4LIFE</span>:</strong> <em>turn 1 crit</em></div><div class="chat chatmessage-inkling4life"><strong style="color:hsl(98,45%,44.624975229317045%)"><small>☆</small><span class="username" data-name="INKLING4LIFE">INKLING4LIFE</span>:</strong> <em>then that</em></div><div class="spacer battle-history"><br></div><div class="battle-history">hugo_cano withdrew Mantine!<br></div><div class="battle-history">hugo_cano sent out <strong>Gurdurr</strong>!<br></div><div class="battle-history"><small>The opposing Gurdurr was poisoned!</small><br></div><div class="battle-history"><small>The opposing Gurdurr is hurt by the spikes!</small><br></div><div class="spacer battle-history"><br></div><div class="battle-history">Fish used <strong>Volt Switch</strong>!<br></div><div class="battle-history"><small>(The opposing Gurdurr lost <abbr title="−81/374">21.7%</abbr> of its health!)</small><br></div><div class="spacer battle-history"><br></div><div class="battle-history">Fish went back to INKLING4LIFE!<br></div><div class="battle-history">Go! Pig (<strong>Grumpig</strong>)!<br></div><div class="spacer battle-history"><br></div><div class="battle-history"><small>The opposing Gurdurr was hurt by poison!</small><br></div><div class="spacer battle-history"><br></div><h2 class="battle-history">Turn 9</h2><div class="spacer battle-history"><br></div><div class="battle-history">Pig used <strong>Psyshock</strong>!<br></div><div class="battle-history"><small>It's super effective!</small><br></div><div class="battle-history"><small>(The opposing Gurdurr lost <abbr title="−147/374">39.3%</abbr> of its health!)</small><br></div><div class="spacer battle-history"><br></div><div class="battle-history">The opposing Gurdurr fainted!<br></div><div class="spacer battle-history"><br></div><div class="battle-history">hugo_cano sent out <strong>Pikachu</strong>!<br></div><div class="battle-history"><small>The opposing Pikachu was poisoned!</small><br></div><div class="battle-history"><small>The opposing Pikachu is hurt by the spikes!</small><br></div><div class="spacer battle-history"><br></div><h2 class="battle-history">Turn 10</h2><div class="spacer battle-history"><br></div><div class="battle-history">Pig, come back!<br></div><div class="battle-history">Go! Slug (<strong>Gastrodon</strong>)!<br></div><div class="spacer battle-history"><br></div><div class="battle-history">The opposing Pikachu used <strong>Knock Off</strong>!<br></div><div class="battle-history"><small>A critical hit!</small><br></div><div class="battle-history"><small>(Slug lost <abbr title="−244/425">57.4%</abbr> of its health!)</small><br></div><div class="battle-history"><small>The opposing Pikachu knocked off Slug's Leftovers!</small><br></div><div class="spacer battle-history"><br></div><div class="battle-history"><small>The opposing Pikachu was hurt by poison!</small><br></div><div class="spacer battle-history"><br></div><h2 class="battle-history">Turn 11</h2><div class="chat chatmessage-inkling4life"><strong style="color:hsl(98,45%,44.624975229317045%)"><small>☆</small><span class="username" data-name="INKLING4LIFE">INKLING4LIFE</span>:</strong> <em>yet more hax</em></div><div class="spacer battle-history"><br></div><div class="battle-history">The opposing Pikachu used <strong>Quick Attack</strong>!<br></div><div class="battle-history"><small>(Slug lost <abbr title="−24/425">5.6%</abbr> of its health!)</small><br></div><div class="spacer battle-history"><br></div><div class="battle-history">Slug fainted!<br></div><div class="spacer battle-history"><br></div><div class="battle-history"><small>The opposing Pikachu was hurt by poison!</small><br></div><div class="spacer battle-history"><br></div><div class="battle-history">Go! Cow (<strong>Miltank</strong>)!<br></div><div class="spacer battle-history"><br></div><h2 class="battle-history">Turn 12</h2><div class="spacer battle-history"><br></div><div class="battle-history">The opposing Pikachu used <strong>Knock Off</strong>!<br></div><div class="battle-history"><small>(Cow lost <abbr title="−87/393">22.1%</abbr> of its health!)</small><br></div><div class="battle-history"><small>The opposing Pikachu knocked off Cow's Leftovers!</small><br></div><div class="spacer battle-history"><br></div><div class="battle-history">Cow used <strong>Stealth Rock</strong>!<br></div><div class="battle-history"><small>Pointed stones float in the air around the opposing team!</small><br></div><div class="spacer battle-history"><br></div><div class="battle-history"><small>The opposing Pikachu was hurt by poison!</small><br></div><div class="spacer battle-history"><br></div><h2 class="battle-history">Turn 13</h2><div class="spacer battle-history"><br></div><div class="battle-history">The opposing Pikachu used <strong>Volt Tackle</strong>!<br></div><div class="battle-history"><small>(Cow lost <abbr title="−186/393">47.3%</abbr> of its health!)</small><br></div><div class="battle-history"><small>Cow is paralyzed! It may be unable to move!</small><br></div><div class="battle-history"><small>The opposing Pikachu is damaged by the recoil!</small><br></div><div class="spacer battle-history"><br></div><div class="battle-history">Cow used <strong>Body Slam</strong>!<br></div><div class="battle-history"><small>(The opposing Pikachu lost <abbr title="−37/211">17.5%</abbr> of its health!)</small><br></div><div class="spacer battle-history"><br></div><div class="battle-history">The opposing Pikachu fainted!<br></div><div class="chat chatmessage-inkling4life"><strong style="color:hsl(98,45%,44.624975229317045%)"><small>☆</small><span class="username" data-name="INKLING4LIFE">INKLING4LIFE</span>:</strong> <em>and more</em></div><div class="spacer battle-history"><br></div><div class="battle-history">hugo_cano sent out <strong>Audino</strong>!<br></div><div class="battle-history"><small>The opposing Audino was poisoned!</small><br></div><div class="battle-history"><small>Pointed stones dug into the opposing Audino!</small><br></div><div class="battle-history"><small>The opposing Audino is hurt by the spikes!</small><br></div><div class="spacer battle-history"><br></div><h2 class="battle-history">Turn 14</h2><div class="spacer battle-history"><br></div><div class="battle-history"><small>The opposing Audino's Audinite is reacting to hugo_cano's Mega Bracelet!</small><br>The opposing Audino has Mega Evolved into Mega Audino!<br></div><div class="spacer battle-history"><br></div><div class="battle-history">The opposing Audino used <strong>Calm Mind</strong>!<br></div><div class="battle-history"><small>The opposing Audino's Special Attack rose!</small><br></div><div class="battle-history"><small>The opposing Audino's Special Defense rose!</small><br></div><div class="spacer battle-history"><br></div><div class="battle-history">Cow used <strong>Milk Drink</strong>!<br></div><div class="battle-history"><small>Cow restored its HP.</small><br></div><div class="spacer battle-history"><br></div><div class="battle-history"><small>The opposing Audino was hurt by poison!</small><br></div><div class="spacer battle-history"><br></div><h2 class="battle-history">Turn 15</h2><div class="spacer battle-history"><br></div><div class="battle-history">Cow, come back!<br></div><div class="battle-history">Go! Pig (<strong>Grumpig</strong>)!<br></div><div class="spacer battle-history"><br></div><div class="battle-history">The opposing Audino used <strong>Calm Mind</strong>!<br></div><div class="battle-history"><small>The opposing Audino's Special Attack rose!</small><br></div><div class="battle-history"><small>The opposing Audino's Special Defense rose!</small><br></div><div class="spacer battle-history"><br></div><div class="battle-history"><small>The opposing Audino was hurt by poison!</small><br></div><div class="spacer battle-history"><br></div><h2 class="battle-history">Turn 16</h2><div class="spacer battle-history"><br></div><div class="battle-history">Pig used <strong>Calm Mind</strong>!<br></div><div class="battle-history"><small>Pig's Special Attack rose!</small><br></div><div class="battle-history"><small>Pig's Special Defense rose!</small><br></div><div class="spacer battle-history"><br></div><div class="battle-history">The opposing Audino used <strong>Wish</strong>!<br></div><div class="spacer battle-history"><br></div><div class="battle-history"><small>The opposing Audino was hurt by poison!</small><br></div><div class="spacer battle-history"><br></div><h2 class="battle-history">Turn 17</h2><div class="spacer battle-history"><br></div><div class="battle-history">Pig used <strong>Calm Mind</strong>!<br></div><div class="battle-history"><small>Pig's Special Attack rose!</small><br></div><div class="battle-history"><small>Pig's Special Defense rose!</small><br></div><div class="spacer battle-history"><br></div><div class="battle-history">The opposing Audino used <strong>Dazzling Gleam</strong>!<br></div><div class="battle-history"><small>(Pig lost <abbr title="−75/301">24.9%</abbr> of its health!)</small><br></div><div class="spacer battle-history"><br></div><div class="battle-history"><small>Audino's wish came true!</small><br></div><div class="battle-history"><small>The opposing Audino was hurt by poison!</small><br></div><div class="spacer battle-history"><br></div><h2 class="battle-history">Turn 18</h2><div class="spacer battle-history"><br></div><div class="battle-history">Pig used <strong>Psyshock</strong>!<br></div><div class="battle-history"><small>(The opposing Audino lost <abbr title="−154/410">37.6%</abbr> of its health!)</small><br></div><div class="spacer battle-history"><br></div><div class="battle-history">The opposing Audino used <strong>Calm Mind</strong>!<br></div><div class="battle-history"><small>The opposing Audino's Special Attack rose!</small><br></div><div class="battle-history"><small>The opposing Audino's Special Defense rose!</small><br></div><div class="spacer battle-history"><br></div><div class="battle-history"><small>The opposing Audino was hurt by poison!</small><br></div><div class="spacer battle-history"><br></div><h2 class="battle-history">Turn 19</h2><div class="spacer battle-history"><br></div><div class="battle-history">Pig used <strong>Psyshock</strong>!<br></div><div class="battle-history"><small>(The opposing Audino lost <abbr title="−87/410">21.2%</abbr> of its health!)</small><br></div><div class="spacer battle-history"><br></div><div class="battle-history">The opposing Audino fainted!<br></div><div class="spacer battle-history"><br></div><div class="battle-history">hugo_cano sent out <strong>Mesprit</strong>!<br></div><div class="battle-history"><small>Pointed stones dug into the opposing Mesprit!</small><br></div><div class="spacer battle-history"><br></div><h2 class="battle-history">Turn 20</h2><div class="spacer battle-history"><br></div><div class="battle-history">The opposing Mesprit used <strong>Shadow Ball</strong>!<br></div><div class="battle-history"><small>It's super effective!</small><br></div><div class="battle-history"><small>(Pig lost <abbr title="−80/301">26.6%</abbr> of its health!)</small><br></div><div class="spacer battle-history"><br></div><div class="battle-history">Pig used <strong>Signal Beam</strong>!<br></div><div class="battle-history"><small>It's super effective!</small><br></div><div class="battle-history"><small>(The opposing Mesprit lost <abbr title="−264/301">87.7%</abbr> of its health!)</small><br></div><div class="spacer battle-history"><br></div><div class="battle-history">The opposing Mesprit fainted!<br></div><div class="spacer battle-history"><br></div><div class="battle-history">hugo_cano sent out <strong>Mantine</strong>!<br></div><div class="battle-history"><small>Pointed stones dug into the opposing Mantine!</small><br></div><div class="spacer battle-history"><br></div><h2 class="battle-history">Turn 21</h2><div class="chat chatmessage-hugocano"><strong style="color:hsl(102,67%,39.26184650019812%)"><small>☆</small><span class="username" data-name="hugo_cano">hugo_cano</span>:</strong> <em>gg</em></div><div class="spacer battle-history"><br></div><div class="battle-history">Pig used <strong>Psyshock</strong>!<br></div><div class="battle-history"><small>A critical hit!</small><br></div><div class="battle-history"><small>(The opposing Mantine lost <abbr title="−248/330">75.2%</abbr> of its health!)</small><br></div><div class="spacer battle-history"><br></div><div class="battle-history">The opposing Mantine fainted!<br></div><div class="spacer battle-history"><br></div><div class="battle-history"><strong>INKLING4LIFE</strong> won the battle!<br></div><div class="chat">INKLING4LIFE's rating: 1040 → <strong>1084</strong><br>(+44 for winning)</div><div class="chat">hugo_cano's rating: 1151 → <strong>1118</strong><br>(-33 for losing)</div></div><div class="inner-preempt"></div></div></div>
</div>
<script>
let daily = Math.floor(Date.now()/1000/60/60/24);document.write('<script src="https://play.pokemonshowdown.com/js/replay-embed.js?version'+daily+'"></'+'script>');
</script>
