<!DOCTYPE html>
<meta charset="utf-8" />
<!-- version 1 -->
<title>NU replay: Juya vs. Mako_Trainer</title>
<style>
html,body {font-family:Verdana, sans-serif;font-size:10pt;margin:0;padding:0;}body{padding:12px 0;} .battle-log {font-family:Verdana, sans-serif;font-size:10pt;} .battle-log-inline {border:1px solid #AAAAAA;background:#EEF2F5;color:black;max-width:640px;margin:0 auto 80px;padding-bottom:5px;} .battle-log .inner {padding:4px 8px 0px 8px;} .battle-log .inner-preempt {padding:0 8px 4px 8px;} .battle-log .inner-after {margin-top:0.5em;} .battle-log h2 {margin:0.5em -8px;padding:4px 8px;border:1px solid #AAAAAA;background:#E0E7EA;border-left:0;border-right:0;font-family:Verdana, sans-serif;font-size:13pt;} .battle-log .chat {vertical-align:middle;padding:3px 0 3px 0;font-size:8pt;} .battle-log .chat strong {color:#40576A;} .battle-log .chat em {padding:1px 4px 1px 3px;color:#000000;font-style:normal;} .chat.mine {background:rgba(0,0,0,0.05);margin-left:-8px;margin-right:-8px;padding-left:8px;padding-right:8px;} .spoiler {color:#BBBBBB;background:#BBBBBB;padding:0px 3px;} .spoiler:hover, .spoiler:active, .spoiler-shown {color:#000000;background:#E2E2E2;padding:0px 3px;} .spoiler a {color:#BBBBBB;} .spoiler:hover a, .spoiler:active a, .spoiler-shown a {color:#2288CC;} .chat code, .chat .spoiler:hover code, .chat .spoiler:active code, .chat .spoiler-shown code {border:1px solid #C0C0C0;background:#EEEEEE;color:black;padding:0 2px;} .chat .spoiler code {border:1px solid #CCCCCC;background:#CCCCCC;color:#CCCCCC;} .battle-log .rated {padding:3px 4px;} .battle-log .rated strong {color:white;background:#89A;padding:1px 4px;border-radius:4px;} .spacer {margin-top:0.5em;} .message-announce {background:#6688AA;color:white;padding:1px 4px 2px;} .message-announce a, .broadcast-green a, .broadcast-blue a, .broadcast-red a {color:#DDEEFF;} .broadcast-green {background-color:#559955;color:white;padding:2px 4px;} .broadcast-blue {background-color:#6688AA;color:white;padding:2px 4px;} .infobox {border:1px solid #6688AA;padding:2px 4px;} .infobox-limited {max-height:200px;overflow:auto;overflow-x:hidden;} .broadcast-red {background-color:#AA5544;color:white;padding:2px 4px;} .message-learn-canlearn {font-weight:bold;color:#228822;text-decoration:underline;} .message-learn-cannotlearn {font-weight:bold;color:#CC2222;text-decoration:underline;} .message-effect-weak {font-weight:bold;color:#CC2222;} .message-effect-resist {font-weight:bold;color:#6688AA;} .message-effect-immune {font-weight:bold;color:#666666;} .message-learn-list {margin-top:0;margin-bottom:0;} .message-throttle-notice, .message-error {color:#992222;} .message-overflow, .chat small.message-overflow {font-size:0pt;} .message-overflow::before {font-size:9pt;content:'...';} .subtle {color:#3A4A66;}
</style>
<div class="wrapper replay-wrapper" style="max-width:1180px;margin:0 auto">
<input type="hidden" name="replayid" value="nu-536086372" />
<div class="battle"></div><div class="battle-log"></div><div class="replay-controls"></div><div class="replay-controls-2"></div>
<h1 style="font-weight:normal;text-align:center"><strong>NU</strong><br /><a href="http://pokemonshowdown.com/users/juya" class="subtle" target="_blank">Juya</a> vs. <a href="http://pokemonshowdown.com/users/makotrainer" class="subtle" target="_blank">Mako_Trainer</a></h1>
<script type="text/plain" class="battle-log-data">|j|Juya
|j|Mako_Trainer
|player|p1|Juya|96
|player|p2|Mako_Trainer|154
|gametype|singles
|gen|6
|tier|NU
|rated
|seed|30137,19142,61969,24571
|rule|Sleep Clause Mod: Limit one foe put to sleep
|rule|Species Clause: Limit one of each Pokémon
|rule|OHKO Clause: OHKO moves are banned
|rule|Moody Clause: Moody is banned
|rule|Evasion Moves Clause: Evasion moves are banned
|rule|Endless Battle Clause: Forcing endless battles is banned
|rule|HP Percentage Mod: HP is shown in percentages
|clearpoke
|poke|p1|Tauros, M|item
|poke|p1|Charizard, F|item
|poke|p1|Octillery, F|item
|poke|p1|Slaking, M|item
|poke|p1|Dusknoir, F|item
|poke|p1|Weezing, F|item
|poke|p2|Liepard, M|item
|poke|p2|Victreebel, M|item
|poke|p2|Magmortar, M|item
|poke|p2|Claydol|item
|poke|p2|Gastrodon, M|item
|poke|p2|Zangoose, F|item
|rule|Swagger Clause: Swagger is banned
|rule|Baton Pass Clause: Limit one Baton Passer, can't pass Spe and other stats simultaneously
|teampreview
|choice|team 6, team 2, team 3, team 4, team 5, team 1|team 1, team 2, team 3, team 4, team 5, team 6
|
|start
|switch|p1a: Weezing|Weezing, F|334\/334
|switch|p2a: Catwoman|Liepard, M|269\/269
|turn|1
|choice|move sludgebomb|move fakeout
|
|move|p2a: Catwoman|Fake Out|p1a: Weezing
|-crit|p1a: Weezing
|-damage|p1a: Weezing|290\/334
|cant|p1a: Weezing|flinch
|
|upkeep
|turn|2
|choice|move sludgebomb|move sunnyday
|
|move|p2a: Catwoman|Sunny Day|p2a: Catwoman
|-weather|SunnyDay
|move|p1a: Weezing|Sludge Bomb|p2a: Catwoman
|-damage|p2a: Catwoman|26\/269
|
|-weather|SunnyDay|[upkeep]
|upkeep
|turn|3
|choice|move sludgebomb|move knockoff
|
|move|p2a: Catwoman|Knock Off|p1a: Weezing
|-damage|p1a: Weezing|176\/334
|-enditem|p1a: Weezing|Custap Berry|[from] move: Knock Off|[of] p2a: Catwoman
|move|p1a: Weezing|Sludge Bomb|p2a: Catwoman
|-damage|p2a: Catwoman|0 fnt
|faint|p2a: Catwoman
|
|-weather|SunnyDay|[upkeep]
|upkeep
|choice||switch 2
|
|switch|p2a: Victory|Victreebel, M|301\/301
|turn|4
|choice|move explosion|move weatherball
|
|move|p2a: Victory|Weather Ball|p1a: Weezing
|-damage|p1a: Weezing|0 fnt
|faint|p1a: Weezing
|
|-weather|SunnyDay|[upkeep]
|upkeep
|choice|switch 2|
|
|switch|p1a: Charizard|Charizard, F|297\/297
|turn|5
|choice|move flareblitz|move sludgebomb
|
|move|p2a: Victory|Sludge Bomb|p1a: Charizard
|-damage|p1a: Charizard|141\/297
|-status|p1a: Charizard|psn
|move|p1a: Charizard|Flare Blitz|p2a: Victory
|-supereffective|p2a: Victory
|-damage|p2a: Victory|0 fnt
|-damage|p1a: Charizard|42\/297 psn|[from] recoil|[of] p2a: Victory
|faint|p2a: Victory
|
|-weather|SunnyDay|[upkeep]
|-damage|p1a: Charizard|5\/297 psn|[from] psn
|upkeep
|choice||switch 6
|
|switch|p2a: Scratchy|Zangoose, F|287\/287
|turn|6
|choice|move brickbreak|move quickattack
|
|move|p2a: Scratchy|Quick Attack|p1a: Charizard
|-damage|p1a: Charizard|0 fnt
|faint|p1a: Charizard
|
|-weather|SunnyDay|[upkeep]
|-status|p2a: Scratchy|tox|[from] item: Toxic Orb
|upkeep
|choice|switch 4|
|
|switch|p1a: Slaking|Slaking, M|441\/441
|turn|7
|choice|move hammerarm|switch 4
|
|switch|p2a: Baby|Claydol|324\/324
|move|p1a: Slaking|Hammer Arm|p2a: Baby
|-resisted|p2a: Baby
|-damage|p2a: Baby|253\/324
|-unboost|p1a: Slaking|spe|1
|
|-weather|SunnyDay|[upkeep]
|-heal|p2a: Baby|273\/324|[from] item: Leftovers
|upkeep
|turn|8
|choice|switch 3|move earthquake
|
|switch|p1a: Octillery|Octillery, F|354\/354
|move|p2a: Baby|Earthquake|p1a: Octillery
|-crit|p1a: Octillery
|-damage|p1a: Octillery|117\/354
|
|-weather|SunnyDay|[upkeep]
|-heal|p2a: Baby|293\/324|[from] item: Leftovers
|upkeep
|turn|9
|choice|move scald|move zenheadbutt
|
|move|p2a: Baby|Zen Headbutt|p1a: Octillery
|-damage|p1a: Octillery|0 fnt
|faint|p1a: Octillery
|
|-weather|none
|-heal|p2a: Baby|313\/324|[from] item: Leftovers
|upkeep
|choice|switch 5|
|
|switch|p1a: Dusknoir|Dusknoir, F|294\/294
|-ability|p1a: Dusknoir|Pressure
|turn|10
|choice|move toxic|switch 4
|
|switch|p2a: Scratchy|Zangoose, F|287\/287 tox
|move|p1a: Dusknoir|Toxic|p2a: Scratchy
|-fail|p2a: Scratchy|tox
|
|-damage|p2a: Scratchy|270\/287 tox|[from] psn
|upkeep
|turn|11
|choice|move earthquake|move knockoff
|
|move|p2a: Scratchy|Knock Off|p1a: Dusknoir
|-supereffective|p1a: Dusknoir
|-damage|p1a: Dusknoir|58\/294
|-enditem|p1a: Dusknoir|Leftovers|[from] move: Knock Off|[of] p2a: Scratchy
|move|p1a: Dusknoir|Earthquake|p2a: Scratchy
|-damage|p2a: Scratchy|149\/287 tox
|
|-damage|p2a: Scratchy|115\/287 tox|[from] psn
|upkeep
|turn|12
|choice|move earthquake|move knockoff
|
|move|p2a: Scratchy|Knock Off|p1a: Dusknoir
|-supereffective|p1a: Dusknoir
|-damage|p1a: Dusknoir|0 fnt
|faint|p1a: Dusknoir
|
|-damage|p2a: Scratchy|64\/287 tox|[from] psn
|upkeep
|choice|switch 6|
|
|switch|p1a: Tauros|Tauros, M|291\/291
|turn|13
|choice|move protect|move closecombat
|
|move|p1a: Tauros|Protect|p1a: Tauros
|-singleturn|p1a: Tauros|Protect
|move|p2a: Scratchy|Close Combat|p1a: Tauros
|-activate|p1a: Tauros|move: Protect
|
|-damage|p2a: Scratchy|0 fnt|[from] psn
|upkeep
|faint|p2a: Scratchy
|choice||switch 4
|
|switch|p2a: Baby|Claydol|313\/324
|turn|14
|choice|move ironhead|move explosion
|
|move|p1a: Tauros|Iron Head|p2a: Baby
|-damage|p2a: Baby|186\/324
|move|p2a: Baby|Explosion|p1a: Tauros
|-damage|p1a: Tauros|73\/291
|faint|p2a: Baby
|
|upkeep
|choice||switch 3
|
|switch|p2a: Ketchup|Magmortar, M|354\/354
|turn|15
|choice|move rockslide|move lavaplume
|
|move|p1a: Tauros|Rock Slide|p2a: Ketchup
|-supereffective|p2a: Ketchup
|-damage|p2a: Ketchup|0 fnt
|faint|p2a: Ketchup
|
|upkeep
|choice||switch 5
|
|switch|p2a: Squishy|Gastrodon, M|426\/426
|turn|16
|choice|move zenheadbutt|move scald
|
|move|p1a: Tauros|Zen Headbutt|p2a: Squishy
|-damage|p2a: Squishy|303\/426
|move|p2a: Squishy|Scald|p1a: Tauros
|-damage|p1a: Tauros|0 fnt
|faint|p1a: Tauros
|
|-heal|p2a: Squishy|329\/426|[from] item: Leftovers
|upkeep
|choice|switch 3|
|
|switch|p1a: Slaking|Slaking, M|441\/441
|turn|17
|choice|move gigaimpact|move scald
|
|move|p1a: Slaking|Giga Impact|p2a: Squishy
|-damage|p2a: Squishy|28\/426
|move|p2a: Squishy|Scald|p1a: Slaking
|-damage|p1a: Slaking|308\/441
|
|-heal|p2a: Squishy|54\/426|[from] item: Leftovers
|upkeep
|turn|18
|-mustrecharge|p1a: Slaking
|-mustrecharge|p1a: Slaking
|choice|move recharge|move recover
|
|cant|p1a: Slaking|recharge
|move|p2a: Squishy|Recover|p2a: Squishy
|-heal|p2a: Squishy|267\/426
|
|-heal|p2a: Squishy|293\/426|[from] item: Leftovers
|upkeep
|turn|19
|choice|move gigaimpact|move scald
|
|move|p1a: Slaking|Giga Impact|p2a: Squishy
|-damage|p2a: Squishy|0 fnt
|faint|p2a: Squishy
|
|win|Juya
|player|p1
|player|p2
|l|Mako_Trainer
|raw|Juya's rating: 1000 &rarr; <strong>1066<\/strong><br \/>(+66 for winning)
|raw|Mako_Trainer's rating: 1273 &rarr; <strong>1231<\/strong><br \/>(-42 for losing)</script>
</div>
<div class="battle-log battle-log-inline"><div class="inner"><div class="battle-options"></div><div class="inner"><div class="chat"><small>Juya joined.</small></div><div class="chat"><small>Mako_Trainer joined.</small></div><div class=""><small>Format:</small> <br><strong>NU</strong></div><div class="rated"><strong>Rated battle</strong></div><div class=""><small><em>Sleep Clause Mod:</em> Limit one foe put to sleep</small></div><div class=""><small><em>Species Clause:</em> Limit one of each Pokémon</small></div><div class=""><small><em>OHKO Clause:</em> OHKO moves are banned</small></div><div class=""><small><em>Moody Clause:</em> Moody is banned</small></div><div class=""><small><em>Evasion Moves Clause:</em> Evasion moves are banned</small></div><div class=""><small><em>Endless Battle Clause:</em> Forcing endless battles is banned</small></div><div class=""><small><em>HP Percentage Mod:</em> HP is shown in percentages</small></div><div class=""><small><em>Swagger Clause:</em> Swagger is banned</small></div><div class=""><small><em>Baton Pass Clause:</em> Limit one Baton Passer, can't pass Spe and other stats simultaneously</small></div><div class="chat battle-history"><strong>Juya's team:</strong> <em style="color:#445566;display:block;">Tauros / Charizard / Octillery / Slaking / Dusknoir / Weezing</em></div><div class="chat battle-history"><strong>Mako_Trainer's team:</strong> <em style="color:#445566;display:block;">Liepard / Victreebel / Magmortar / Claydol / Gastrodon / Zangoose</em></div><div class="spacer battle-history"><br></div><div class="battle-history">Battle started between Juya and Mako_Trainer!<br></div><div class="spacer battle-history"><br></div><div class="battle-history">Go! <strong>Weezing</strong>!<br></div><div class="spacer battle-history"><br></div><div class="battle-history">Mako_Trainer sent out Catwoman (<strong>Liepard</strong>)!<br></div><div class="spacer battle-history"><br></div><h2 class="battle-history">Turn 1</h2><div class="spacer battle-history"><br></div><div class="battle-history">The opposing Catwoman used <strong>Fake Out</strong>!<br></div><div class="battle-history"><small>A critical hit!</small><br></div><div class="battle-history"><small>(Weezing lost <abbr title="−44/334">13.2%</abbr> of its health!)</small><br></div><div class="spacer battle-history"><br></div><div class="battle-history">Weezing flinched and couldn't move!<br></div><div class="spacer battle-history"><br></div><h2 class="battle-history">Turn 2</h2><div class="spacer battle-history"><br></div><div class="battle-history">The opposing Catwoman used <strong>Sunny Day</strong>!<br></div><div class="battle-history"><small>The sunlight turned harsh!</small><br></div><div class="spacer battle-history"><br></div><div class="battle-history">Weezing used <strong>Sludge Bomb</strong>!<br></div><div class="battle-history"><small>(The opposing Catwoman lost <abbr title="−243/269">90.3%</abbr> of its health!)</small><br></div><div class="spacer battle-history"><br></div><div class="battle-history"><small>(The sunlight is strong!)</small><br></div><div class="spacer battle-history"><br></div><h2 class="battle-history">Turn 3</h2><div class="spacer battle-history"><br></div><div class="battle-history">The opposing Catwoman used <strong>Knock Off</strong>!<br></div><div class="battle-history"><small>(Weezing lost <abbr title="−114/334">34.1%</abbr> of its health!)</small><br></div><div class="battle-history"><small>The opposing Catwoman knocked off Weezing's Custap Berry!</small><br></div><div class="spacer battle-history"><br></div><div class="battle-history">Weezing used <strong>Sludge Bomb</strong>!<br></div><div class="battle-history"><small>(The opposing Catwoman lost <abbr title="−26/269">9.7%</abbr> of its health!)</small><br></div><div class="spacer battle-history"><br></div><div class="battle-history">The opposing Catwoman fainted!<br></div><div class="spacer battle-history"><br></div><div class="battle-history"><small>(The sunlight is strong!)</small><br></div><div class="spacer battle-history"><br></div><div class="battle-history">Mako_Trainer sent out Victory (<strong>Victreebel</strong>)!<br></div><div class="spacer battle-history"><br></div><h2 class="battle-history">Turn 4</h2><div class="spacer battle-history"><br></div><div class="battle-history">The opposing Victory used <strong>Weather Ball</strong>!<br></div><div class="battle-history"><small>(Weezing lost <abbr title="−176/334">52.7%</abbr> of its health!)</small><br></div><div class="spacer battle-history"><br></div><div class="battle-history">Weezing fainted!<br></div><div class="spacer battle-history"><br></div><div class="battle-history"><small>(The sunlight is strong!)</small><br></div><div class="spacer battle-history"><br></div><div class="battle-history">Go! <strong>Charizard</strong>!<br></div><div class="spacer battle-history"><br></div><h2 class="battle-history">Turn 5</h2><div class="spacer battle-history"><br></div><div class="battle-history">The opposing Victory used <strong>Sludge Bomb</strong>!<br></div><div class="battle-history"><small>(Charizard lost <abbr title="−156/297">52.5%</abbr> of its health!)</small><br></div><div class="battle-history"><small>Charizard was poisoned!</small><br></div><div class="spacer battle-history"><br></div><div class="battle-history">Charizard used <strong>Flare Blitz</strong>!<br></div><div class="battle-history"><small>It's super effective!</small><br></div><div class="battle-history"><small>(The opposing Victory lost <abbr title="−301/301">100%</abbr> of its health!)</small><br></div><div class="battle-history"><small>Charizard is damaged by the recoil!</small><br></div><div class="spacer battle-history"><br></div><div class="battle-history">The opposing Victory fainted!<br></div><div class="spacer battle-history"><br></div><div class="battle-history"><small>(The sunlight is strong!)</small><br></div><div class="battle-history"><small>Charizard was hurt by poison!</small><br></div><div class="spacer battle-history"><br></div><div class="battle-history">Mako_Trainer sent out Scratchy (<strong>Zangoose</strong>)!<br></div><div class="spacer battle-history"><br></div><h2 class="battle-history">Turn 6</h2><div class="spacer battle-history"><br></div><div class="battle-history">The opposing Scratchy used <strong>Quick Attack</strong>!<br></div><div class="battle-history"><small>(Charizard lost <abbr title="−5/297">1.7%</abbr> of its health!)</small><br></div><div class="spacer battle-history"><br></div><div class="battle-history">Charizard fainted!<br></div><div class="spacer battle-history"><br></div><div class="battle-history"><small>(The sunlight is strong!)</small><br></div><div class="battle-history"><small>The opposing Scratchy was badly poisoned!</small><br></div><div class="spacer battle-history"><br></div><div class="battle-history">Go! <strong>Slaking</strong>!<br></div><div class="spacer battle-history"><br></div><h2 class="battle-history">Turn 7</h2><div class="spacer battle-history"><br></div><div class="battle-history">Mako_Trainer withdrew Scratchy!<br></div><div class="battle-history">Mako_Trainer sent out Baby (<strong>Claydol</strong>)!<br></div><div class="spacer battle-history"><br></div><div class="battle-history">Slaking used <strong>Hammer Arm</strong>!<br></div><div class="battle-history"><small>It's not very effective...</small><br></div><div class="battle-history"><small>(The opposing Baby lost <abbr title="−71/324">21.9%</abbr> of its health!)</small><br></div><div class="battle-history"><small>Slaking's Speed fell!</small><br></div><div class="spacer battle-history"><br></div><div class="battle-history"><small>(The sunlight is strong!)</small><br></div><div class="battle-history"><small>The opposing Baby restored a little HP using its Leftovers!</small><br></div><div class="spacer battle-history"><br></div><h2 class="battle-history">Turn 8</h2><div class="spacer battle-history"><br></div><div class="battle-history">Slaking, come back!<br></div><div class="battle-history">Go! <strong>Octillery</strong>!<br></div><div class="spacer battle-history"><br></div><div class="battle-history">The opposing Baby used <strong>Earthquake</strong>!<br></div><div class="battle-history"><small>A critical hit!</small><br></div><div class="battle-history"><small>(Octillery lost <abbr title="−237/354">66.9%</abbr> of its health!)</small><br></div><div class="spacer battle-history"><br></div><div class="battle-history"><small>(The sunlight is strong!)</small><br></div><div class="battle-history"><small>The opposing Baby restored a little HP using its Leftovers!</small><br></div><div class="spacer battle-history"><br></div><h2 class="battle-history">Turn 9</h2><div class="spacer battle-history"><br></div><div class="battle-history">The opposing Baby used <strong>Zen Headbutt</strong>!<br></div><div class="battle-history"><small>(Octillery lost <abbr title="−117/354">33.1%</abbr> of its health!)</small><br></div><div class="spacer battle-history"><br></div><div class="battle-history">Octillery fainted!<br></div><div class="spacer battle-history"><br></div><div class="battle-history"><small>The sunlight faded.</small><br></div><div class="battle-history"><small>The opposing Baby restored a little HP using its Leftovers!</small><br></div><div class="spacer battle-history"><br></div><div class="battle-history">Go! <strong>Dusknoir</strong>!<br></div><div class="battle-history"><small>[Dusknoir's Pressure]</small><br><small>Dusknoir is exerting its pressure!</small><br></div><div class="spacer battle-history"><br></div><h2 class="battle-history">Turn 10</h2><div class="spacer battle-history"><br></div><div class="battle-history">Mako_Trainer withdrew Baby!<br></div><div class="battle-history">Mako_Trainer sent out Scratchy (<strong>Zangoose</strong>)!<br></div><div class="spacer battle-history"><br></div><div class="battle-history">Dusknoir used <strong>Toxic</strong>!<br></div><div class="battle-history"><small>But it failed!</small><br></div><div class="spacer battle-history"><br></div><div class="battle-history"><small>The opposing Scratchy was hurt by poison!</small><br></div><div class="spacer battle-history"><br></div><h2 class="battle-history">Turn 11</h2><div class="spacer battle-history"><br></div><div class="battle-history">The opposing Scratchy used <strong>Knock Off</strong>!<br></div><div class="battle-history"><small>It's super effective!</small><br></div><div class="battle-history"><small>(Dusknoir lost <abbr title="−236/294">80.3%</abbr> of its health!)</small><br></div><div class="battle-history"><small>The opposing Scratchy knocked off Dusknoir's Leftovers!</small><br></div><div class="spacer battle-history"><br></div><div class="battle-history">Dusknoir used <strong>Earthquake</strong>!<br></div><div class="battle-history"><small>(The opposing Scratchy lost <abbr title="−121/287">42.2%</abbr> of its health!)</small><br></div><div class="spacer battle-history"><br></div><div class="battle-history"><small>The opposing Scratchy was hurt by poison!</small><br></div><div class="spacer battle-history"><br></div><h2 class="battle-history">Turn 12</h2><div class="spacer battle-history"><br></div><div class="battle-history">The opposing Scratchy used <strong>Knock Off</strong>!<br></div><div class="battle-history"><small>It's super effective!</small><br></div><div class="battle-history"><small>(Dusknoir lost <abbr title="−58/294">19.7%</abbr> of its health!)</small><br></div><div class="spacer battle-history"><br></div><div class="battle-history">Dusknoir fainted!<br></div><div class="spacer battle-history"><br></div><div class="battle-history"><small>The opposing Scratchy was hurt by poison!</small><br></div><div class="spacer battle-history"><br></div><div class="battle-history">Go! <strong>Tauros</strong>!<br></div><div class="spacer battle-history"><br></div><h2 class="battle-history">Turn 13</h2><div class="spacer battle-history"><br></div><div class="battle-history">Tauros used <strong>Protect</strong>!<br></div><div class="battle-history"><small>Tauros protected itself!</small><br></div><div class="spacer battle-history"><br></div><div class="battle-history">The opposing Scratchy used <strong>Close Combat</strong>!<br></div><div class="battle-history"><small>Tauros protected itself!</small><br></div><div class="spacer battle-history"><br></div><div class="battle-history"><small>The opposing Scratchy was hurt by poison!</small><br></div><div class="spacer battle-history"><br></div><div class="battle-history">The opposing Scratchy fainted!<br></div><div class="spacer battle-history"><br></div><div class="battle-history">Mako_Trainer sent out Baby (<strong>Claydol</strong>)!<br></div><div class="spacer battle-history"><br></div><h2 class="battle-history">Turn 14</h2><div class="spacer battle-history"><br></div><div class="battle-history">Tauros used <strong>Iron Head</strong>!<br></div><div class="battle-history"><small>(The opposing Baby lost <abbr title="−127/324">39.2%</abbr> of its health!)</small><br></div><div class="spacer battle-history"><br></div><div class="battle-history">The opposing Baby used <strong>Explosion</strong>!<br></div><div class="battle-history"><small>(Tauros lost <abbr title="−218/291">74.9%</abbr> of its health!)</small><br></div><div class="spacer battle-history"><br></div><div class="battle-history">The opposing Baby fainted!<br></div><div class="spacer battle-history"><br></div><div class="battle-history">Mako_Trainer sent out Ketchup (<strong>Magmortar</strong>)!<br></div><div class="spacer battle-history"><br></div><h2 class="battle-history">Turn 15</h2><div class="spacer battle-history"><br></div><div class="battle-history">Tauros used <strong>Rock Slide</strong>!<br></div><div class="battle-history"><small>It's super effective!</small><br></div><div class="battle-history"><small>(The opposing Ketchup lost <abbr title="−354/354">100%</abbr> of its health!)</small><br></div><div class="spacer battle-history"><br></div><div class="battle-history">The opposing Ketchup fainted!<br></div><div class="spacer battle-history"><br></div><div class="battle-history">Mako_Trainer sent out Squishy (<strong>Gastrodon</strong>)!<br></div><div class="spacer battle-history"><br></div><h2 class="battle-history">Turn 16</h2><div class="spacer battle-history"><br></div><div class="battle-history">Tauros used <strong>Zen Headbutt</strong>!<br></div><div class="battle-history"><small>(The opposing Squishy lost <abbr title="−123/426">28.9%</abbr> of its health!)</small><br></div><div class="spacer battle-history"><br></div><div class="battle-history">The opposing Squishy used <strong>Scald</strong>!<br></div><div class="battle-history"><small>(Tauros lost <abbr title="−73/291">25.1%</abbr> of its health!)</small><br></div><div class="spacer battle-history"><br></div><div class="battle-history">Tauros fainted!<br></div><div class="spacer battle-history"><br></div><div class="battle-history"><small>The opposing Squishy restored a little HP using its Leftovers!</small><br></div><div class="spacer battle-history"><br></div><div class="battle-history">Go! <strong>Slaking</strong>!<br></div><div class="spacer battle-history"><br></div><h2 class="battle-history">Turn 17</h2><div class="spacer battle-history"><br></div><div class="battle-history">Slaking used <strong>Giga Impact</strong>!<br></div><div class="battle-history"><small>(The opposing Squishy lost <abbr title="−301/426">70.7%</abbr> of its health!)</small><br></div><div class="spacer battle-history"><br></div><div class="battle-history">The opposing Squishy used <strong>Scald</strong>!<br></div><div class="battle-history"><small>(Slaking lost <abbr title="−133/441">30.2%</abbr> of its health!)</small><br></div><div class="spacer battle-history"><br></div><div class="battle-history"><small>The opposing Squishy restored a little HP using its Leftovers!</small><br></div><div class="spacer battle-history"><br></div><h2 class="battle-history">Turn 18</h2><div class="spacer battle-history"><br></div><div class="battle-history">Slaking must recharge!<br></div><div class="spacer battle-history"><br></div><div class="battle-history">The opposing Squishy used <strong>Recover</strong>!<br></div><div class="battle-history"><small>The opposing Squishy restored its HP.</small><br></div><div class="spacer battle-history"><br></div><div class="battle-history"><small>The opposing Squishy restored a little HP using its Leftovers!</small><br></div><div class="spacer battle-history"><br></div><h2 class="battle-history">Turn 19</h2><div class="spacer battle-history"><br></div><div class="battle-history">Slaking used <strong>Giga Impact</strong>!<br></div><div class="battle-history"><small>(The opposing Squishy lost <abbr title="−293/426">68.8%</abbr> of its health!)</small><br></div><div class="spacer battle-history"><br></div><div class="battle-history">The opposing Squishy fainted!<br></div><div class="spacer battle-history"><br></div><div class="battle-history"><strong>Juya</strong> won the battle!<br></div><div class="chat"><small>Mako_Trainer left.</small></div><div class="chat">Juya's rating: 1000 → <strong>1066</strong><br>(+66 for winning)</div><div class="chat">Mako_Trainer's rating: 1273 → <strong>1231</strong><br>(-42 for losing)</div></div><div class="inner-preempt"></div></div></div>
</div>
<script>
let daily = Math.floor(Date.now()/1000/60/60/24);document.write('<script src="https://play.pokemonshowdown.com/js/replay-embed.js?version'+daily+'"></'+'script>');
</script>
