<!DOCTYPE html>
<meta charset="utf-8" />
<!-- version 1 -->
<title>NU replay: kay vs. Disjunction</title>
<style>
html,body {font-family:Verdana, sans-serif;font-size:10pt;margin:0;padding:0;}body{padding:12px 0;} .battle-log {font-family:Verdana, sans-serif;font-size:10pt;} .battle-log-inline {border:1px solid #AAAAAA;background:#EEF2F5;color:black;max-width:640px;margin:0 auto 80px;padding-bottom:5px;} .battle-log .inner {padding:4px 8px 0px 8px;} .battle-log .inner-preempt {padding:0 8px 4px 8px;} .battle-log .inner-after {margin-top:0.5em;} .battle-log h2 {margin:0.5em -8px;padding:4px 8px;border:1px solid #AAAAAA;background:#E0E7EA;border-left:0;border-right:0;font-family:Verdana, sans-serif;font-size:13pt;} .battle-log .chat {vertical-align:middle;padding:3px 0 3px 0;font-size:8pt;} .battle-log .chat strong {color:#40576A;} .battle-log .chat em {padding:1px 4px 1px 3px;color:#000000;font-style:normal;} .chat.mine {background:rgba(0,0,0,0.05);margin-left:-8px;margin-right:-8px;padding-left:8px;padding-right:8px;} .spoiler {color:#BBBBBB;background:#BBBBBB;padding:0px 3px;} .spoiler:hover, .spoiler:active, .spoiler-shown {color:#000000;background:#E2E2E2;padding:0px 3px;} .spoiler a {color:#BBBBBB;} .spoiler:hover a, .spoiler:active a, .spoiler-shown a {color:#2288CC;} .chat code, .chat .spoiler:hover code, .chat .spoiler:active code, .chat .spoiler-shown code {border:1px solid #C0C0C0;background:#EEEEEE;color:black;padding:0 2px;} .chat .spoiler code {border:1px solid #CCCCCC;background:#CCCCCC;color:#CCCCCC;} .battle-log .rated {padding:3px 4px;} .battle-log .rated strong {color:white;background:#89A;padding:1px 4px;border-radius:4px;} .spacer {margin-top:0.5em;} .message-announce {background:#6688AA;color:white;padding:1px 4px 2px;} .message-announce a, .broadcast-green a, .broadcast-blue a, .broadcast-red a {color:#DDEEFF;} .broadcast-green {background-color:#559955;color:white;padding:2px 4px;} .broadcast-blue {background-color:#6688AA;color:white;padding:2px 4px;} .infobox {border:1px solid #6688AA;padding:2px 4px;} .infobox-limited {max-height:200px;overflow:auto;overflow-x:hidden;} .broadcast-red {background-color:#AA5544;color:white;padding:2px 4px;} .message-learn-canlearn {font-weight:bold;color:#228822;text-decoration:underline;} .message-learn-cannotlearn {font-weight:bold;color:#CC2222;text-decoration:underline;} .message-effect-weak {font-weight:bold;color:#CC2222;} .message-effect-resist {font-weight:bold;color:#6688AA;} .message-effect-immune {font-weight:bold;color:#666666;} .message-learn-list {margin-top:0;margin-bottom:0;} .message-throttle-notice, .message-error {color:#992222;} .message-overflow, .chat small.message-overflow {font-size:0pt;} .message-overflow::before {font-size:9pt;content:'...';} .subtle {color:#3A4A66;}
</style>
<div class="wrapper replay-wrapper" style="max-width:1180px;margin:0 auto">
<input type="hidden" name="replayid" value="nu-559778740" />
<div class="battle"></div><div class="battle-log"></div><div class="replay-controls"></div><div class="replay-controls-2"></div>
<h1 style="font-weight:normal;text-align:center"><strong>NU</strong><br /><a href="http://pokemonshowdown.com/users/kay" class="subtle" target="_blank">kay</a> vs. <a href="http://pokemonshowdown.com/users/disjunction" class="subtle" target="_blank">Disjunction</a></h1>
<script type="text/plain" class="battle-log-data">|j|kay
|j|Disjunction
|player|p1|kay|#kay
|player|p2|Disjunction|#disjunction
|gametype|singles
|gen|6
|tier|NU
|seed|58434,23750,262,16068
|rule|Sleep Clause Mod: Limit one foe put to sleep
|rule|Species Clause: Limit one of each Pokémon
|rule|OHKO Clause: OHKO moves are banned
|rule|Moody Clause: Moody is banned
|rule|Evasion Moves Clause: Evasion moves are banned
|rule|Endless Battle Clause: Forcing endless battles is banned
|rule|HP Percentage Mod: HP is shown in percentages
|clearpoke
|poke|p1|Miltank, F|item
|poke|p1|Machoke, F|item
|poke|p1|Weezing, M|item
|poke|p1|Lanturn, M|item
|poke|p1|Skuntank, M|item
|poke|p1|Claydol|item
|poke|p2|Chatot, F|item
|poke|p2|Meowstic, M|item
|poke|p2|Persian, F|item
|poke|p2|Ditto|item
|poke|p2|Liepard, M|item
|poke|p2|Swellow, F|item
|rule|Swagger Clause: Swagger is banned
|rule|Baton Pass Clause: Limit one Baton Passer, can't pass Spe and other stats simultaneously
|teampreview
|c|☆Disjunction|have fun!
|c|☆kay|o you did bring it
|j|Jarii
|c|☆kay|I should have brought sheddy
|c|☆Disjunction|I knew the machoke was coming
|choice|team 2, team 1, team 3, team 4, team 5, team 6|team 2, team 1, team 3, team 4, team 5, team 6
|
|start
|switch|p1a: Machoke|Machoke, F|363\/363
|switch|p2a: Meowstic|Meowstic, M|352\/352
|turn|1
|c|@Jarii|Go Alex!
|choice|move knockoff|move assist
|
|move|p2a: Meowstic|Assist|p2a: Meowstic
|move|p2a: Meowstic|Boomburst|p1a: Machoke|[from]Assist
|-damage|p1a: Machoke|234\/363
|move|p1a: Machoke|Knock Off|p2a: Meowstic
|-supereffective|p2a: Meowstic
|-damage|p2a: Meowstic|152\/352
|-enditem|p2a: Meowstic|Choice Specs|[from] move: Knock Off|[of] p1a: Machoke
|
|upkeep
|turn|2
|choice|move knockoff|move assist
|
|move|p2a: Meowstic|Assist|p2a: Meowstic
|move|p2a: Meowstic|Boomburst|p1a: Machoke|[from]Assist
|-damage|p1a: Machoke|145\/363
|move|p1a: Machoke|Knock Off|p2a: Meowstic
|-supereffective|p2a: Meowstic
|-damage|p2a: Meowstic|20\/352
|
|upkeep
|turn|3
|j|fthftgk
|choice|move knockoff|move assist
|
|move|p2a: Meowstic|Assist|p2a: Meowstic
|move|p2a: Meowstic|Boomburst|p1a: Machoke|[from]Assist
|-damage|p1a: Machoke|50\/363
|move|p1a: Machoke|Knock Off|p2a: Meowstic
|-supereffective|p2a: Meowstic
|-damage|p2a: Meowstic|0 fnt
|faint|p2a: Meowstic
|
|upkeep
|l|fthftgk
|c|☆kay|0 normal resists: the team.
|choice||switch 5
|
|switch|p2a: Liepard|Liepard, M|332\/332
|turn|4
|choice|move dynamicpunch|move assist
|
|move|p2a: Liepard|Assist|p2a: Liepard
|move|p2a: Liepard|Boomburst|p1a: Machoke|[from]Assist
|-damage|p1a: Machoke|0 fnt
|faint|p1a: Machoke
|
|upkeep
|c|@Jarii|You made a blast team!
|choice|switch 3|
|
|switch|p1a: Weezing|Weezing, M|334\/334
|turn|5
|choice|move sludgebomb|move assist
|
|move|p2a: Liepard|Assist|p2a: Liepard
|move|p2a: Liepard|Boomburst|p1a: Weezing|[from]Assist
|-damage|p1a: Weezing|49\/334
|move|p1a: Weezing|Sludge Bomb|p2a: Liepard
|-crit|p2a: Liepard
|-damage|p2a: Liepard|80\/332
|-status|p2a: Liepard|psn
|
|-heal|p1a: Weezing|69\/334|[from] item: Black Sludge
|-damage|p2a: Liepard|39\/332 psn|[from] psn
|upkeep
|turn|6
|c|☆Disjunction|wew
|c|☆kay|nice
|choice|move sludgebomb|move assist
|
|move|p2a: Liepard|Assist|p2a: Liepard
|move|p2a: Liepard|Boomburst|p1a: Weezing|[from]Assist
|-damage|p1a: Weezing|0 fnt
|faint|p1a: Weezing
|
|-damage|p2a: Liepard|0 fnt|[from] psn
|upkeep
|faint|p2a: Liepard
|choice|switch 4|switch 3
|
|switch|p2a: Persian|Persian, F|272\/272
|switch|p1a: Lanturn|Lanturn, M|401\/401
|turn|7
|choice|move voltswitch|move assist
|
|move|p2a: Persian|Assist|p2a: Persian
|move|p2a: Persian|Boomburst|p1a: Lanturn|[from]Assist
|-damage|p1a: Lanturn|190\/401
|move|p1a: Lanturn|Volt Switch|p2a: Persian
|-damage|p2a: Persian|184\/272
|choice|switch 5|
|
|switch|p1a: Skuntank|Skuntank, M|347\/347
|
|upkeep
|turn|8
|c|☆Disjunction|nice 52
|choice|move suckerpunch|move assist
|
|move|p1a: Skuntank|Sucker Punch|p2a: Persian|[still]
|-fail|p1a: Skuntank
|move|p2a: Persian|Assist|p2a: Persian
|move|p2a: Persian|Boomburst|p1a: Skuntank|[from]Assist
|-damage|p1a: Skuntank|58\/347
|
|upkeep
|turn|9
|c|☆kay|OH
|c|@Jarii|What if
|c|☆kay|FUCK
|c|☆Disjunction|nice
|choice|move poisonjab|move assist
|
|move|p2a: Persian|Assist|p2a: Persian
|move|p2a: Persian|Boomburst|p1a: Skuntank|[from]Assist
|-damage|p1a: Skuntank|0 fnt
|faint|p1a: Skuntank
|
|upkeep
|c|@Jarii|he had mr mime
|c|☆kay|welp
|c|☆kay|that lsot me haha
|j|uhuhuhu7
|choice|switch 6|
|
|switch|p1a: Claydol|Claydol|261\/261
|turn|10
|c|☆Disjunction|you lost at team preview
|c|☆Disjunction|kiddo
|choice|move psychic|move assist
|
|move|p2a: Persian|Assist|p2a: Persian
|move|p2a: Persian|Boomburst|p1a: Claydol|[from]Assist
|-damage|p1a: Claydol|44\/261
|move|p1a: Claydol|Psychic|p2a: Persian
|-damage|p2a: Persian|40\/272
|
|upkeep
|turn|11
|c|☆kay|yeah basically
|choice|move rapidspin|move assist
|
|move|p2a: Persian|Assist|p2a: Persian
|move|p2a: Persian|Boomburst|p1a: Claydol|[from]Assist
|-damage|p1a: Claydol|0 fnt
|faint|p1a: Claydol
|
|upkeep
|l|Jarii
|choice|switch 2|
|
|switch|p1a: Miltank|Miltank, F|394\/394
|turn|12
|choice|move seismictoss|move assist
|
|move|p2a: Persian|Assist|p2a: Persian
|move|p2a: Persian|Boomburst|p1a: Miltank|[from]Assist
|-damage|p1a: Miltank|94\/394
|move|p1a: Miltank|Seismic Toss|p2a: Persian
|-damage|p2a: Persian|0 fnt
|faint|p2a: Persian
|
|-heal|p1a: Miltank|118\/394|[from] item: Leftovers
|upkeep
|choice||switch 2
|
|switch|p2a: Chatot|Chatot, F|293\/293
|turn|13
|choice|move seismictoss|move chatter
|
|move|p2a: Chatot|Chatter|p1a: Miltank
|-damage|p1a: Miltank|0 fnt
|faint|p1a: Miltank
|
|upkeep
|choice|switch 5|
|
|switch|p1a: Lanturn|Lanturn, M|190\/401
|turn|14
|choice|move voltswitch|move chatter
|
|move|p2a: Chatot|Chatter|p1a: Lanturn
|-resisted|p1a: Lanturn
|-damage|p1a: Lanturn|127\/401
|-start|p1a: Lanturn|confusion
|-activate|p1a: Lanturn|confusion
|-damage|p1a: Lanturn|105\/401|[from] confusion
|
|-heal|p1a: Lanturn|130\/401|[from] item: Leftovers
|upkeep
|turn|15
|j|cyan★ize!
|choice|move voltswitch|move chatter
|
|move|p2a: Chatot|Chatter|p1a: Lanturn
|-resisted|p1a: Lanturn
|-damage|p1a: Lanturn|73\/401
|-activate|p1a: Lanturn|confusion
|move|p1a: Lanturn|Volt Switch|p2a: Chatot
|-supereffective|p2a: Chatot
|-damage|p2a: Chatot|39\/293
|
|-heal|p1a: Lanturn|98\/401|[from] item: Leftovers
|upkeep
|turn|16
|c|☆Disjunction|haxed
|c|☆Disjunction|wtf
|choice|move voltswitch|move chatter
|
|move|p2a: Chatot|Chatter|p1a: Lanturn
|-resisted|p1a: Lanturn
|-damage|p1a: Lanturn|38\/401
|-activate|p1a: Lanturn|confusion
|-damage|p1a: Lanturn|16\/401|[from] confusion
|
|-heal|p1a: Lanturn|41\/401|[from] item: Leftovers
|upkeep
|turn|17
|c|+cyan★ize!|loool
|c|☆Disjunction|there
|c|☆Disjunction|finally
|choice|move voltswitch|move chatter
|
|move|p2a: Chatot|Chatter|p1a: Lanturn
|-resisted|p1a: Lanturn
|-crit|p1a: Lanturn
|-damage|p1a: Lanturn|0 fnt
|faint|p1a: Lanturn
|
|win|Disjunction
|c|☆kay|stoooop
|c|☆kay|gg
|c|☆Disjunction|gg
|l|Disjunction
|j|Disjunction
|l|kay</script>
</div>
<div class="battle-log battle-log-inline"><div class="inner"><div class="battle-options"></div><div class="inner"><div class="chat"><small>kay joined.</small></div><div class="chat"><small>Disjunction joined.</small></div><div class=""><small>Format:</small> <br><strong>NU</strong></div><div class=""><small><em>Sleep Clause Mod:</em> Limit one foe put to sleep</small></div><div class=""><small><em>Species Clause:</em> Limit one of each Pokémon</small></div><div class=""><small><em>OHKO Clause:</em> OHKO moves are banned</small></div><div class=""><small><em>Moody Clause:</em> Moody is banned</small></div><div class=""><small><em>Evasion Moves Clause:</em> Evasion moves are banned</small></div><div class=""><small><em>Endless Battle Clause:</em> Forcing endless battles is banned</small></div><div class=""><small><em>HP Percentage Mod:</em> HP is shown in percentages</small></div><div class=""><small><em>Swagger Clause:</em> Swagger is banned</small></div><div class=""><small><em>Baton Pass Clause:</em> Limit one Baton Passer, can't pass Spe and other stats simultaneously</small></div><div class="chat battle-history"><strong>kay's team:</strong> <em style="color:#445566;display:block;">Miltank / Machoke / Weezing / Lanturn / Skuntank / Claydol</em></div><div class="chat battle-history"><strong>Disjunction's team:</strong> <em style="color:#445566;display:block;">Chatot / Meowstic / Persian / Ditto / Liepard / Swellow</em></div><div class="chat chatmessage-disjunction"><strong style="color:hsl(184,62%,41.666666666666664%)"><small>☆</small><span class="username" data-name="Disjunction">Disjunction</span>:</strong> <em>have fun!</em></div><div class="chat chatmessage-kay"><strong style="color:hsl(255,66%,56.8105735479296%)"><small>☆</small><span class="username" data-name="kay">kay</span>:</strong> <em>o you did bring it</em></div><div class="chat"><small>Jarii joined.</small></div><div class="chat chatmessage-kay"><strong style="color:hsl(255,66%,56.8105735479296%)"><small>☆</small><span class="username" data-name="kay">kay</span>:</strong> <em>I should have brought sheddy</em></div><div class="chat chatmessage-disjunction"><strong style="color:hsl(184,62%,41.666666666666664%)"><small>☆</small><span class="username" data-name="Disjunction">Disjunction</span>:</strong> <em>I knew the machoke was coming</em></div><div class="spacer battle-history"><br></div><div class="battle-history">Battle started between kay and Disjunction!<br></div><div class="spacer battle-history"><br></div><div class="battle-history">Go! <strong>Machoke</strong>!<br></div><div class="spacer battle-history"><br></div><div class="battle-history">Disjunction sent out <strong>Meowstic</strong>!<br></div><div class="spacer battle-history"><br></div><h2 class="battle-history">Turn 1</h2><div class="chat chatmessage-jarii"><strong style="color:hsl(310,42%,50.9489615405014%)"><small>@</small><span class="username" data-name="Jarii">Jarii</span>:</strong> <em>Go Alex!</em></div><div class="spacer battle-history"><br></div><div class="battle-history">The opposing Meowstic used <strong>Assist</strong>!<br></div><div class="spacer battle-history"><br></div><div class="battle-history">The opposing Meowstic used <strong>Boomburst</strong>!<br></div><div class="battle-history"><small>(Machoke lost <abbr title="−129/363">35.5%</abbr> of its health!)</small><br></div><div class="spacer battle-history"><br></div><div class="battle-history">Machoke used <strong>Knock Off</strong>!<br></div><div class="battle-history"><small>It's super effective!</small><br></div><div class="battle-history"><small>(The opposing Meowstic lost <abbr title="−200/352">56.8%</abbr> of its health!)</small><br></div><div class="battle-history"><small>Machoke knocked off the opposing Meowstic's Choice Specs!</small><br></div><div class="spacer battle-history"><br></div><h2 class="battle-history">Turn 2</h2><div class="spacer battle-history"><br></div><div class="battle-history">The opposing Meowstic used <strong>Assist</strong>!<br></div><div class="spacer battle-history"><br></div><div class="battle-history">The opposing Meowstic used <strong>Boomburst</strong>!<br></div><div class="battle-history"><small>(Machoke lost <abbr title="−89/363">24.5%</abbr> of its health!)</small><br></div><div class="spacer battle-history"><br></div><div class="battle-history">Machoke used <strong>Knock Off</strong>!<br></div><div class="battle-history"><small>It's super effective!</small><br></div><div class="battle-history"><small>(The opposing Meowstic lost <abbr title="−132/352">37.5%</abbr> of its health!)</small><br></div><div class="spacer battle-history"><br></div><h2 class="battle-history">Turn 3</h2><div class="chat"><small>fthftgk joined.</small></div><div class="spacer battle-history"><br></div><div class="battle-history">The opposing Meowstic used <strong>Assist</strong>!<br></div><div class="spacer battle-history"><br></div><div class="battle-history">The opposing Meowstic used <strong>Boomburst</strong>!<br></div><div class="battle-history"><small>(Machoke lost <abbr title="−95/363">26.2%</abbr> of its health!)</small><br></div><div class="spacer battle-history"><br></div><div class="battle-history">Machoke used <strong>Knock Off</strong>!<br></div><div class="battle-history"><small>It's super effective!</small><br></div><div class="battle-history"><small>(The opposing Meowstic lost <abbr title="−20/352">5.7%</abbr> of its health!)</small><br></div><div class="spacer battle-history"><br></div><div class="battle-history">The opposing Meowstic fainted!<br></div><div class="chat"><small>fthftgk left.</small></div><div class="chat chatmessage-kay"><strong style="color:hsl(255,66%,56.8105735479296%)"><small>☆</small><span class="username" data-name="kay">kay</span>:</strong> <em>0 normal resists: the team.</em></div><div class="spacer battle-history"><br></div><div class="battle-history">Disjunction sent out <strong>Liepard</strong>!<br></div><div class="spacer battle-history"><br></div><h2 class="battle-history">Turn 4</h2><div class="spacer battle-history"><br></div><div class="battle-history">The opposing Liepard used <strong>Assist</strong>!<br></div><div class="spacer battle-history"><br></div><div class="battle-history">The opposing Liepard used <strong>Boomburst</strong>!<br></div><div class="battle-history"><small>(Machoke lost <abbr title="−50/363">13.8%</abbr> of its health!)</small><br></div><div class="spacer battle-history"><br></div><div class="battle-history">Machoke fainted!<br></div><div class="chat chatmessage-jarii"><strong style="color:hsl(310,42%,50.9489615405014%)"><small>@</small><span class="username" data-name="Jarii">Jarii</span>:</strong> <em>You made a blast team!</em></div><div class="spacer battle-history"><br></div><div class="battle-history">Go! <strong>Weezing</strong>!<br></div><div class="spacer battle-history"><br></div><h2 class="battle-history">Turn 5</h2><div class="spacer battle-history"><br></div><div class="battle-history">The opposing Liepard used <strong>Assist</strong>!<br></div><div class="spacer battle-history"><br></div><div class="battle-history">The opposing Liepard used <strong>Boomburst</strong>!<br></div><div class="battle-history"><small>(Weezing lost <abbr title="−285/334">85.3%</abbr> of its health!)</small><br></div><div class="spacer battle-history"><br></div><div class="battle-history">Weezing used <strong>Sludge Bomb</strong>!<br></div><div class="battle-history"><small>A critical hit!</small><br></div><div class="battle-history"><small>(The opposing Liepard lost <abbr title="−252/332">75.9%</abbr> of its health!)</small><br></div><div class="battle-history"><small>The opposing Liepard was poisoned!</small><br></div><div class="spacer battle-history"><br></div><div class="battle-history"><small>Weezing restored a little HP using its Black Sludge!</small><br></div><div class="battle-history"><small>The opposing Liepard was hurt by poison!</small><br></div><div class="spacer battle-history"><br></div><h2 class="battle-history">Turn 6</h2><div class="chat chatmessage-disjunction"><strong style="color:hsl(184,62%,41.666666666666664%)"><small>☆</small><span class="username" data-name="Disjunction">Disjunction</span>:</strong> <em>wew</em></div><div class="chat chatmessage-kay"><strong style="color:hsl(255,66%,56.8105735479296%)"><small>☆</small><span class="username" data-name="kay">kay</span>:</strong> <em>nice</em></div><div class="spacer battle-history"><br></div><div class="battle-history">The opposing Liepard used <strong>Assist</strong>!<br></div><div class="spacer battle-history"><br></div><div class="battle-history">The opposing Liepard used <strong>Boomburst</strong>!<br></div><div class="battle-history"><small>(Weezing lost <abbr title="−69/334">20.7%</abbr> of its health!)</small><br></div><div class="spacer battle-history"><br></div><div class="battle-history">Weezing fainted!<br></div><div class="spacer battle-history"><br></div><div class="battle-history"><small>The opposing Liepard was hurt by poison!</small><br></div><div class="spacer battle-history"><br></div><div class="battle-history">The opposing Liepard fainted!<br></div><div class="spacer battle-history"><br></div><div class="battle-history">Disjunction sent out <strong>Persian</strong>!<br></div><div class="spacer battle-history"><br></div><div class="battle-history">Go! <strong>Lanturn</strong>!<br></div><div class="spacer battle-history"><br></div><h2 class="battle-history">Turn 7</h2><div class="spacer battle-history"><br></div><div class="battle-history">The opposing Persian used <strong>Assist</strong>!<br></div><div class="spacer battle-history"><br></div><div class="battle-history">The opposing Persian used <strong>Boomburst</strong>!<br></div><div class="battle-history"><small>(Lanturn lost <abbr title="−211/401">52.6%</abbr> of its health!)</small><br></div><div class="spacer battle-history"><br></div><div class="battle-history">Lanturn used <strong>Volt Switch</strong>!<br></div><div class="battle-history"><small>(The opposing Persian lost <abbr title="−88/272">32.4%</abbr> of its health!)</small><br></div><div class="spacer battle-history"><br></div><div class="battle-history">Lanturn went back to kay!<br></div><div class="battle-history">Go! <strong>Skuntank</strong>!<br></div><div class="spacer battle-history"><br></div><h2 class="battle-history">Turn 8</h2><div class="chat chatmessage-disjunction"><strong style="color:hsl(184,62%,41.666666666666664%)"><small>☆</small><span class="username" data-name="Disjunction">Disjunction</span>:</strong> <em>nice 52</em></div><div class="spacer battle-history"><br></div><div class="battle-history">Skuntank used <strong>Sucker Punch</strong>!<br></div><div class="battle-history"><small>But it failed!</small><br></div><div class="spacer battle-history"><br></div><div class="battle-history">The opposing Persian used <strong>Assist</strong>!<br></div><div class="spacer battle-history"><br></div><div class="battle-history">The opposing Persian used <strong>Boomburst</strong>!<br></div><div class="battle-history"><small>(Skuntank lost <abbr title="−289/347">83.3%</abbr> of its health!)</small><br></div><div class="spacer battle-history"><br></div><h2 class="battle-history">Turn 9</h2><div class="chat chatmessage-kay"><strong style="color:hsl(255,66%,56.8105735479296%)"><small>☆</small><span class="username" data-name="kay">kay</span>:</strong> <em>OH</em></div><div class="chat chatmessage-jarii"><strong style="color:hsl(310,42%,50.9489615405014%)"><small>@</small><span class="username" data-name="Jarii">Jarii</span>:</strong> <em>What if</em></div><div class="chat chatmessage-kay"><strong style="color:hsl(255,66%,56.8105735479296%)"><small>☆</small><span class="username" data-name="kay">kay</span>:</strong> <em>FUCK</em></div><div class="chat chatmessage-disjunction"><strong style="color:hsl(184,62%,41.666666666666664%)"><small>☆</small><span class="username" data-name="Disjunction">Disjunction</span>:</strong> <em>nice</em></div><div class="spacer battle-history"><br></div><div class="battle-history">The opposing Persian used <strong>Assist</strong>!<br></div><div class="spacer battle-history"><br></div><div class="battle-history">The opposing Persian used <strong>Boomburst</strong>!<br></div><div class="battle-history"><small>(Skuntank lost <abbr title="−58/347">16.7%</abbr> of its health!)</small><br></div><div class="spacer battle-history"><br></div><div class="battle-history">Skuntank fainted!<br></div><div class="chat chatmessage-jarii"><strong style="color:hsl(310,42%,50.9489615405014%)"><small>@</small><span class="username" data-name="Jarii">Jarii</span>:</strong> <em>he had mr mime</em></div><div class="chat chatmessage-kay"><strong style="color:hsl(255,66%,56.8105735479296%)"><small>☆</small><span class="username" data-name="kay">kay</span>:</strong> <em>welp</em></div><div class="chat chatmessage-kay"><strong style="color:hsl(255,66%,56.8105735479296%)"><small>☆</small><span class="username" data-name="kay">kay</span>:</strong> <em>that lsot me haha</em></div><div class="chat"><small>uhuhuhu7 joined.</small></div><div class="spacer battle-history"><br></div><div class="battle-history">Go! <strong>Claydol</strong>!<br></div><div class="spacer battle-history"><br></div><h2 class="battle-history">Turn 10</h2><div class="chat chatmessage-disjunction"><strong style="color:hsl(184,62%,41.666666666666664%)"><small>☆</small><span class="username" data-name="Disjunction">Disjunction</span>:</strong> <em>you lost at team preview</em></div><div class="chat chatmessage-disjunction"><strong style="color:hsl(184,62%,41.666666666666664%)"><small>☆</small><span class="username" data-name="Disjunction">Disjunction</span>:</strong> <em>kiddo</em></div><div class="spacer battle-history"><br></div><div class="battle-history">The opposing Persian used <strong>Assist</strong>!<br></div><div class="spacer battle-history"><br></div><div class="battle-history">The opposing Persian used <strong>Boomburst</strong>!<br></div><div class="battle-history"><small>(Claydol lost <abbr title="−217/261">83.1%</abbr> of its health!)</small><br></div><div class="spacer battle-history"><br></div><div class="battle-history">Claydol used <strong>Psychic</strong>!<br></div><div class="battle-history"><small>(The opposing Persian lost <abbr title="−144/272">52.9%</abbr> of its health!)</small><br></div><div class="spacer battle-history"><br></div><h2 class="battle-history">Turn 11</h2><div class="chat chatmessage-kay"><strong style="color:hsl(255,66%,56.8105735479296%)"><small>☆</small><span class="username" data-name="kay">kay</span>:</strong> <em>yeah basically</em></div><div class="spacer battle-history"><br></div><div class="battle-history">The opposing Persian used <strong>Assist</strong>!<br></div><div class="spacer battle-history"><br></div><div class="battle-history">The opposing Persian used <strong>Boomburst</strong>!<br></div><div class="battle-history"><small>(Claydol lost <abbr title="−44/261">16.9%</abbr> of its health!)</small><br></div><div class="spacer battle-history"><br></div><div class="battle-history">Claydol fainted!<br></div><div class="chat"><small>Jarii left.</small></div><div class="spacer battle-history"><br></div><div class="battle-history">Go! <strong>Miltank</strong>!<br></div><div class="spacer battle-history"><br></div><h2 class="battle-history">Turn 12</h2><div class="spacer battle-history"><br></div><div class="battle-history">The opposing Persian used <strong>Assist</strong>!<br></div><div class="spacer battle-history"><br></div><div class="battle-history">The opposing Persian used <strong>Boomburst</strong>!<br></div><div class="battle-history"><small>(Miltank lost <abbr title="−300/394">76.1%</abbr> of its health!)</small><br></div><div class="spacer battle-history"><br></div><div class="battle-history">Miltank used <strong>Seismic Toss</strong>!<br></div><div class="battle-history"><small>(The opposing Persian lost <abbr title="−40/272">14.7%</abbr> of its health!)</small><br></div><div class="spacer battle-history"><br></div><div class="battle-history">The opposing Persian fainted!<br></div><div class="spacer battle-history"><br></div><div class="battle-history"><small>Miltank restored a little HP using its Leftovers!</small><br></div><div class="spacer battle-history"><br></div><div class="battle-history">Disjunction sent out <strong>Chatot</strong>!<br></div><div class="spacer battle-history"><br></div><h2 class="battle-history">Turn 13</h2><div class="spacer battle-history"><br></div><div class="battle-history">The opposing Chatot used <strong>Chatter</strong>!<br></div><div class="battle-history"><small>(Miltank lost <abbr title="−118/394">29.9%</abbr> of its health!)</small><br></div><div class="spacer battle-history"><br></div><div class="battle-history">Miltank fainted!<br></div><div class="spacer battle-history"><br></div><div class="battle-history">Go! <strong>Lanturn</strong>!<br></div><div class="spacer battle-history"><br></div><h2 class="battle-history">Turn 14</h2><div class="spacer battle-history"><br></div><div class="battle-history">The opposing Chatot used <strong>Chatter</strong>!<br></div><div class="battle-history"><small>It's not very effective...</small><br></div><div class="battle-history"><small>(Lanturn lost <abbr title="−63/401">15.7%</abbr> of its health!)</small><br></div><div class="battle-history"><small>Lanturn became confused!</small><br></div><div class="spacer battle-history"><br></div><div class="battle-history"><small>Lanturn is confused!</small><br></div><div class="battle-history">It hurt itself in its confusion!<br></div><div class="spacer battle-history"><br></div><div class="battle-history"><small>Lanturn restored a little HP using its Leftovers!</small><br></div><div class="spacer battle-history"><br></div><h2 class="battle-history">Turn 15</h2><div class="chat"><small>cyan★ize! joined.</small></div><div class="spacer battle-history"><br></div><div class="battle-history">The opposing Chatot used <strong>Chatter</strong>!<br></div><div class="battle-history"><small>It's not very effective...</small><br></div><div class="battle-history"><small>(Lanturn lost <abbr title="−57/401">14.2%</abbr> of its health!)</small><br></div><div class="spacer battle-history"><br></div><div class="battle-history"><small>Lanturn is confused!</small><br></div><div class="battle-history">Lanturn used <strong>Volt Switch</strong>!<br></div><div class="battle-history"><small>It's super effective!</small><br></div><div class="battle-history"><small>(The opposing Chatot lost <abbr title="−254/293">86.7%</abbr> of its health!)</small><br></div><div class="spacer battle-history"><br></div><div class="battle-history"><small>Lanturn restored a little HP using its Leftovers!</small><br></div><div class="spacer battle-history"><br></div><h2 class="battle-history">Turn 16</h2><div class="chat chatmessage-disjunction"><strong style="color:hsl(184,62%,41.666666666666664%)"><small>☆</small><span class="username" data-name="Disjunction">Disjunction</span>:</strong> <em>haxed</em></div><div class="chat chatmessage-disjunction"><strong style="color:hsl(184,62%,41.666666666666664%)"><small>☆</small><span class="username" data-name="Disjunction">Disjunction</span>:</strong> <em>wtf</em></div><div class="spacer battle-history"><br></div><div class="battle-history">The opposing Chatot used <strong>Chatter</strong>!<br></div><div class="battle-history"><small>It's not very effective...</small><br></div><div class="battle-history"><small>(Lanturn lost <abbr title="−60/401">15.0%</abbr> of its health!)</small><br></div><div class="spacer battle-history"><br></div><div class="battle-history"><small>Lanturn is confused!</small><br></div><div class="battle-history">It hurt itself in its confusion!<br></div><div class="spacer battle-history"><br></div><div class="battle-history"><small>Lanturn restored a little HP using its Leftovers!</small><br></div><div class="spacer battle-history"><br></div><h2 class="battle-history">Turn 17</h2><div class="chat chatmessage-cyanize"><strong style="color:hsl(262,69%,57.508913061721%)"><small>+</small><span class="username" data-name="cyan★ize!">cyan★ize!</span>:</strong> <em>loool</em></div><div class="chat chatmessage-disjunction"><strong style="color:hsl(184,62%,41.666666666666664%)"><small>☆</small><span class="username" data-name="Disjunction">Disjunction</span>:</strong> <em>there</em></div><div class="chat chatmessage-disjunction"><strong style="color:hsl(184,62%,41.666666666666664%)"><small>☆</small><span class="username" data-name="Disjunction">Disjunction</span>:</strong> <em>finally</em></div><div class="spacer battle-history"><br></div><div class="battle-history">The opposing Chatot used <strong>Chatter</strong>!<br></div><div class="battle-history"><small>It's not very effective...</small><br></div><div class="battle-history"><small>A critical hit!</small><br></div><div class="battle-history"><small>(Lanturn lost <abbr title="−41/401">10.2%</abbr> of its health!)</small><br></div><div class="spacer battle-history"><br></div><div class="battle-history">Lanturn fainted!<br></div><div class="spacer battle-history"><br></div><div class="battle-history"><strong>Disjunction</strong> won the battle!<br></div><div class="chat chatmessage-kay"><strong style="color:hsl(255,66%,56.8105735479296%)"><small>☆</small><span class="username" data-name="kay">kay</span>:</strong> <em>stoooop</em></div><div class="chat chatmessage-kay"><strong style="color:hsl(255,66%,56.8105735479296%)"><small>☆</small><span class="username" data-name="kay">kay</span>:</strong> <em>gg</em></div><div class="chat chatmessage-disjunction"><strong style="color:hsl(184,62%,41.666666666666664%)"><small>☆</small><span class="username" data-name="Disjunction">Disjunction</span>:</strong> <em>gg</em></div><div class="chat"><small>Disjunction left.</small></div><div class="chat"><small>Disjunction joined.</small></div><div class="chat"><small>kay left.</small></div></div><div class="inner-preempt"></div></div></div>
</div>
<script>
let daily = Math.floor(Date.now()/1000/60/60/24);document.write('<script src="https://play.pokemonshowdown.com/js/replay-embed.js?version'+daily+'"></'+'script>');
</script>
