<!DOCTYPE html>
<meta charset="utf-8" />
<!-- version 1 -->
<title>NU replay: T-cancer vs. hittboy</title>
<style>
html,body {font-family:Verdana, sans-serif;font-size:10pt;margin:0;padding:0;}body{padding:12px 0;} .battle-log {font-family:Verdana, sans-serif;font-size:10pt;} .battle-log-inline {border:1px solid #AAAAAA;background:#EEF2F5;color:black;max-width:640px;margin:0 auto 80px;padding-bottom:5px;} .battle-log .inner {padding:4px 8px 0px 8px;} .battle-log .inner-preempt {padding:0 8px 4px 8px;} .battle-log .inner-after {margin-top:0.5em;} .battle-log h2 {margin:0.5em -8px;padding:4px 8px;border:1px solid #AAAAAA;background:#E0E7EA;border-left:0;border-right:0;font-family:Verdana, sans-serif;font-size:13pt;} .battle-log .chat {vertical-align:middle;padding:3px 0 3px 0;font-size:8pt;} .battle-log .chat strong {color:#40576A;} .battle-log .chat em {padding:1px 4px 1px 3px;color:#000000;font-style:normal;} .chat.mine {background:rgba(0,0,0,0.05);margin-left:-8px;margin-right:-8px;padding-left:8px;padding-right:8px;} .spoiler {color:#BBBBBB;background:#BBBBBB;padding:0px 3px;} .spoiler:hover, .spoiler:active, .spoiler-shown {color:#000000;background:#E2E2E2;padding:0px 3px;} .spoiler a {color:#BBBBBB;} .spoiler:hover a, .spoiler:active a, .spoiler-shown a {color:#2288CC;} .chat code, .chat .spoiler:hover code, .chat .spoiler:active code, .chat .spoiler-shown code {border:1px solid #C0C0C0;background:#EEEEEE;color:black;padding:0 2px;} .chat .spoiler code {border:1px solid #CCCCCC;background:#CCCCCC;color:#CCCCCC;} .battle-log .rated {padding:3px 4px;} .battle-log .rated strong {color:white;background:#89A;padding:1px 4px;border-radius:4px;} .spacer {margin-top:0.5em;} .message-announce {background:#6688AA;color:white;padding:1px 4px 2px;} .message-announce a, .broadcast-green a, .broadcast-blue a, .broadcast-red a {color:#DDEEFF;} .broadcast-green {background-color:#559955;color:white;padding:2px 4px;} .broadcast-blue {background-color:#6688AA;color:white;padding:2px 4px;} .infobox {border:1px solid #6688AA;padding:2px 4px;} .infobox-limited {max-height:200px;overflow:auto;overflow-x:hidden;} .broadcast-red {background-color:#AA5544;color:white;padding:2px 4px;} .message-learn-canlearn {font-weight:bold;color:#228822;text-decoration:underline;} .message-learn-cannotlearn {font-weight:bold;color:#CC2222;text-decoration:underline;} .message-effect-weak {font-weight:bold;color:#CC2222;} .message-effect-resist {font-weight:bold;color:#6688AA;} .message-effect-immune {font-weight:bold;color:#666666;} .message-learn-list {margin-top:0;margin-bottom:0;} .message-throttle-notice, .message-error {color:#992222;} .message-overflow, .chat small.message-overflow {font-size:0pt;} .message-overflow::before {font-size:9pt;content:'...';} .subtle {color:#3A4A66;}
</style>
<div class="wrapper replay-wrapper" style="max-width:1180px;margin:0 auto">
<input type="hidden" name="replayid" value="nu-536153475" />
<div class="battle"></div><div class="battle-log"></div><div class="replay-controls"></div><div class="replay-controls-2"></div>
<h1 style="font-weight:normal;text-align:center"><strong>NU</strong><br /><a href="http://pokemonshowdown.com/users/tcancer" class="subtle" target="_blank">T-cancer</a> vs. <a href="http://pokemonshowdown.com/users/hittboy" class="subtle" target="_blank">hittboy</a></h1>
<script type="text/plain" class="battle-log-data">|j|T-cancer
|j|hittboy
|player|p1|T-cancer|10
|player|p2|hittboy|2
|gametype|singles
|gen|6
|tier|NU
|rated
|seed|23901,1410,12228,13781
|rule|Sleep Clause Mod: Limit one foe put to sleep
|rule|Species Clause: Limit one of each Pokémon
|rule|OHKO Clause: OHKO moves are banned
|rule|Moody Clause: Moody is banned
|rule|Evasion Moves Clause: Evasion moves are banned
|rule|Endless Battle Clause: Forcing endless battles is banned
|rule|HP Percentage Mod: HP is shown in percentages
|clearpoke
|poke|p1|Kangaskhan, F|item
|poke|p1|Golurk|item
|poke|p1|Mawile, M|item
|poke|p1|Mesprit|item
|poke|p1|Gurdurr, F, shiny|item
|poke|p1|Pyroar, M|item
|poke|p2|Gigalith, F|item
|poke|p2|Electivire, M|item
|poke|p2|Gastrodon, M|item
|poke|p2|Gurdurr, M|item
|poke|p2|Swellow, M|item
|poke|p2|Skuntank, M|item
|rule|Swagger Clause: Swagger is banned
|rule|Baton Pass Clause: Limit one Baton Passer, can't pass Spe and other stats simultaneously
|teampreview
|choice|team 5, team 2, team 3, team 4, team 1, team 6|team 6, team 2, team 3, team 4, team 5, team 1
|
|start
|switch|p1a: VEINY PENIS|Gurdurr, F, shiny|337\/337
|switch|p2a: Skuntank|Skuntank, M|410\/410
|turn|1
|choice|move drainpunch|move sludgebomb
|
|move|p2a: Skuntank|Sludge Bomb|p1a: VEINY PENIS
|-damage|p1a: VEINY PENIS|238\/337
|move|p1a: VEINY PENIS|Drain Punch|p2a: Skuntank
|-damage|p2a: Skuntank|224\/410
|-heal|p1a: VEINY PENIS|331\/337|[from] drain|[of] p2a: Skuntank
|
|-heal|p2a: Skuntank|249\/410|[from] item: Black Sludge
|upkeep
|turn|2
|choice|move drainpunch|switch 4
|
|switch|p2a: Gurdurr|Gurdurr, M|374\/374
|move|p1a: VEINY PENIS|Drain Punch|p2a: Gurdurr
|-damage|p2a: Gurdurr|281\/374
|-heal|p1a: VEINY PENIS|337\/337|[from] drain|[of] p2a: Gurdurr
|
|upkeep
|turn|3
|choice|switch 2|move bulkup
|
|switch|p1a: Golurk|Golurk|359\/359
|move|p2a: Gurdurr|Bulk Up|p2a: Gurdurr
|-boost|p2a: Gurdurr|atk|1
|-boost|p2a: Gurdurr|def|1
|
|upkeep
|turn|4
|choice|move earthquake|move knockoff
|
|move|p1a: Golurk|Earthquake|p2a: Gurdurr
|-damage|p2a: Gurdurr|206\/374
|move|p2a: Gurdurr|Knock Off|p1a: Golurk
|-supereffective|p1a: Golurk
|-damage|p1a: Golurk|0 fnt
|-enditem|p1a: Golurk|Assault Vest|[from] move: Knock Off|[of] p2a: Gurdurr
|faint|p1a: Golurk
|
|upkeep
|choice|switch 4|
|
|switch|p1a: Mesprit|Mesprit|302\/302
|turn|5
|choice|move psychic|switch 4
|
|switch|p2a: Skuntank|Skuntank, M|249\/410
|move|p1a: Mesprit|Psychic|p2a: Skuntank
|-immune|p2a: Skuntank|[msg]
|
|-heal|p2a: Skuntank|274\/410|[from] item: Black Sludge
|upkeep
|turn|6
|choice|switch 2|move darkpulse
|
|switch|p1a: VEINY PENIS|Gurdurr, F, shiny|337\/337
|move|p2a: Skuntank|Dark Pulse|p1a: VEINY PENIS
|-resisted|p1a: VEINY PENIS
|-damage|p1a: VEINY PENIS|292\/337
|
|-heal|p2a: Skuntank|299\/410|[from] item: Black Sludge
|upkeep
|turn|7
|choice|move knockoff|move sludgebomb
|
|move|p2a: Skuntank|Sludge Bomb|p1a: VEINY PENIS
|-damage|p1a: VEINY PENIS|180\/337
|move|p1a: VEINY PENIS|Knock Off|p2a: Skuntank
|-resisted|p2a: Skuntank
|-damage|p2a: Skuntank|224\/410
|-enditem|p2a: Skuntank|Black Sludge|[from] move: Knock Off|[of] p1a: VEINY PENIS
|
|upkeep
|turn|8
|choice|move drainpunch|move sludgebomb
|
|move|p2a: Skuntank|Sludge Bomb|p1a: VEINY PENIS
|-damage|p1a: VEINY PENIS|77\/337
|move|p1a: VEINY PENIS|Drain Punch|p2a: Skuntank
|-damage|p2a: Skuntank|53\/410
|-heal|p1a: VEINY PENIS|163\/337|[from] drain|[of] p2a: Skuntank
|
|upkeep
|turn|9
|choice|move drainpunch|move sludgebomb
|
|move|p2a: Skuntank|Sludge Bomb|p1a: VEINY PENIS
|-damage|p1a: VEINY PENIS|57\/337
|move|p1a: VEINY PENIS|Drain Punch|p2a: Skuntank
|-damage|p2a: Skuntank|0 fnt
|-heal|p1a: VEINY PENIS|84\/337|[from] drain|[of] p2a: Skuntank
|-damage|p1a: VEINY PENIS|0 fnt|[from] ability: Aftermath|[of] p2a: Skuntank
|faint|p1a: VEINY PENIS
|faint|p2a: Skuntank
|
|upkeep
|choice|switch 5|switch 6
|
|switch|p1a: Kangaskhan|Kangaskhan, F|352\/352
|switch|p2a: Gigalith|Gigalith, F|374\/374
|-item|p2a: Gigalith|Air Balloon
|turn|10
|choice|move drainpunch|move stealthrock
|
|move|p1a: Kangaskhan|Drain Punch|p2a: Gigalith
|-supereffective|p2a: Gigalith
|-damage|p2a: Gigalith|244\/374
|-enditem|p2a: Gigalith|Air Balloon
|-damage|p1a: Kangaskhan|317\/352|[from] item: Life Orb
|move|p2a: Gigalith|Stealth Rock|p1a: Kangaskhan
|-sidestart|p1: T-cancer|move: Stealth Rock
|
|upkeep
|turn|11
|choice|move earthquake|move explosion
|
|move|p1a: Kangaskhan|Earthquake|p2a: Gigalith
|-supereffective|p2a: Gigalith
|-damage|p2a: Gigalith|72\/374
|-damage|p1a: Kangaskhan|282\/352|[from] item: Life Orb
|move|p2a: Gigalith|Explosion|p1a: Kangaskhan
|-damage|p1a: Kangaskhan|0 fnt
|faint|p2a: Gigalith
|faint|p1a: Kangaskhan
|
|upkeep
|c|★T-cancer|damn you
|choice|switch 2|switch 2
|
|switch|p2a: Electivire|Electivire, M|291\/291
|switch|p1a: Mesprit|Mesprit|302\/302
|-damage|p1a: Mesprit|265\/302|[from] Stealth Rock
|turn|12
|choice|move stealthrock|move wildcharge
|
|move|p2a: Electivire|Wild Charge|p1a: Mesprit
|-damage|p1a: Mesprit|77\/302
|-damage|p2a: Electivire|244\/291|[from] recoil|[of] p1a: Mesprit
|-damage|p2a: Electivire|215\/291|[from] item: Life Orb
|move|p1a: Mesprit|Stealth Rock|p2a: Electivire
|-sidestart|p2: hittboy|move: Stealth Rock
|
|-heal|p1a: Mesprit|95\/302|[from] item: Leftovers
|upkeep
|turn|13
|choice|switch 3|move wildcharge
|
|switch|p1a: Mawile|Mawile, M|304\/304
|-damage|p1a: Mawile|285\/304|[from] Stealth Rock
|-ability|p1a: Mawile|Intimidate|boost
|-unboost|p2a: Electivire|atk|1
|move|p2a: Electivire|Wild Charge|p1a: Mawile
|-damage|p1a: Mawile|188\/304
|-damage|p2a: Electivire|191\/291|[from] recoil|[of] p1a: Mawile
|-damage|p2a: Electivire|162\/291|[from] item: Life Orb
|
|-heal|p1a: Mawile|207\/304|[from] item: Leftovers
|upkeep
|turn|14
|j|tehvik
|choice|move playrough|move flamethrower
|
|move|p2a: Electivire|Flamethrower|p1a: Mawile
|-supereffective|p1a: Mawile
|-damage|p1a: Mawile|0 fnt
|-damage|p2a: Electivire|133\/291|[from] item: Life Orb
|faint|p1a: Mawile
|
|upkeep
|choice|switch 6|
|
|switch|p1a: Pyroar|Pyroar, M|313\/313
|-damage|p1a: Pyroar|235\/313|[from] Stealth Rock
|turn|15
|choice|move hypervoice|move wildcharge
|
|move|p1a: Pyroar|Hyper Voice|p2a: Electivire
|-damage|p2a: Electivire|0 fnt
|faint|p2a: Electivire
|
|upkeep
|choice||switch 3
|
|switch|p2a: Gastrodon|Gastrodon, M|426\/426
|-damage|p2a: Gastrodon|400\/426|[from] Stealth Rock
|turn|16
|choice|switch 3|move scald
|
|switch|p1a: Mesprit|Mesprit|95\/302
|-damage|p1a: Mesprit|58\/302|[from] Stealth Rock
|move|p2a: Gastrodon|Scald|p1a: Mesprit
|-damage|p1a: Mesprit|0 fnt
|faint|p1a: Mesprit
|
|-heal|p2a: Gastrodon|426\/426|[from] item: Leftovers
|upkeep
|choice|switch 3|
|
|switch|p1a: Pyroar|Pyroar, M|235\/313
|-damage|p1a: Pyroar|157\/313|[from] Stealth Rock
|turn|17
|c|★hittboy|gg
|choice|move hyperbeam|move earthpower
|
|move|p1a: Pyroar|Hyper Beam|p2a: Gastrodon
|-damage|p2a: Gastrodon|167\/426
|move|p2a: Gastrodon|Earth Power|p1a: Pyroar
|-supereffective|p1a: Pyroar
|-damage|p1a: Pyroar|0 fnt
|faint|p1a: Pyroar
|
|win|hittboy
|player|p1
|player|p2
|raw|T-cancer's rating: 1236 &rarr; <strong>1209<\/strong><br \/>(-27 for losing)
|raw|hittboy's rating: 1213 &rarr; <strong>1239<\/strong><br \/>(+26 for winning)
|l|T-cancer
|l|tehvik</script>
</div>
<div class="battle-log battle-log-inline"><div class="inner"><div class="battle-options"></div><div class="inner"><div class="chat"><small>T-cancer joined.</small></div><div class="chat"><small>hittboy joined.</small></div><div class=""><small>Format:</small> <br><strong>NU</strong></div><div class="rated"><strong>Rated battle</strong></div><div class=""><small><em>Sleep Clause Mod:</em> Limit one foe put to sleep</small></div><div class=""><small><em>Species Clause:</em> Limit one of each Pokémon</small></div><div class=""><small><em>OHKO Clause:</em> OHKO moves are banned</small></div><div class=""><small><em>Moody Clause:</em> Moody is banned</small></div><div class=""><small><em>Evasion Moves Clause:</em> Evasion moves are banned</small></div><div class=""><small><em>Endless Battle Clause:</em> Forcing endless battles is banned</small></div><div class=""><small><em>HP Percentage Mod:</em> HP is shown in percentages</small></div><div class=""><small><em>Swagger Clause:</em> Swagger is banned</small></div><div class=""><small><em>Baton Pass Clause:</em> Limit one Baton Passer, can't pass Spe and other stats simultaneously</small></div><div class="chat battle-history"><strong>T-cancer's team:</strong> <em style="color:#445566;display:block;">Kangaskhan / Golurk / Mawile / Mesprit / Gurdurr / Pyroar</em></div><div class="chat battle-history"><strong>hittboy's team:</strong> <em style="color:#445566;display:block;">Gigalith / Electivire / Gastrodon / Gurdurr / Swellow / Skuntank</em></div><div class="spacer battle-history"><br></div><div class="battle-history">Battle started between T-cancer and hittboy!<br></div><div class="spacer battle-history"><br></div><div class="battle-history">Go! VEINY PENIS (<strong>Gurdurr</strong>)!<br></div><div class="spacer battle-history"><br></div><div class="battle-history">hittboy sent out <strong>Skuntank</strong>!<br></div><div class="spacer battle-history"><br></div><h2 class="battle-history">Turn 1</h2><div class="spacer battle-history"><br></div><div class="battle-history">The opposing Skuntank used <strong>Sludge Bomb</strong>!<br></div><div class="battle-history"><small>(VEINY PENIS lost <abbr title="−99/337">29.4%</abbr> of its health!)</small><br></div><div class="spacer battle-history"><br></div><div class="battle-history">VEINY PENIS used <strong>Drain Punch</strong>!<br></div><div class="battle-history"><small>(The opposing Skuntank lost <abbr title="−186/410">45.4%</abbr> of its health!)</small><br></div><div class="battle-history"><small>The opposing Skuntank had its energy drained!</small><br></div><div class="spacer battle-history"><br></div><div class="battle-history"><small>The opposing Skuntank restored a little HP using its Black Sludge!</small><br></div><div class="spacer battle-history"><br></div><h2 class="battle-history">Turn 2</h2><div class="spacer battle-history"><br></div><div class="battle-history">hittboy withdrew Skuntank!<br></div><div class="battle-history">hittboy sent out <strong>Gurdurr</strong>!<br></div><div class="spacer battle-history"><br></div><div class="battle-history">VEINY PENIS used <strong>Drain Punch</strong>!<br></div><div class="battle-history"><small>(The opposing Gurdurr lost <abbr title="−93/374">24.9%</abbr> of its health!)</small><br></div><div class="battle-history"><small>The opposing Gurdurr had its energy drained!</small><br></div><div class="spacer battle-history"><br></div><h2 class="battle-history">Turn 3</h2><div class="spacer battle-history"><br></div><div class="battle-history">VEINY PENIS, come back!<br></div><div class="battle-history">Go! <strong>Golurk</strong>!<br></div><div class="spacer battle-history"><br></div><div class="battle-history">The opposing Gurdurr used <strong>Bulk Up</strong>!<br></div><div class="battle-history"><small>The opposing Gurdurr's Attack rose!</small><br></div><div class="battle-history"><small>The opposing Gurdurr's Defense rose!</small><br></div><div class="spacer battle-history"><br></div><h2 class="battle-history">Turn 4</h2><div class="spacer battle-history"><br></div><div class="battle-history">Golurk used <strong>Earthquake</strong>!<br></div><div class="battle-history"><small>(The opposing Gurdurr lost <abbr title="−75/374">20.1%</abbr> of its health!)</small><br></div><div class="spacer battle-history"><br></div><div class="battle-history">The opposing Gurdurr used <strong>Knock Off</strong>!<br></div><div class="battle-history"><small>It's super effective!</small><br></div><div class="battle-history"><small>(Golurk lost <abbr title="−359/359">100%</abbr> of its health!)</small><br></div><div class="battle-history"><small>The opposing Gurdurr knocked off Golurk's Assault Vest!</small><br></div><div class="spacer battle-history"><br></div><div class="battle-history">Golurk fainted!<br></div><div class="spacer battle-history"><br></div><div class="battle-history">Go! <strong>Mesprit</strong>!<br></div><div class="spacer battle-history"><br></div><h2 class="battle-history">Turn 5</h2><div class="spacer battle-history"><br></div><div class="battle-history">hittboy withdrew Gurdurr!<br></div><div class="battle-history">hittboy sent out <strong>Skuntank</strong>!<br></div><div class="spacer battle-history"><br></div><div class="battle-history">Mesprit used <strong>Psychic</strong>!<br></div><div class="battle-history"><small>It doesn't affect the opposing Skuntank...</small><br></div><div class="spacer battle-history"><br></div><div class="battle-history"><small>The opposing Skuntank restored a little HP using its Black Sludge!</small><br></div><div class="spacer battle-history"><br></div><h2 class="battle-history">Turn 6</h2><div class="spacer battle-history"><br></div><div class="battle-history">Mesprit, come back!<br></div><div class="battle-history">Go! VEINY PENIS (<strong>Gurdurr</strong>)!<br></div><div class="spacer battle-history"><br></div><div class="battle-history">The opposing Skuntank used <strong>Dark Pulse</strong>!<br></div><div class="battle-history"><small>It's not very effective...</small><br></div><div class="battle-history"><small>(VEINY PENIS lost <abbr title="−45/337">13.4%</abbr> of its health!)</small><br></div><div class="spacer battle-history"><br></div><div class="battle-history"><small>The opposing Skuntank restored a little HP using its Black Sludge!</small><br></div><div class="spacer battle-history"><br></div><h2 class="battle-history">Turn 7</h2><div class="spacer battle-history"><br></div><div class="battle-history">The opposing Skuntank used <strong>Sludge Bomb</strong>!<br></div><div class="battle-history"><small>(VEINY PENIS lost <abbr title="−112/337">33.2%</abbr> of its health!)</small><br></div><div class="spacer battle-history"><br></div><div class="battle-history">VEINY PENIS used <strong>Knock Off</strong>!<br></div><div class="battle-history"><small>It's not very effective...</small><br></div><div class="battle-history"><small>(The opposing Skuntank lost <abbr title="−75/410">18.3%</abbr> of its health!)</small><br></div><div class="battle-history"><small>VEINY PENIS knocked off the opposing Skuntank's Black Sludge!</small><br></div><div class="spacer battle-history"><br></div><h2 class="battle-history">Turn 8</h2><div class="spacer battle-history"><br></div><div class="battle-history">The opposing Skuntank used <strong>Sludge Bomb</strong>!<br></div><div class="battle-history"><small>(VEINY PENIS lost <abbr title="−103/337">30.6%</abbr> of its health!)</small><br></div><div class="spacer battle-history"><br></div><div class="battle-history">VEINY PENIS used <strong>Drain Punch</strong>!<br></div><div class="battle-history"><small>(The opposing Skuntank lost <abbr title="−171/410">41.7%</abbr> of its health!)</small><br></div><div class="battle-history"><small>The opposing Skuntank had its energy drained!</small><br></div><div class="spacer battle-history"><br></div><h2 class="battle-history">Turn 9</h2><div class="spacer battle-history"><br></div><div class="battle-history">The opposing Skuntank used <strong>Sludge Bomb</strong>!<br></div><div class="battle-history"><small>(VEINY PENIS lost <abbr title="−106/337">31.5%</abbr> of its health!)</small><br></div><div class="spacer battle-history"><br></div><div class="battle-history">VEINY PENIS used <strong>Drain Punch</strong>!<br></div><div class="battle-history"><small>(The opposing Skuntank lost <abbr title="−53/410">12.9%</abbr> of its health!)</small><br></div><div class="battle-history"><small>The opposing Skuntank had its energy drained!</small><br></div><div class="battle-history"><small>[The opposing Skuntank's Aftermath]</small><br><small>VEINY PENIS is hurt!</small><br></div><div class="spacer battle-history"><br></div><div class="battle-history">VEINY PENIS fainted!<br></div><div class="battle-history">The opposing Skuntank fainted!<br></div><div class="spacer battle-history"><br></div><div class="battle-history">Go! <strong>Kangaskhan</strong>!<br></div><div class="spacer battle-history"><br></div><div class="battle-history">hittboy sent out <strong>Gigalith</strong>!<br></div><div class="battle-history"><small>The opposing Gigalith floats in the air with its Air Balloon!</small><br></div><div class="spacer battle-history"><br></div><h2 class="battle-history">Turn 10</h2><div class="spacer battle-history"><br></div><div class="battle-history">Kangaskhan used <strong>Drain Punch</strong>!<br></div><div class="battle-history"><small>It's super effective!</small><br></div><div class="battle-history"><small>(The opposing Gigalith lost <abbr title="−130/374">34.8%</abbr> of its health!)</small><br></div><div class="battle-history"><small>The opposing Gigalith's Air Balloon popped!</small><br></div><div class="battle-history"><small>Kangaskhan lost some of its HP!</small><br></div><div class="spacer battle-history"><br></div><div class="battle-history">The opposing Gigalith used <strong>Stealth Rock</strong>!<br></div><div class="battle-history"><small>Pointed stones float in the air around your team!</small><br></div><div class="spacer battle-history"><br></div><h2 class="battle-history">Turn 11</h2><div class="spacer battle-history"><br></div><div class="battle-history">Kangaskhan used <strong>Earthquake</strong>!<br></div><div class="battle-history"><small>It's super effective!</small><br></div><div class="battle-history"><small>(The opposing Gigalith lost <abbr title="−172/374">46.0%</abbr> of its health!)</small><br></div><div class="battle-history"><small>Kangaskhan lost some of its HP!</small><br></div><div class="spacer battle-history"><br></div><div class="battle-history">The opposing Gigalith used <strong>Explosion</strong>!<br></div><div class="battle-history"><small>(Kangaskhan lost <abbr title="−282/352">80.1%</abbr> of its health!)</small><br></div><div class="spacer battle-history"><br></div><div class="battle-history">The opposing Gigalith fainted!<br></div><div class="battle-history">Kangaskhan fainted!<br></div><div class="chat chatmessage-tcancer"><strong style="color:hsl(348,62%,46.16256079923485%)"><small>★</small><span class="username" data-name="T-cancer">T-cancer</span>:</strong> <em>damn you</em></div><div class="spacer battle-history"><br></div><div class="battle-history">hittboy sent out <strong>Electivire</strong>!<br></div><div class="spacer battle-history"><br></div><div class="battle-history">Go! <strong>Mesprit</strong>!<br></div><div class="battle-history"><small>Pointed stones dug into Mesprit!</small><br></div><div class="spacer battle-history"><br></div><h2 class="battle-history">Turn 12</h2><div class="spacer battle-history"><br></div><div class="battle-history">The opposing Electivire used <strong>Wild Charge</strong>!<br></div><div class="battle-history"><small>(Mesprit lost <abbr title="−188/302">62.3%</abbr> of its health!)</small><br></div><div class="battle-history"><small>The opposing Electivire is damaged by the recoil!</small><br></div><div class="battle-history"><small>The opposing Electivire lost some of its HP!</small><br></div><div class="spacer battle-history"><br></div><div class="battle-history">Mesprit used <strong>Stealth Rock</strong>!<br></div><div class="battle-history"><small>Pointed stones float in the air around the opposing team!</small><br></div><div class="spacer battle-history"><br></div><div class="battle-history"><small>Mesprit restored a little HP using its Leftovers!</small><br></div><div class="spacer battle-history"><br></div><h2 class="battle-history">Turn 13</h2><div class="spacer battle-history"><br></div><div class="battle-history">Mesprit, come back!<br></div><div class="battle-history">Go! <strong>Mawile</strong>!<br></div><div class="battle-history"><small>Pointed stones dug into Mawile!</small><br></div><div class="battle-history"><small>[Mawile's Intimidate]</small><br></div><div class="battle-history"><small>The opposing Electivire's Attack fell!</small><br></div><div class="spacer battle-history"><br></div><div class="battle-history">The opposing Electivire used <strong>Wild Charge</strong>!<br></div><div class="battle-history"><small>(Mawile lost <abbr title="−97/304">31.9%</abbr> of its health!)</small><br></div><div class="battle-history"><small>The opposing Electivire is damaged by the recoil!</small><br></div><div class="battle-history"><small>The opposing Electivire lost some of its HP!</small><br></div><div class="spacer battle-history"><br></div><div class="battle-history"><small>Mawile restored a little HP using its Leftovers!</small><br></div><div class="spacer battle-history"><br></div><h2 class="battle-history">Turn 14</h2><div class="chat"><small>tehvik joined.</small></div><div class="spacer battle-history"><br></div><div class="battle-history">The opposing Electivire used <strong>Flamethrower</strong>!<br></div><div class="battle-history"><small>It's super effective!</small><br></div><div class="battle-history"><small>(Mawile lost <abbr title="−207/304">68.1%</abbr> of its health!)</small><br></div><div class="battle-history"><small>The opposing Electivire lost some of its HP!</small><br></div><div class="spacer battle-history"><br></div><div class="battle-history">Mawile fainted!<br></div><div class="spacer battle-history"><br></div><div class="battle-history">Go! <strong>Pyroar</strong>!<br></div><div class="battle-history"><small>Pointed stones dug into Pyroar!</small><br></div><div class="spacer battle-history"><br></div><h2 class="battle-history">Turn 15</h2><div class="spacer battle-history"><br></div><div class="battle-history">Pyroar used <strong>Hyper Voice</strong>!<br></div><div class="battle-history"><small>(The opposing Electivire lost <abbr title="−133/291">45.7%</abbr> of its health!)</small><br></div><div class="spacer battle-history"><br></div><div class="battle-history">The opposing Electivire fainted!<br></div><div class="spacer battle-history"><br></div><div class="battle-history">hittboy sent out <strong>Gastrodon</strong>!<br></div><div class="battle-history"><small>Pointed stones dug into the opposing Gastrodon!</small><br></div><div class="spacer battle-history"><br></div><h2 class="battle-history">Turn 16</h2><div class="spacer battle-history"><br></div><div class="battle-history">Pyroar, come back!<br></div><div class="battle-history">Go! <strong>Mesprit</strong>!<br></div><div class="battle-history"><small>Pointed stones dug into Mesprit!</small><br></div><div class="spacer battle-history"><br></div><div class="battle-history">The opposing Gastrodon used <strong>Scald</strong>!<br></div><div class="battle-history"><small>(Mesprit lost <abbr title="−58/302">19.2%</abbr> of its health!)</small><br></div><div class="spacer battle-history"><br></div><div class="battle-history">Mesprit fainted!<br></div><div class="spacer battle-history"><br></div><div class="battle-history"><small>The opposing Gastrodon restored a little HP using its Leftovers!</small><br></div><div class="spacer battle-history"><br></div><div class="battle-history">Go! <strong>Pyroar</strong>!<br></div><div class="battle-history"><small>Pointed stones dug into Pyroar!</small><br></div><div class="spacer battle-history"><br></div><h2 class="battle-history">Turn 17</h2><div class="chat chatmessage-hittboy"><strong style="color:hsl(171,82%,36.431450482872975%)"><small>★</small><span class="username" data-name="hittboy">hittboy</span>:</strong> <em>gg</em></div><div class="spacer battle-history"><br></div><div class="battle-history">Pyroar used <strong>Hyper Beam</strong>!<br></div><div class="battle-history"><small>(The opposing Gastrodon lost <abbr title="−259/426">60.8%</abbr> of its health!)</small><br></div><div class="spacer battle-history"><br></div><div class="battle-history">The opposing Gastrodon used <strong>Earth Power</strong>!<br></div><div class="battle-history"><small>It's super effective!</small><br></div><div class="battle-history"><small>(Pyroar lost <abbr title="−157/313">50.2%</abbr> of its health!)</small><br></div><div class="spacer battle-history"><br></div><div class="battle-history">Pyroar fainted!<br></div><div class="spacer battle-history"><br></div><div class="battle-history"><strong>hittboy</strong> won the battle!<br></div><div class="chat">T-cancer's rating: 1236 → <strong>1209</strong><br>(-27 for losing)</div><div class="chat">hittboy's rating: 1213 → <strong>1239</strong><br>(+26 for winning)</div><div class="chat"><small>T-cancer left.</small></div><div class="chat"><small>tehvik left.</small></div></div><div class="inner-preempt"></div></div></div>
</div>
<script>
let daily = Math.floor(Date.now()/1000/60/60/24);document.write('<script src="https://play.pokemonshowdown.com/js/replay-embed.js?version'+daily+'"></'+'script>');
</script>
