<!DOCTYPE html>
<meta charset="utf-8" />
<!-- version 1 -->
<title>NU replay: PursuitOfHappiny vs. nadaplease</title>
<style>
html,body {font-family:Verdana, sans-serif;font-size:10pt;margin:0;padding:0;}body{padding:12px 0;} .battle-log {font-family:Verdana, sans-serif;font-size:10pt;} .battle-log-inline {border:1px solid #AAAAAA;background:#EEF2F5;color:black;max-width:640px;margin:0 auto 80px;padding-bottom:5px;} .battle-log .inner {padding:4px 8px 0px 8px;} .battle-log .inner-preempt {padding:0 8px 4px 8px;} .battle-log .inner-after {margin-top:0.5em;} .battle-log h2 {margin:0.5em -8px;padding:4px 8px;border:1px solid #AAAAAA;background:#E0E7EA;border-left:0;border-right:0;font-family:Verdana, sans-serif;font-size:13pt;} .battle-log .chat {vertical-align:middle;padding:3px 0 3px 0;font-size:8pt;} .battle-log .chat strong {color:#40576A;} .battle-log .chat em {padding:1px 4px 1px 3px;color:#000000;font-style:normal;} .chat.mine {background:rgba(0,0,0,0.05);margin-left:-8px;margin-right:-8px;padding-left:8px;padding-right:8px;} .spoiler {color:#BBBBBB;background:#BBBBBB;padding:0px 3px;} .spoiler:hover, .spoiler:active, .spoiler-shown {color:#000000;background:#E2E2E2;padding:0px 3px;} .spoiler a {color:#BBBBBB;} .spoiler:hover a, .spoiler:active a, .spoiler-shown a {color:#2288CC;} .chat code, .chat .spoiler:hover code, .chat .spoiler:active code, .chat .spoiler-shown code {border:1px solid #C0C0C0;background:#EEEEEE;color:black;padding:0 2px;} .chat .spoiler code {border:1px solid #CCCCCC;background:#CCCCCC;color:#CCCCCC;} .battle-log .rated {padding:3px 4px;} .battle-log .rated strong {color:white;background:#89A;padding:1px 4px;border-radius:4px;} .spacer {margin-top:0.5em;} .message-announce {background:#6688AA;color:white;padding:1px 4px 2px;} .message-announce a, .broadcast-green a, .broadcast-blue a, .broadcast-red a {color:#DDEEFF;} .broadcast-green {background-color:#559955;color:white;padding:2px 4px;} .broadcast-blue {background-color:#6688AA;color:white;padding:2px 4px;} .infobox {border:1px solid #6688AA;padding:2px 4px;} .infobox-limited {max-height:200px;overflow:auto;overflow-x:hidden;} .broadcast-red {background-color:#AA5544;color:white;padding:2px 4px;} .message-learn-canlearn {font-weight:bold;color:#228822;text-decoration:underline;} .message-learn-cannotlearn {font-weight:bold;color:#CC2222;text-decoration:underline;} .message-effect-weak {font-weight:bold;color:#CC2222;} .message-effect-resist {font-weight:bold;color:#6688AA;} .message-effect-immune {font-weight:bold;color:#666666;} .message-learn-list {margin-top:0;margin-bottom:0;} .message-throttle-notice, .message-error {color:#992222;} .message-overflow, .chat small.message-overflow {font-size:0pt;} .message-overflow::before {font-size:9pt;content:'...';} .subtle {color:#3A4A66;}
</style>
<div class="wrapper replay-wrapper" style="max-width:1180px;margin:0 auto">
<input type="hidden" name="replayid" value="nu-537014149" />
<div class="battle"></div><div class="battle-log"></div><div class="replay-controls"></div><div class="replay-controls-2"></div>
<h1 style="font-weight:normal;text-align:center"><strong>NU</strong><br /><a href="http://pokemonshowdown.com/users/pursuitofhappiny" class="subtle" target="_blank">PursuitOfHappiny</a> vs. <a href="http://pokemonshowdown.com/users/nadaplease" class="subtle" target="_blank">nadaplease</a></h1>
<script type="text/plain" class="battle-log-data">|j|PursuitOfHappiny
|j|nadaplease
|player|p1|PursuitOfHappiny|99
|player|p2|nadaplease|251
|gametype|singles
|gen|6
|tier|NU
|seed|22991,10261,50497,2267
|rule|Sleep Clause Mod: Limit one foe put to sleep
|rule|Species Clause: Limit one of each Pokémon
|rule|OHKO Clause: OHKO moves are banned
|rule|Moody Clause: Moody is banned
|rule|Evasion Moves Clause: Evasion moves are banned
|rule|Endless Battle Clause: Forcing endless battles is banned
|rule|HP Percentage Mod: HP is shown in percentages
|clearpoke
|poke|p1|Heatmor, F|item
|poke|p1|Shiftry, M|item
|poke|p1|Garbodor, F|item
|poke|p1|Swellow, M|item
|poke|p1|Kabutops, F|item
|poke|p1|Mesprit|item
|poke|p2|Rapidash, F|item
|poke|p2|Torterra, F|item
|poke|p2|Lanturn, F|item
|poke|p2|Xatu, F|item
|poke|p2|Haunter, M|item
|poke|p2|Tauros, M|item
|rule|Swagger Clause: Swagger is banned
|rule|Baton Pass Clause: Limit one Baton Passer, can't pass Spe and other stats simultaneously
|teampreview
|c|★nadaplease|yooo
|c|★PursuitOfHappiny|hi
|choice|team 2, team 1, team 3, team 4, team 5, team 6|team 4, team 2, team 3, team 1, team 5, team 6
|
|start
|switch|p1a: Shiftry|Shiftry, M|321\/321
|switch|p2a: Xatu|Xatu, F|333\/333
|turn|1
|choice|move knockoff|switch 2
|
|switch|p2a: Torterra|Torterra, F|394\/394
|move|p1a: Shiftry|Knock Off|p2a: Torterra
|-damage|p2a: Torterra|283\/394
|-enditem|p2a: Torterra|Leftovers|[from] move: Knock Off|[of] p1a: Shiftry
|
|upkeep
|turn|2
|choice|switch 6|move stealthrock
|
|switch|p1a: Mesprit|Mesprit|363\/363
|move|p2a: Torterra|Stealth Rock|p1a: Mesprit
|-sidestart|p1: PursuitOfHappiny|move: Stealth Rock
|
|upkeep
|turn|3
|choice|move uturn|switch 3
|
|switch|p2a: Lanturn|Lanturn, F|405\/405
|move|p1a: Mesprit|U-turn|p2a: Lanturn
|-damage|p2a: Lanturn|346\/405
|choice|switch 6|
|
|switch|p1a: Shiftry|Shiftry, M|321\/321
|-damage|p1a: Shiftry|281\/321|[from] Stealth Rock
|
|-heal|p2a: Lanturn|371\/405|[from] item: Leftovers
|upkeep
|turn|4
|choice|move leafblade|switch 3
|
|switch|p2a: Torterra|Torterra, F|283\/394
|move|p1a: Shiftry|Leaf Blade|p2a: Torterra
|-damage|p2a: Torterra|184\/394
|
|upkeep
|turn|5
|choice|switch 6|move synthesis
|
|switch|p1a: Mesprit|Mesprit|363\/363
|-damage|p1a: Mesprit|318\/363|[from] Stealth Rock
|move|p2a: Torterra|Synthesis|p2a: Torterra
|-heal|p2a: Torterra|381\/394
|
|upkeep
|turn|6
|choice|move stealthrock|switch 2
|
|switch|p2a: Xatu|Xatu, F|333\/333
|move|p1a: Mesprit|Stealth Rock|p2a: Xatu
|move|p2a: Xatu|Stealth Rock|p1a: Mesprit|[from]Magic Bounce
|-fail|p1a: Mesprit
|
|upkeep
|turn|7
|choice|move uturn|move heatwave
|
|move|p2a: Xatu|Heat Wave|p1a: Mesprit
|-damage|p1a: Mesprit|249\/363
|-status|p1a: Mesprit|brn
|move|p1a: Mesprit|U-turn|p2a: Xatu
|-damage|p2a: Xatu|309\/333
|-damage|p1a: Mesprit|189\/363 brn|[from] item: Rocky Helmet|[of] p2a: Xatu
|c|★nadaplease|sorry about the burn
|choice|switch 6|
|
|switch|p1a: Shiftry|Shiftry, M|281\/321
|-damage|p1a: Shiftry|241\/321|[from] Stealth Rock
|
|upkeep
|turn|8
|c|★PursuitOfHappiny|np
|choice|move knockoff|switch 2
|
|switch|p2a: Torterra|Torterra, F|381\/394
|move|p1a: Shiftry|Knock Off|p2a: Torterra
|-damage|p2a: Torterra|306\/394
|
|upkeep
|turn|9
|choice|move swordsdance|move woodhammer
|
|move|p1a: Shiftry|Swords Dance|p1a: Shiftry
|-boost|p1a: Shiftry|atk|2
|move|p2a: Torterra|Wood Hammer|p1a: Shiftry
|-resisted|p1a: Shiftry
|-damage|p1a: Shiftry|111\/321
|-damage|p2a: Torterra|263\/394|[from] recoil|[of] p1a: Shiftry
|
|upkeep
|turn|10
|choice|move leafblade|move woodhammer
|
|move|p1a: Shiftry|Leaf Blade|p2a: Torterra
|-damage|p2a: Torterra|67\/394
|move|p2a: Torterra|Wood Hammer|p1a: Shiftry
|-resisted|p1a: Shiftry
|-damage|p1a: Shiftry|0 fnt
|-damage|p2a: Torterra|30\/394|[from] recoil|[of] p1a: Shiftry
|faint|p1a: Shiftry
|
|upkeep
|choice|switch 5|
|
|switch|p1a: Kabutops|Kabutops, F|261\/261
|-damage|p1a: Kabutops|229\/261|[from] Stealth Rock
|turn|11
|choice|move rapidspin|move synthesis
|
|move|p1a: Kabutops|Rapid Spin|p2a: Torterra
|-damage|p2a: Torterra|11\/394
|-sideend|p1: PursuitOfHappiny|Stealth Rock|[from] move: Rapid Spin|[of] p1a: Kabutops
|move|p2a: Torterra|Synthesis|p2a: Torterra
|-heal|p2a: Torterra|208\/394
|
|upkeep
|turn|12
|choice|switch 3|move synthesis
|
|switch|p1a: Garbodor|Garbodor, F|364\/364
|move|p2a: Torterra|Synthesis|p2a: Torterra
|-heal|p2a: Torterra|394\/394
|
|upkeep
|turn|13
|choice|move gunkshot|move earthquake
|
|move|p1a: Garbodor|Gunk Shot|p2a: Torterra
|-damage|p2a: Torterra|291\/394
|move|p2a: Torterra|Earthquake|p1a: Garbodor
|-supereffective|p1a: Garbodor
|-damage|p1a: Garbodor|110\/364
|
|upkeep
|turn|14
|choice|switch 6|switch 2
|
|switch|p1a: Mesprit|Mesprit|189\/363 brn
|switch|p2a: Xatu|Xatu, F|309\/333
|
|-damage|p1a: Mesprit|144\/363 brn|[from] brn
|upkeep
|turn|15
|choice|move uturn|move heatwave
|
|move|p2a: Xatu|Heat Wave|p1a: Mesprit
|-crit|p1a: Mesprit
|-damage|p1a: Mesprit|36\/363 brn
|move|p1a: Mesprit|U-turn|p2a: Xatu
|-crit|p2a: Xatu
|-damage|p2a: Xatu|275\/333
|-damage|p1a: Mesprit|0 fnt|[from] item: Rocky Helmet|[of] p2a: Xatu
|faint|p1a: Mesprit
|
|upkeep
|choice|switch 4|
|
|switch|p1a: Swellow|Swellow, M|261\/261
|turn|16
|choice|move boomburst|move psychic
|
|move|p1a: Swellow|Boomburst|p2a: Xatu
|-damage|p2a: Xatu|0 fnt
|faint|p2a: Xatu
|
|upkeep
|choice||switch 3
|
|switch|p2a: Lanturn|Lanturn, F|371\/405
|turn|17
|choice|switch 6|move voltswitch
|
|switch|p1a: Garbodor|Garbodor, F|110\/364
|move|p2a: Lanturn|Volt Switch|p1a: Garbodor
|-damage|p1a: Garbodor|37\/364
|choice||switch 5
|
|switch|p2a: Haunter|Haunter, M|231\/231
|
|upkeep
|turn|18
|choice|move toxicspikes|move sludgewave
|
|move|p2a: Haunter|Sludge Wave|p1a: Garbodor
|-resisted|p1a: Garbodor
|-damage|p1a: Garbodor|0 fnt
|-damage|p2a: Haunter|208\/231|[from] item: Life Orb
|faint|p1a: Garbodor
|
|upkeep
|choice|switch 6|
|
|switch|p1a: Swellow|Swellow, M|261\/261
|turn|19
|choice|move boomburst|move sludgewave
|
|move|p1a: Swellow|Boomburst|p2a: Haunter
|-damage|p2a: Haunter|0 fnt
|faint|p2a: Haunter
|
|upkeep
|choice||switch 5
|
|switch|p2a: Lanturn|Lanturn, F|371\/405
|turn|20
|choice|switch 2|move voltswitch
|
|switch|p1a: Heatmor|Heatmor, F|311\/311
|move|p2a: Lanturn|Volt Switch|p1a: Heatmor
|-damage|p1a: Heatmor|212\/311
|choice||switch 6
|
|switch|p2a: Tauros|Tauros, M|291\/291
|
|upkeep
|turn|21
|choice|switch 2|move rockclimb
|
|switch|p1a: Swellow|Swellow, M|261\/261
|move|p2a: Tauros|Rock Climb|p1a: Swellow
|-damage|p1a: Swellow|0 fnt
|faint|p1a: Swellow
|
|upkeep
|choice|switch 3|
|
|switch|p1a: Kabutops|Kabutops, F|229\/261
|turn|22
|choice|move superpower|move earthquake
|
|move|p1a: Kabutops|Superpower|p2a: Tauros
|-supereffective|p2a: Tauros
|-damage|p2a: Tauros|0 fnt
|-unboost|p1a: Kabutops|atk|1
|-unboost|p1a: Kabutops|def|1
|faint|p2a: Tauros
|
|upkeep
|choice||switch 2
|
|switch|p2a: Torterra|Torterra, F|291\/394
|turn|23
|choice|switch 2|move earthquake
|
|switch|p1a: Heatmor|Heatmor, F|212\/311
|move|p2a: Torterra|Earthquake|p1a: Heatmor
|-supereffective|p1a: Heatmor
|-damage|p1a: Heatmor|0 fnt
|faint|p1a: Heatmor
|
|upkeep
|c|★PursuitOfHappiny|gg i played kinda bad
|choice|switch 2|
|
|switch|p1a: Kabutops|Kabutops, F|229\/261
|turn|24
|c|★nadaplease|no the hax with mesprit did gave u trouble you played well
|c|★PursuitOfHappiny|go flinch
|choice|move waterfall|move woodhammer
|
|move|p1a: Kabutops|Waterfall|p2a: Torterra
|-damage|p2a: Torterra|176\/394
|cant|p2a: Torterra|flinch
|
|upkeep
|turn|25
|choice|move waterfall|move woodhammer
|
|move|p1a: Kabutops|Waterfall|p2a: Torterra
|-damage|p2a: Torterra|65\/394
|cant|p2a: Torterra|flinch
|
|upkeep
|turn|26
|choice|move waterfall|move woodhammer
|
|move|p1a: Kabutops|Waterfall|p2a: Torterra
|-damage|p2a: Torterra|0 fnt
|faint|p2a: Torterra
|
|upkeep
|choice||switch 6
|
|switch|p2a: Lanturn|Lanturn, F|371\/405
|turn|27
|choice|move waterfall|move voltswitch
|
|move|p1a: Kabutops|Waterfall|p2a: Lanturn
|-resisted|p2a: Lanturn
|-damage|p2a: Lanturn|284\/405
|cant|p2a: Lanturn|flinch
|
|-heal|p2a: Lanturn|309\/405|[from] item: Leftovers
|upkeep
|turn|28
|c|★PursuitOfHappiny|lol
|c|★nadaplease|tfw youd win with water absorb
|choice|move waterfall|move voltswitch
|
|move|p1a: Kabutops|Waterfall|p2a: Lanturn
|-resisted|p2a: Lanturn
|-crit|p2a: Lanturn
|-damage|p2a: Lanturn|181\/405
|cant|p2a: Lanturn|flinch
|
|-heal|p2a: Lanturn|206\/405|[from] item: Leftovers
|upkeep
|turn|29
|c|★PursuitOfHappiny|wtf
|choice|move waterfall|move voltswitch
|
|move|p1a: Kabutops|Waterfall|p2a: Lanturn
|-resisted|p2a: Lanturn
|-damage|p2a: Lanturn|117\/405
|move|p2a: Lanturn|Volt Switch|p1a: Kabutops
|-supereffective|p1a: Kabutops
|-damage|p1a: Kabutops|61\/261
|choice||switch 4
|
|switch|p2a: Rapidash|Rapidash, F|271\/271
|
|upkeep
|turn|30
|c|★nadaplease|no lie waterfall always flinches against me
|choice|move waterfall|move wildcharge
|
|move|p1a: Kabutops|Waterfall|p2a: Rapidash
|-supereffective|p2a: Rapidash
|-damage|p2a: Rapidash|0 fnt
|faint|p2a: Rapidash
|
|upkeep
|choice||switch 4
|
|switch|p2a: Lanturn|Lanturn, F|117\/405
|turn|31
|choice|move waterfall|move voltswitch
|
|move|p1a: Kabutops|Waterfall|p2a: Lanturn
|-resisted|p2a: Lanturn
|-damage|p2a: Lanturn|24\/405
|cant|p2a: Lanturn|flinch
|
|-heal|p2a: Lanturn|49\/405|[from] item: Leftovers
|upkeep
|turn|32
|c|★nadaplease|loooooooool
|c|★PursuitOfHappiny|im done
|c|★nadaplease|gg
|c|★PursuitOfHappiny|im fucking done
|c|★PursuitOfHappiny|lmao
|choice|move waterfall|move voltswitch
|
|move|p1a: Kabutops|Waterfall|p2a: Lanturn
|-resisted|p2a: Lanturn
|-damage|p2a: Lanturn|0 fnt
|faint|p2a: Lanturn
|
|win|PursuitOfHappiny
|player|p1
|player|p2
|c|★nadaplease|see if this was ladder id be pissed
|c|★nadaplease|but yeah fun game
|c|★PursuitOfHappiny|lemme save this
|c|★nadaplease|Ye</script>
</div>
<div class="battle-log battle-log-inline"><div class="inner"><div class="battle-options"></div><div class="inner"><div class="chat"><small>PursuitOfHappiny joined.</small></div><div class="chat"><small>nadaplease joined.</small></div><div class=""><small>Format:</small> <br><strong>NU</strong></div><div class=""><small><em>Sleep Clause Mod:</em> Limit one foe put to sleep</small></div><div class=""><small><em>Species Clause:</em> Limit one of each Pokémon</small></div><div class=""><small><em>OHKO Clause:</em> OHKO moves are banned</small></div><div class=""><small><em>Moody Clause:</em> Moody is banned</small></div><div class=""><small><em>Evasion Moves Clause:</em> Evasion moves are banned</small></div><div class=""><small><em>Endless Battle Clause:</em> Forcing endless battles is banned</small></div><div class=""><small><em>HP Percentage Mod:</em> HP is shown in percentages</small></div><div class=""><small><em>Swagger Clause:</em> Swagger is banned</small></div><div class=""><small><em>Baton Pass Clause:</em> Limit one Baton Passer, can't pass Spe and other stats simultaneously</small></div><div class="chat battle-history"><strong>PursuitOfHappiny's team:</strong> <em style="color:#445566;display:block;">Heatmor / Shiftry / Garbodor / Swellow / Kabutops / Mesprit</em></div><div class="chat battle-history"><strong>nadaplease's team:</strong> <em style="color:#445566;display:block;">Rapidash / Torterra / Lanturn / Xatu / Haunter / Tauros</em></div><div class="chat chatmessage-nadaplease"><strong style="color:hsl(107,62%,40.86340831999783%)"><small>★</small><span class="username" data-name="nadaplease">nadaplease</span>:</strong> <em>yooo</em></div><div class="chat chatmessage-pursuitofhappiny"><strong style="color:hsl(28,56%,43%)"><small>★</small><span class="username" data-name="PursuitOfHappiny">PursuitOfHappiny</span>:</strong> <em>hi</em></div><div class="spacer battle-history"><br></div><div class="battle-history">Battle started between PursuitOfHappiny and nadaplease!<br></div><div class="spacer battle-history"><br></div><div class="battle-history">Go! <strong>Shiftry</strong>!<br></div><div class="spacer battle-history"><br></div><div class="battle-history">nadaplease sent out <strong>Xatu</strong>!<br></div><div class="spacer battle-history"><br></div><h2 class="battle-history">Turn 1</h2><div class="spacer battle-history"><br></div><div class="battle-history">nadaplease withdrew Xatu!<br></div><div class="battle-history">nadaplease sent out <strong>Torterra</strong>!<br></div><div class="spacer battle-history"><br></div><div class="battle-history">Shiftry used <strong>Knock Off</strong>!<br></div><div class="battle-history"><small>(The opposing Torterra lost <abbr title="−111/394">28.2%</abbr> of its health!)</small><br></div><div class="battle-history"><small>Shiftry knocked off the opposing Torterra's Leftovers!</small><br></div><div class="spacer battle-history"><br></div><h2 class="battle-history">Turn 2</h2><div class="spacer battle-history"><br></div><div class="battle-history">Shiftry, come back!<br></div><div class="battle-history">Go! <strong>Mesprit</strong>!<br></div><div class="spacer battle-history"><br></div><div class="battle-history">The opposing Torterra used <strong>Stealth Rock</strong>!<br></div><div class="battle-history"><small>Pointed stones float in the air around your team!</small><br></div><div class="spacer battle-history"><br></div><h2 class="battle-history">Turn 3</h2><div class="spacer battle-history"><br></div><div class="battle-history">nadaplease withdrew Torterra!<br></div><div class="battle-history">nadaplease sent out <strong>Lanturn</strong>!<br></div><div class="spacer battle-history"><br></div><div class="battle-history">Mesprit used <strong>U-turn</strong>!<br></div><div class="battle-history"><small>(The opposing Lanturn lost <abbr title="−59/405">14.6%</abbr> of its health!)</small><br></div><div class="spacer battle-history"><br></div><div class="battle-history">Mesprit went back to PursuitOfHappiny!<br></div><div class="battle-history">Go! <strong>Shiftry</strong>!<br></div><div class="battle-history"><small>Pointed stones dug into Shiftry!</small><br></div><div class="spacer battle-history"><br></div><div class="battle-history"><small>The opposing Lanturn restored a little HP using its Leftovers!</small><br></div><div class="spacer battle-history"><br></div><h2 class="battle-history">Turn 4</h2><div class="spacer battle-history"><br></div><div class="battle-history">nadaplease withdrew Lanturn!<br></div><div class="battle-history">nadaplease sent out <strong>Torterra</strong>!<br></div><div class="spacer battle-history"><br></div><div class="battle-history">Shiftry used <strong>Leaf Blade</strong>!<br></div><div class="battle-history"><small>(The opposing Torterra lost <abbr title="−99/394">25.1%</abbr> of its health!)</small><br></div><div class="spacer battle-history"><br></div><h2 class="battle-history">Turn 5</h2><div class="spacer battle-history"><br></div><div class="battle-history">Shiftry, come back!<br></div><div class="battle-history">Go! <strong>Mesprit</strong>!<br></div><div class="battle-history"><small>Pointed stones dug into Mesprit!</small><br></div><div class="spacer battle-history"><br></div><div class="battle-history">The opposing Torterra used <strong>Synthesis</strong>!<br></div><div class="battle-history"><small>The opposing Torterra restored its HP.</small><br></div><div class="spacer battle-history"><br></div><h2 class="battle-history">Turn 6</h2><div class="spacer battle-history"><br></div><div class="battle-history">nadaplease withdrew Torterra!<br></div><div class="battle-history">nadaplease sent out <strong>Xatu</strong>!<br></div><div class="spacer battle-history"><br></div><div class="battle-history">Mesprit used <strong>Stealth Rock</strong>!<br></div><div class="spacer battle-history"><br></div><div class="battle-history"><small>[The opposing Xatu's Magic Bounce]</small><br>The opposing Xatu bounced the Stealth Rock back!<br></div><div class="battle-history"><small>But it failed!</small><br></div><div class="spacer battle-history"><br></div><h2 class="battle-history">Turn 7</h2><div class="spacer battle-history"><br></div><div class="battle-history">The opposing Xatu used <strong>Heat Wave</strong>!<br></div><div class="battle-history"><small>(Mesprit lost <abbr title="−69/363">19.0%</abbr> of its health!)</small><br></div><div class="battle-history"><small>Mesprit was burned!</small><br></div><div class="spacer battle-history"><br></div><div class="battle-history">Mesprit used <strong>U-turn</strong>!<br></div><div class="battle-history"><small>(The opposing Xatu lost <abbr title="−24/333">7.2%</abbr> of its health!)</small><br></div><div class="battle-history"><small>Mesprit was hurt by the Rocky Helmet!</small><br></div><div class="chat chatmessage-nadaplease"><strong style="color:hsl(107,62%,40.86340831999783%)"><small>★</small><span class="username" data-name="nadaplease">nadaplease</span>:</strong> <em>sorry about the burn</em></div><div class="spacer battle-history"><br></div><div class="battle-history">Mesprit went back to PursuitOfHappiny!<br></div><div class="battle-history">Go! <strong>Shiftry</strong>!<br></div><div class="battle-history"><small>Pointed stones dug into Shiftry!</small><br></div><div class="spacer battle-history"><br></div><h2 class="battle-history">Turn 8</h2><div class="chat chatmessage-pursuitofhappiny"><strong style="color:hsl(28,56%,43%)"><small>★</small><span class="username" data-name="PursuitOfHappiny">PursuitOfHappiny</span>:</strong> <em>np</em></div><div class="spacer battle-history"><br></div><div class="battle-history">nadaplease withdrew Xatu!<br></div><div class="battle-history">nadaplease sent out <strong>Torterra</strong>!<br></div><div class="spacer battle-history"><br></div><div class="battle-history">Shiftry used <strong>Knock Off</strong>!<br></div><div class="battle-history"><small>(The opposing Torterra lost <abbr title="−75/394">19.0%</abbr> of its health!)</small><br></div><div class="spacer battle-history"><br></div><h2 class="battle-history">Turn 9</h2><div class="spacer battle-history"><br></div><div class="battle-history">Shiftry used <strong>Swords Dance</strong>!<br></div><div class="battle-history"><small>Shiftry's Attack rose sharply!</small><br></div><div class="spacer battle-history"><br></div><div class="battle-history">The opposing Torterra used <strong>Wood Hammer</strong>!<br></div><div class="battle-history"><small>It's not very effective...</small><br></div><div class="battle-history"><small>(Shiftry lost <abbr title="−130/321">40.5%</abbr> of its health!)</small><br></div><div class="battle-history"><small>The opposing Torterra is damaged by the recoil!</small><br></div><div class="spacer battle-history"><br></div><h2 class="battle-history">Turn 10</h2><div class="spacer battle-history"><br></div><div class="battle-history">Shiftry used <strong>Leaf Blade</strong>!<br></div><div class="battle-history"><small>(The opposing Torterra lost <abbr title="−196/394">49.7%</abbr> of its health!)</small><br></div><div class="spacer battle-history"><br></div><div class="battle-history">The opposing Torterra used <strong>Wood Hammer</strong>!<br></div><div class="battle-history"><small>It's not very effective...</small><br></div><div class="battle-history"><small>(Shiftry lost <abbr title="−111/321">34.6%</abbr> of its health!)</small><br></div><div class="battle-history"><small>The opposing Torterra is damaged by the recoil!</small><br></div><div class="spacer battle-history"><br></div><div class="battle-history">Shiftry fainted!<br></div><div class="spacer battle-history"><br></div><div class="battle-history">Go! <strong>Kabutops</strong>!<br></div><div class="battle-history"><small>Pointed stones dug into Kabutops!</small><br></div><div class="spacer battle-history"><br></div><h2 class="battle-history">Turn 11</h2><div class="spacer battle-history"><br></div><div class="battle-history">Kabutops used <strong>Rapid Spin</strong>!<br></div><div class="battle-history"><small>(The opposing Torterra lost <abbr title="−19/394">4.8%</abbr> of its health!)</small><br></div><div class="battle-history"><small>The pointed stones disappeared from around your team!</small><br></div><div class="spacer battle-history"><br></div><div class="battle-history">The opposing Torterra used <strong>Synthesis</strong>!<br></div><div class="battle-history"><small>The opposing Torterra restored its HP.</small><br></div><div class="spacer battle-history"><br></div><h2 class="battle-history">Turn 12</h2><div class="spacer battle-history"><br></div><div class="battle-history">Kabutops, come back!<br></div><div class="battle-history">Go! <strong>Garbodor</strong>!<br></div><div class="spacer battle-history"><br></div><div class="battle-history">The opposing Torterra used <strong>Synthesis</strong>!<br></div><div class="battle-history"><small>The opposing Torterra restored its HP.</small><br></div><div class="spacer battle-history"><br></div><h2 class="battle-history">Turn 13</h2><div class="spacer battle-history"><br></div><div class="battle-history">Garbodor used <strong>Gunk Shot</strong>!<br></div><div class="battle-history"><small>(The opposing Torterra lost <abbr title="−103/394">26.1%</abbr> of its health!)</small><br></div><div class="spacer battle-history"><br></div><div class="battle-history">The opposing Torterra used <strong>Earthquake</strong>!<br></div><div class="battle-history"><small>It's super effective!</small><br></div><div class="battle-history"><small>(Garbodor lost <abbr title="−254/364">69.8%</abbr> of its health!)</small><br></div><div class="spacer battle-history"><br></div><h2 class="battle-history">Turn 14</h2><div class="spacer battle-history"><br></div><div class="battle-history">Garbodor, come back!<br></div><div class="battle-history">Go! <strong>Mesprit</strong>!<br></div><div class="spacer battle-history"><br></div><div class="battle-history">nadaplease withdrew Torterra!<br></div><div class="battle-history">nadaplease sent out <strong>Xatu</strong>!<br></div><div class="spacer battle-history"><br></div><div class="battle-history"><small>Mesprit was hurt by its burn!</small><br></div><div class="spacer battle-history"><br></div><h2 class="battle-history">Turn 15</h2><div class="spacer battle-history"><br></div><div class="battle-history">The opposing Xatu used <strong>Heat Wave</strong>!<br></div><div class="battle-history"><small>A critical hit!</small><br></div><div class="battle-history"><small>(Mesprit lost <abbr title="−108/363">29.8%</abbr> of its health!)</small><br></div><div class="spacer battle-history"><br></div><div class="battle-history">Mesprit used <strong>U-turn</strong>!<br></div><div class="battle-history"><small>A critical hit!</small><br></div><div class="battle-history"><small>(The opposing Xatu lost <abbr title="−34/333">10.2%</abbr> of its health!)</small><br></div><div class="battle-history"><small>Mesprit was hurt by the Rocky Helmet!</small><br></div><div class="spacer battle-history"><br></div><div class="battle-history">Mesprit fainted!<br></div><div class="spacer battle-history"><br></div><div class="battle-history">Go! <strong>Swellow</strong>!<br></div><div class="spacer battle-history"><br></div><h2 class="battle-history">Turn 16</h2><div class="spacer battle-history"><br></div><div class="battle-history">Swellow used <strong>Boomburst</strong>!<br></div><div class="battle-history"><small>(The opposing Xatu lost <abbr title="−275/333">82.6%</abbr> of its health!)</small><br></div><div class="spacer battle-history"><br></div><div class="battle-history">The opposing Xatu fainted!<br></div><div class="spacer battle-history"><br></div><div class="battle-history">nadaplease sent out <strong>Lanturn</strong>!<br></div><div class="spacer battle-history"><br></div><h2 class="battle-history">Turn 17</h2><div class="spacer battle-history"><br></div><div class="battle-history">Swellow, come back!<br></div><div class="battle-history">Go! <strong>Garbodor</strong>!<br></div><div class="spacer battle-history"><br></div><div class="battle-history">The opposing Lanturn used <strong>Volt Switch</strong>!<br></div><div class="battle-history"><small>(Garbodor lost <abbr title="−73/364">20.1%</abbr> of its health!)</small><br></div><div class="spacer battle-history"><br></div><div class="battle-history">The opposing Lanturn went back to nadaplease!<br></div><div class="battle-history">nadaplease sent out <strong>Haunter</strong>!<br></div><div class="spacer battle-history"><br></div><h2 class="battle-history">Turn 18</h2><div class="spacer battle-history"><br></div><div class="battle-history">The opposing Haunter used <strong>Sludge Wave</strong>!<br></div><div class="battle-history"><small>It's not very effective...</small><br></div><div class="battle-history"><small>(Garbodor lost <abbr title="−37/364">10.2%</abbr> of its health!)</small><br></div><div class="battle-history"><small>The opposing Haunter lost some of its HP!</small><br></div><div class="spacer battle-history"><br></div><div class="battle-history">Garbodor fainted!<br></div><div class="spacer battle-history"><br></div><div class="battle-history">Go! <strong>Swellow</strong>!<br></div><div class="spacer battle-history"><br></div><h2 class="battle-history">Turn 19</h2><div class="spacer battle-history"><br></div><div class="battle-history">Swellow used <strong>Boomburst</strong>!<br></div><div class="battle-history"><small>(The opposing Haunter lost <abbr title="−208/231">90.0%</abbr> of its health!)</small><br></div><div class="spacer battle-history"><br></div><div class="battle-history">The opposing Haunter fainted!<br></div><div class="spacer battle-history"><br></div><div class="battle-history">nadaplease sent out <strong>Lanturn</strong>!<br></div><div class="spacer battle-history"><br></div><h2 class="battle-history">Turn 20</h2><div class="spacer battle-history"><br></div><div class="battle-history">Swellow, come back!<br></div><div class="battle-history">Go! <strong>Heatmor</strong>!<br></div><div class="spacer battle-history"><br></div><div class="battle-history">The opposing Lanturn used <strong>Volt Switch</strong>!<br></div><div class="battle-history"><small>(Heatmor lost <abbr title="−99/311">31.8%</abbr> of its health!)</small><br></div><div class="spacer battle-history"><br></div><div class="battle-history">The opposing Lanturn went back to nadaplease!<br></div><div class="battle-history">nadaplease sent out <strong>Tauros</strong>!<br></div><div class="spacer battle-history"><br></div><h2 class="battle-history">Turn 21</h2><div class="spacer battle-history"><br></div><div class="battle-history">Heatmor, come back!<br></div><div class="battle-history">Go! <strong>Swellow</strong>!<br></div><div class="spacer battle-history"><br></div><div class="battle-history">The opposing Tauros used <strong>Rock Climb</strong>!<br></div><div class="battle-history"><small>(Swellow lost <abbr title="−261/261">100%</abbr> of its health!)</small><br></div><div class="spacer battle-history"><br></div><div class="battle-history">Swellow fainted!<br></div><div class="spacer battle-history"><br></div><div class="battle-history">Go! <strong>Kabutops</strong>!<br></div><div class="spacer battle-history"><br></div><h2 class="battle-history">Turn 22</h2><div class="spacer battle-history"><br></div><div class="battle-history">Kabutops used <strong>Superpower</strong>!<br></div><div class="battle-history"><small>It's super effective!</small><br></div><div class="battle-history"><small>(The opposing Tauros lost <abbr title="−291/291">100%</abbr> of its health!)</small><br></div><div class="battle-history"><small>Kabutops's Attack fell!</small><br></div><div class="battle-history"><small>Kabutops's Defense fell!</small><br></div><div class="spacer battle-history"><br></div><div class="battle-history">The opposing Tauros fainted!<br></div><div class="spacer battle-history"><br></div><div class="battle-history">nadaplease sent out <strong>Torterra</strong>!<br></div><div class="spacer battle-history"><br></div><h2 class="battle-history">Turn 23</h2><div class="spacer battle-history"><br></div><div class="battle-history">Kabutops, come back!<br></div><div class="battle-history">Go! <strong>Heatmor</strong>!<br></div><div class="spacer battle-history"><br></div><div class="battle-history">The opposing Torterra used <strong>Earthquake</strong>!<br></div><div class="battle-history"><small>It's super effective!</small><br></div><div class="battle-history"><small>(Heatmor lost <abbr title="−212/311">68.2%</abbr> of its health!)</small><br></div><div class="spacer battle-history"><br></div><div class="battle-history">Heatmor fainted!<br></div><div class="chat chatmessage-pursuitofhappiny"><strong style="color:hsl(28,56%,43%)"><small>★</small><span class="username" data-name="PursuitOfHappiny">PursuitOfHappiny</span>:</strong> <em>gg i played kinda bad</em></div><div class="spacer battle-history"><br></div><div class="battle-history">Go! <strong>Kabutops</strong>!<br></div><div class="spacer battle-history"><br></div><h2 class="battle-history">Turn 24</h2><div class="chat chatmessage-nadaplease"><strong style="color:hsl(107,62%,40.86340831999783%)"><small>★</small><span class="username" data-name="nadaplease">nadaplease</span>:</strong> <em>no the hax with mesprit did gave u trouble you played well</em></div><div class="chat chatmessage-pursuitofhappiny"><strong style="color:hsl(28,56%,43%)"><small>★</small><span class="username" data-name="PursuitOfHappiny">PursuitOfHappiny</span>:</strong> <em>go flinch</em></div><div class="spacer battle-history"><br></div><div class="battle-history">Kabutops used <strong>Waterfall</strong>!<br></div><div class="battle-history"><small>(The opposing Torterra lost <abbr title="−115/394">29.2%</abbr> of its health!)</small><br></div><div class="spacer battle-history"><br></div><div class="battle-history">The opposing Torterra flinched and couldn't move!<br></div><div class="spacer battle-history"><br></div><h2 class="battle-history">Turn 25</h2><div class="spacer battle-history"><br></div><div class="battle-history">Kabutops used <strong>Waterfall</strong>!<br></div><div class="battle-history"><small>(The opposing Torterra lost <abbr title="−111/394">28.2%</abbr> of its health!)</small><br></div><div class="spacer battle-history"><br></div><div class="battle-history">The opposing Torterra flinched and couldn't move!<br></div><div class="spacer battle-history"><br></div><h2 class="battle-history">Turn 26</h2><div class="spacer battle-history"><br></div><div class="battle-history">Kabutops used <strong>Waterfall</strong>!<br></div><div class="battle-history"><small>(The opposing Torterra lost <abbr title="−65/394">16.5%</abbr> of its health!)</small><br></div><div class="spacer battle-history"><br></div><div class="battle-history">The opposing Torterra fainted!<br></div><div class="spacer battle-history"><br></div><div class="battle-history">nadaplease sent out <strong>Lanturn</strong>!<br></div><div class="spacer battle-history"><br></div><h2 class="battle-history">Turn 27</h2><div class="spacer battle-history"><br></div><div class="battle-history">Kabutops used <strong>Waterfall</strong>!<br></div><div class="battle-history"><small>It's not very effective...</small><br></div><div class="battle-history"><small>(The opposing Lanturn lost <abbr title="−87/405">21.5%</abbr> of its health!)</small><br></div><div class="spacer battle-history"><br></div><div class="battle-history">The opposing Lanturn flinched and couldn't move!<br></div><div class="spacer battle-history"><br></div><div class="battle-history"><small>The opposing Lanturn restored a little HP using its Leftovers!</small><br></div><div class="spacer battle-history"><br></div><h2 class="battle-history">Turn 28</h2><div class="chat chatmessage-pursuitofhappiny"><strong style="color:hsl(28,56%,43%)"><small>★</small><span class="username" data-name="PursuitOfHappiny">PursuitOfHappiny</span>:</strong> <em>lol</em></div><div class="chat chatmessage-nadaplease"><strong style="color:hsl(107,62%,40.86340831999783%)"><small>★</small><span class="username" data-name="nadaplease">nadaplease</span>:</strong> <em>tfw youd win with water absorb</em></div><div class="spacer battle-history"><br></div><div class="battle-history">Kabutops used <strong>Waterfall</strong>!<br></div><div class="battle-history"><small>It's not very effective...</small><br></div><div class="battle-history"><small>A critical hit!</small><br></div><div class="battle-history"><small>(The opposing Lanturn lost <abbr title="−128/405">31.6%</abbr> of its health!)</small><br></div><div class="spacer battle-history"><br></div><div class="battle-history">The opposing Lanturn flinched and couldn't move!<br></div><div class="spacer battle-history"><br></div><div class="battle-history"><small>The opposing Lanturn restored a little HP using its Leftovers!</small><br></div><div class="spacer battle-history"><br></div><h2 class="battle-history">Turn 29</h2><div class="chat chatmessage-pursuitofhappiny"><strong style="color:hsl(28,56%,43%)"><small>★</small><span class="username" data-name="PursuitOfHappiny">PursuitOfHappiny</span>:</strong> <em>wtf</em></div><div class="spacer battle-history"><br></div><div class="battle-history">Kabutops used <strong>Waterfall</strong>!<br></div><div class="battle-history"><small>It's not very effective...</small><br></div><div class="battle-history"><small>(The opposing Lanturn lost <abbr title="−89/405">22.0%</abbr> of its health!)</small><br></div><div class="spacer battle-history"><br></div><div class="battle-history">The opposing Lanturn used <strong>Volt Switch</strong>!<br></div><div class="battle-history"><small>It's super effective!</small><br></div><div class="battle-history"><small>(Kabutops lost <abbr title="−168/261">64.4%</abbr> of its health!)</small><br></div><div class="spacer battle-history"><br></div><div class="battle-history">The opposing Lanturn went back to nadaplease!<br></div><div class="battle-history">nadaplease sent out <strong>Rapidash</strong>!<br></div><div class="spacer battle-history"><br></div><h2 class="battle-history">Turn 30</h2><div class="chat chatmessage-nadaplease"><strong style="color:hsl(107,62%,40.86340831999783%)"><small>★</small><span class="username" data-name="nadaplease">nadaplease</span>:</strong> <em>no lie waterfall always flinches against me</em></div><div class="spacer battle-history"><br></div><div class="battle-history">Kabutops used <strong>Waterfall</strong>!<br></div><div class="battle-history"><small>It's super effective!</small><br></div><div class="battle-history"><small>(The opposing Rapidash lost <abbr title="−271/271">100%</abbr> of its health!)</small><br></div><div class="spacer battle-history"><br></div><div class="battle-history">The opposing Rapidash fainted!<br></div><div class="spacer battle-history"><br></div><div class="battle-history">nadaplease sent out <strong>Lanturn</strong>!<br></div><div class="spacer battle-history"><br></div><h2 class="battle-history">Turn 31</h2><div class="spacer battle-history"><br></div><div class="battle-history">Kabutops used <strong>Waterfall</strong>!<br></div><div class="battle-history"><small>It's not very effective...</small><br></div><div class="battle-history"><small>(The opposing Lanturn lost <abbr title="−93/405">23.0%</abbr> of its health!)</small><br></div><div class="spacer battle-history"><br></div><div class="battle-history">The opposing Lanturn flinched and couldn't move!<br></div><div class="spacer battle-history"><br></div><div class="battle-history"><small>The opposing Lanturn restored a little HP using its Leftovers!</small><br></div><div class="spacer battle-history"><br></div><h2 class="battle-history">Turn 32</h2><div class="chat chatmessage-nadaplease"><strong style="color:hsl(107,62%,40.86340831999783%)"><small>★</small><span class="username" data-name="nadaplease">nadaplease</span>:</strong> <em>loooooooool</em></div><div class="chat chatmessage-pursuitofhappiny"><strong style="color:hsl(28,56%,43%)"><small>★</small><span class="username" data-name="PursuitOfHappiny">PursuitOfHappiny</span>:</strong> <em>im done</em></div><div class="chat chatmessage-nadaplease"><strong style="color:hsl(107,62%,40.86340831999783%)"><small>★</small><span class="username" data-name="nadaplease">nadaplease</span>:</strong> <em>gg</em></div><div class="chat chatmessage-pursuitofhappiny"><strong style="color:hsl(28,56%,43%)"><small>★</small><span class="username" data-name="PursuitOfHappiny">PursuitOfHappiny</span>:</strong> <em>im fucking done</em></div><div class="chat chatmessage-pursuitofhappiny"><strong style="color:hsl(28,56%,43%)"><small>★</small><span class="username" data-name="PursuitOfHappiny">PursuitOfHappiny</span>:</strong> <em>lmao</em></div><div class="spacer battle-history"><br></div><div class="battle-history">Kabutops used <strong>Waterfall</strong>!<br></div><div class="battle-history"><small>It's not very effective...</small><br></div><div class="battle-history"><small>(The opposing Lanturn lost <abbr title="−49/405">12.1%</abbr> of its health!)</small><br></div><div class="spacer battle-history"><br></div><div class="battle-history">The opposing Lanturn fainted!<br></div><div class="spacer battle-history"><br></div><div class="battle-history"><strong>PursuitOfHappiny</strong> won the battle!<br></div><div class="chat chatmessage-nadaplease"><strong style="color:hsl(107,62%,40.86340831999783%)"><small>★</small><span class="username" data-name="nadaplease">nadaplease</span>:</strong> <em>see if this was ladder id be pissed</em></div><div class="chat chatmessage-nadaplease"><strong style="color:hsl(107,62%,40.86340831999783%)"><small>★</small><span class="username" data-name="nadaplease">nadaplease</span>:</strong> <em>but yeah fun game</em></div><div class="chat chatmessage-pursuitofhappiny"><strong style="color:hsl(28,56%,43%)"><small>★</small><span class="username" data-name="PursuitOfHappiny">PursuitOfHappiny</span>:</strong> <em>lemme save this</em></div><div class="chat chatmessage-nadaplease"><strong style="color:hsl(107,62%,40.86340831999783%)"><small>★</small><span class="username" data-name="nadaplease">nadaplease</span>:</strong> <em>Ye</em></div></div><div class="inner-preempt"></div></div></div>
</div>
<script>
let daily = Math.floor(Date.now()/1000/60/60/24);document.write('<script src="https://play.pokemonshowdown.com/js/replay-embed.js?version'+daily+'"></'+'script>');
</script>
