<!DOCTYPE html>
<meta charset="utf-8" />
<!-- version 1 -->
<title>NU replay: Niatar vs. TacoTown7</title>
<style>
html,body {font-family:Verdana, sans-serif;font-size:10pt;margin:0;padding:0;}body{padding:12px 0;} .battle-log {font-family:Verdana, sans-serif;font-size:10pt;} .battle-log-inline {border:1px solid #AAAAAA;background:#EEF2F5;color:black;max-width:640px;margin:0 auto 80px;padding-bottom:5px;} .battle-log .inner {padding:4px 8px 0px 8px;} .battle-log .inner-preempt {padding:0 8px 4px 8px;} .battle-log .inner-after {margin-top:0.5em;} .battle-log h2 {margin:0.5em -8px;padding:4px 8px;border:1px solid #AAAAAA;background:#E0E7EA;border-left:0;border-right:0;font-family:Verdana, sans-serif;font-size:13pt;} .battle-log .chat {vertical-align:middle;padding:3px 0 3px 0;font-size:8pt;} .battle-log .chat strong {color:#40576A;} .battle-log .chat em {padding:1px 4px 1px 3px;color:#000000;font-style:normal;} .chat.mine {background:rgba(0,0,0,0.05);margin-left:-8px;margin-right:-8px;padding-left:8px;padding-right:8px;} .spoiler {color:#BBBBBB;background:#BBBBBB;padding:0px 3px;} .spoiler:hover, .spoiler:active, .spoiler-shown {color:#000000;background:#E2E2E2;padding:0px 3px;} .spoiler a {color:#BBBBBB;} .spoiler:hover a, .spoiler:active a, .spoiler-shown a {color:#2288CC;} .chat code, .chat .spoiler:hover code, .chat .spoiler:active code, .chat .spoiler-shown code {border:1px solid #C0C0C0;background:#EEEEEE;color:black;padding:0 2px;} .chat .spoiler code {border:1px solid #CCCCCC;background:#CCCCCC;color:#CCCCCC;} .battle-log .rated {padding:3px 4px;} .battle-log .rated strong {color:white;background:#89A;padding:1px 4px;border-radius:4px;} .spacer {margin-top:0.5em;} .message-announce {background:#6688AA;color:white;padding:1px 4px 2px;} .message-announce a, .broadcast-green a, .broadcast-blue a, .broadcast-red a {color:#DDEEFF;} .broadcast-green {background-color:#559955;color:white;padding:2px 4px;} .broadcast-blue {background-color:#6688AA;color:white;padding:2px 4px;} .infobox {border:1px solid #6688AA;padding:2px 4px;} .infobox-limited {max-height:200px;overflow:auto;overflow-x:hidden;} .broadcast-red {background-color:#AA5544;color:white;padding:2px 4px;} .message-learn-canlearn {font-weight:bold;color:#228822;text-decoration:underline;} .message-learn-cannotlearn {font-weight:bold;color:#CC2222;text-decoration:underline;} .message-effect-weak {font-weight:bold;color:#CC2222;} .message-effect-resist {font-weight:bold;color:#6688AA;} .message-effect-immune {font-weight:bold;color:#666666;} .message-learn-list {margin-top:0;margin-bottom:0;} .message-throttle-notice, .message-error {color:#992222;} .message-overflow, .chat small.message-overflow {font-size:0pt;} .message-overflow::before {font-size:9pt;content:'...';} .subtle {color:#3A4A66;}
</style>
<div class="wrapper replay-wrapper" style="max-width:1180px;margin:0 auto">
<input type="hidden" name="replayid" value="nu-501204545" />
<div class="battle"></div><div class="battle-log"></div><div class="replay-controls"></div><div class="replay-controls-2"></div>
<h1 style="font-weight:normal;text-align:center"><strong>NU</strong><br /><a href="http://pokemonshowdown.com/users/niatar" class="subtle" target="_blank">Niatar</a> vs. <a href="http://pokemonshowdown.com/users/tacotown7" class="subtle" target="_blank">TacoTown7</a></h1>
<script type="text/plain" class="battle-log-data">|j|Niatar
|j|TacoTown7
|player|p1|Niatar|269
|player|p2|TacoTown7|226
|gametype|singles
|gen|6
|tier|NU
|seed|2797,39617,17408,32940
|rule|Baton Pass Speed Clause: Limit one Baton Passer, can't pass Speed
|rule|Sleep Clause Mod: Limit one foe put to sleep
|rule|Species Clause: Limit one of each Pokémon
|rule|OHKO Clause: OHKO moves are banned
|rule|Moody Clause: Moody is banned
|rule|Evasion Moves Clause: Evasion moves are banned
|rule|Endless Battle Clause: Forcing endless battles is banned
|rule|HP Percentage Mod: HP is shown in percentages
|clearpoke
|poke|p1|Purugly, M|item
|poke|p1|Shedinja|item
|poke|p1|Klinklang|item
|poke|p1|Malamar, M|item
|poke|p1|Kabutops, F|item
|poke|p1|Spinda, M|item
|poke|p2|Tauros, M|item
|poke|p2|Gastrodon, M|item
|poke|p2|Rhydon, M|item
|poke|p2|Hitmonchan, M|item
|poke|p2|Manectric, F|item
|poke|p2|Liepard, F, shiny|item
|rule|Swagger Clause: Swagger is banned
|rule|Baton Pass Clause: Limit one Baton Passer, can't pass Spe and other stats simultaneously
|teampreview
|choice|team 4, team 2, team 3, team 1, team 5, team 6|team 3, team 2, team 1, team 4, team 5, team 6
|
|start
|switch|p1a: Malamar|Malamar, M|376\/376
|switch|p2a: Rhydon|Rhydon, M|414\/414
|turn|1
|choice|move superpower|move stealthrock
|
|move|p1a: Malamar|Superpower|p2a: Rhydon
|-supereffective|p2a: Rhydon
|-damage|p2a: Rhydon|306\/414
|-boost|p1a: Malamar|atk|1
|-boost|p1a: Malamar|def|1
|move|p2a: Rhydon|Stealth Rock|p1a: Malamar
|-sidestart|p1: Niatar|move: Stealth Rock
|
|upkeep
|turn|2
|choice|move superpower|move megahorn
|
|move|p1a: Malamar|Superpower|p2a: Rhydon
|-supereffective|p2a: Rhydon
|-crit|p2a: Rhydon
|-damage|p2a: Rhydon|96\/414
|-boost|p1a: Malamar|atk|1
|-boost|p1a: Malamar|def|1
|move|p2a: Rhydon|Megahorn|p1a: Malamar
|-supereffective|p1a: Malamar
|-damage|p1a: Malamar|104\/376
|
|-heal|p1a: Malamar|127\/376|[from] item: Leftovers
|upkeep
|turn|3
|choice|move superpower|move megahorn
|
|move|p1a: Malamar|Superpower|p2a: Rhydon
|-supereffective|p2a: Rhydon
|-damage|p2a: Rhydon|0 fnt
|-boost|p1a: Malamar|atk|1
|-boost|p1a: Malamar|def|1
|faint|p2a: Rhydon
|
|-heal|p1a: Malamar|150\/376|[from] item: Leftovers
|upkeep
|choice||switch 5
|
|switch|p2a: Manectric|Manectric, F|281\/281
|turn|4
|choice|move superpower|move thunderbolt
|
|move|p2a: Manectric|Thunderbolt|p1a: Malamar
|-damage|p1a: Malamar|0 fnt
|faint|p1a: Malamar
|
|upkeep
|choice|switch 4|
|
|switch|p1a: Purugly|Purugly, M|283\/283
|-damage|p1a: Purugly|248\/283|[from] Stealth Rock
|turn|5
|choice|move fakeout|switch 4
|
|switch|p2a: Hitmonchan|Hitmonchan, M|303\/303
|move|p1a: Purugly|Fake Out|p2a: Hitmonchan
|-crit|p2a: Hitmonchan
|-damage|p2a: Hitmonchan|194\/303
|
|upkeep
|turn|6
|choice|move frustration|move machpunch
|
|move|p2a: Hitmonchan|Mach Punch|p1a: Purugly
|-supereffective|p1a: Purugly
|-damage|p1a: Purugly|26\/283
|move|p1a: Purugly|Frustration|p2a: Hitmonchan
|-crit|p2a: Hitmonchan
|-damage|p2a: Hitmonchan|0 fnt
|faint|p2a: Hitmonchan
|
|upkeep
|choice||switch 6
|
|switch|p2a: Liepard|Liepard, F, shiny|269\/269
|turn|7
|choice|move uturn|move fakeout
|
|move|p2a: Liepard|Fake Out|p1a: Purugly
|-damage|p1a: Purugly|0 fnt
|faint|p1a: Purugly
|
|upkeep
|choice|switch 6|
|
|switch|p1a: Spinda|Spinda, M|261\/261
|-damage|p1a: Spinda|229\/261|[from] Stealth Rock
|turn|8
|choice|move superpower|move uturn
|
|move|p2a: Liepard|U-turn|p1a: Spinda
|-damage|p1a: Spinda|118\/261
|choice||switch 2
|
|switch|p2a: Gastrodon|Gastrodon, M|426\/426
|move|p1a: Spinda|Superpower|p2a: Gastrodon
|-damage|p2a: Gastrodon|312\/426
|-boost|p1a: Spinda|atk|1
|-boost|p1a: Spinda|def|1
|-damage|p1a: Spinda|92\/261|[from] item: Life Orb
|
|-heal|p2a: Gastrodon|338\/426|[from] item: Leftovers
|upkeep
|turn|9
|choice|move hypnosis|move toxic
|
|move|p1a: Spinda|Hypnosis|p2a: Gastrodon|[miss]
|-miss|p1a: Spinda|p2a: Gastrodon
|move|p2a: Gastrodon|Toxic|p1a: Spinda
|-status|p1a: Spinda|tox
|
|-heal|p2a: Gastrodon|364\/426|[from] item: Leftovers
|-damage|p1a: Spinda|76\/261 tox|[from] psn
|upkeep
|turn|10
|choice|move hypnosis|move recover
|
|move|p1a: Spinda|Hypnosis|p2a: Gastrodon|[miss]
|-miss|p1a: Spinda|p2a: Gastrodon
|move|p2a: Gastrodon|Recover|p2a: Gastrodon
|-heal|p2a: Gastrodon|426\/426
|
|-damage|p1a: Spinda|44\/261 tox|[from] psn
|upkeep
|turn|11
|choice|move hypnosis|move scald
|
|move|p1a: Spinda|Hypnosis|p2a: Gastrodon|[miss]
|-miss|p1a: Spinda|p2a: Gastrodon
|move|p2a: Gastrodon|Scald|p1a: Spinda
|-damage|p1a: Spinda|0 fnt
|faint|p1a: Spinda
|
|upkeep
|choice|switch 5|
|
|switch|p1a: Kabutops|Kabutops, F|261\/261
|-damage|p1a: Kabutops|229\/261|[from] Stealth Rock
|turn|12
|choice|move rapidspin|move earthpower
|
|move|p1a: Kabutops|Rapid Spin|p2a: Gastrodon
|-damage|p2a: Gastrodon|403\/426
|-sideend|p1: Niatar|Stealth Rock|[from] move: Rapid Spin|[of] p1a: Kabutops
|move|p2a: Gastrodon|Earth Power|p1a: Kabutops
|-supereffective|p1a: Kabutops
|-damage|p1a: Kabutops|0 fnt
|faint|p1a: Kabutops
|
|-heal|p2a: Gastrodon|426\/426|[from] item: Leftovers
|upkeep
|choice|switch 2|
|
|switch|p1a: Shedinja|Shedinja|1\/1
|turn|13
|choice|move willowisp|move toxic
|
|move|p1a: Shedinja|Will-O-Wisp|p2a: Gastrodon
|-status|p2a: Gastrodon|brn
|move|p2a: Gastrodon|Toxic|p1a: Shedinja|[miss]
|-miss|p2a: Gastrodon|p1a: Shedinja
|
|-damage|p2a: Gastrodon|373\/426 brn|[from] brn
|upkeep
|turn|14
|choice|move protect|move toxic
|
|move|p1a: Shedinja|Protect|p1a: Shedinja
|-singleturn|p1a: Shedinja|Protect
|move|p2a: Gastrodon|Toxic|p1a: Shedinja
|-activate|p1a: Shedinja|move: Protect
|
|-heal|p2a: Gastrodon|399\/426 brn|[from] item: Leftovers
|-damage|p2a: Gastrodon|346\/426 brn|[from] brn
|upkeep
|turn|15
|choice|switch 3|move toxic
|
|switch|p1a: Klinklang|Klinklang|310\/310
|move|p2a: Gastrodon|Toxic|p1a: Klinklang
|-immune|p1a: Klinklang|[msg]
|
|-heal|p2a: Gastrodon|372\/426 brn|[from] item: Leftovers
|-damage|p2a: Gastrodon|319\/426 brn|[from] brn
|upkeep
|turn|16
|choice|move shiftgear|switch 3
|
|switch|p2a: Tauros|Tauros, M|291\/291
|move|p1a: Klinklang|Shift Gear|p1a: Klinklang
|-boost|p1a: Klinklang|spe|2
|-boost|p1a: Klinklang|atk|1
|
|upkeep
|turn|17
|choice|switch 3|move earthquake
|
|switch|p1a: Shedinja|Shedinja|1\/1
|move|p2a: Tauros|Earthquake|p1a: Shedinja
|-immune|p1a: Shedinja|[msg]|[from] ability: Wonder Guard
|
|upkeep
|turn|18
|choice|move willowisp|move fireblast
|
|move|p2a: Tauros|Fire Blast|p1a: Shedinja|[miss]
|-miss|p2a: Tauros|p1a: Shedinja
|move|p1a: Shedinja|Will-O-Wisp|p2a: Tauros
|-status|p2a: Tauros|brn
|
|-damage|p2a: Tauros|255\/291 brn|[from] brn
|upkeep
|turn|19
|choice|move protect|switch 4
|
|switch|p2a: Manectric|Manectric, F|281\/281
|move|p1a: Shedinja|Protect|p1a: Shedinja
|-fail|p1a: Shedinja
|
|upkeep
|turn|20
|choice|move willowisp|move flamethrower
|
|move|p2a: Manectric|Flamethrower|p1a: Shedinja
|-supereffective|p1a: Shedinja
|-enditem|p1a: Shedinja|Focus Sash
|-damage|p1a: Shedinja|1\/1
|move|p1a: Shedinja|Will-O-Wisp|p2a: Manectric
|-status|p2a: Manectric|brn
|
|-damage|p2a: Manectric|246\/281 brn|[from] brn
|upkeep
|turn|21
|choice|move protect|move flamethrower
|
|move|p1a: Shedinja|Protect|p1a: Shedinja
|-singleturn|p1a: Shedinja|Protect
|move|p2a: Manectric|Flamethrower|p1a: Shedinja
|-activate|p1a: Shedinja|move: Protect
|
|-damage|p2a: Manectric|211\/281 brn|[from] brn
|upkeep
|turn|22
|choice|move shadowsneak|move flamethrower
|
|move|p1a: Shedinja|Shadow Sneak|p2a: Manectric
|-damage|p2a: Manectric|112\/281 brn
|move|p2a: Manectric|Flamethrower|p1a: Shedinja
|-supereffective|p1a: Shedinja
|-damage|p1a: Shedinja|0 fnt
|faint|p1a: Shedinja
|
|-damage|p2a: Manectric|77\/281 brn|[from] brn
|upkeep
|choice|switch 3|
|
|switch|p1a: Klinklang|Klinklang|310\/310
|turn|23
|choice|move shiftgear|move flamethrower
|
|move|p2a: Manectric|Flamethrower|p1a: Klinklang
|-supereffective|p1a: Klinklang
|-damage|p1a: Klinklang|10\/310
|move|p1a: Klinklang|Shift Gear|p1a: Klinklang
|-boost|p1a: Klinklang|spe|2
|-boost|p1a: Klinklang|atk|1
|
|-heal|p1a: Klinklang|29\/310|[from] item: Leftovers
|-damage|p2a: Manectric|42\/281 brn|[from] brn
|upkeep
|turn|24
|choice|move frustration|move flamethrower
|
|move|p1a: Klinklang|Frustration|p2a: Manectric
|-damage|p2a: Manectric|0 fnt
|faint|p2a: Manectric
|
|-heal|p1a: Klinklang|48\/310|[from] item: Leftovers
|upkeep
|choice||switch 2
|
|switch|p2a: Liepard|Liepard, F, shiny|269\/269
|turn|25
|choice|move geargrind|move fakeout
|
|move|p2a: Liepard|Fake Out|p1a: Klinklang
|-resisted|p1a: Klinklang
|-damage|p1a: Klinklang|32\/310
|cant|p1a: Klinklang|flinch
|
|-heal|p1a: Klinklang|51\/310|[from] item: Leftovers
|upkeep
|turn|26
|choice|move geargrind|move thunderwave
|
|move|p2a: Liepard|Thunder Wave|p1a: Klinklang
|-status|p1a: Klinklang|par
|move|p1a: Klinklang|Gear Grind|p2a: Liepard
|-damage|p2a: Liepard|43\/269
|-damage|p2a: Liepard|0 fnt
|-hitcount|p2a: Liepard|2
|faint|p2a: Liepard
|
|-heal|p1a: Klinklang|70\/310 par|[from] item: Leftovers
|upkeep
|choice||switch 4
|
|switch|p2a: Tauros|Tauros, M|255\/291 brn
|turn|27
|choice|move geargrind|move earthquake
|
|move|p2a: Tauros|Earthquake|p1a: Klinklang
|-supereffective|p1a: Klinklang
|-damage|p1a: Klinklang|0 fnt
|-damage|p2a: Tauros|226\/291 brn|[from] item: Life Orb
|faint|p1a: Klinklang
|
|win|TacoTown7
|player|p1
|player|p2
|c|★TacoTown7|gg
|c|★Niatar|gg</script>
</div>
<div class="battle-log battle-log-inline"><div class="inner"><div class="battle-options"></div><div class="inner"><div class="chat"><small>Niatar joined.</small></div><div class="chat"><small>TacoTown7 joined.</small></div><div class=""><small>Format:</small> <br><strong>NU</strong></div><div class=""><small><em>Baton Pass Speed Clause:</em> Limit one Baton Passer, can't pass Speed</small></div><div class=""><small><em>Sleep Clause Mod:</em> Limit one foe put to sleep</small></div><div class=""><small><em>Species Clause:</em> Limit one of each Pokémon</small></div><div class=""><small><em>OHKO Clause:</em> OHKO moves are banned</small></div><div class=""><small><em>Moody Clause:</em> Moody is banned</small></div><div class=""><small><em>Evasion Moves Clause:</em> Evasion moves are banned</small></div><div class=""><small><em>Endless Battle Clause:</em> Forcing endless battles is banned</small></div><div class=""><small><em>HP Percentage Mod:</em> HP is shown in percentages</small></div><div class=""><small><em>Swagger Clause:</em> Swagger is banned</small></div><div class=""><small><em>Baton Pass Clause:</em> Limit one Baton Passer, can't pass Spe and other stats simultaneously</small></div><div class="chat battle-history"><strong>Niatar's team:</strong> <em style="color:#445566;display:block;">Purugly / Shedinja / Klinklang / Malamar / Kabutops / Spinda</em></div><div class="chat battle-history"><strong>TacoTown7's team:</strong> <em style="color:#445566;display:block;">Tauros / Gastrodon / Rhydon / Hitmonchan / Manectric / Liepard</em></div><div class="spacer battle-history"><br></div><div class="battle-history">Battle started between Niatar and TacoTown7!<br></div><div class="spacer battle-history"><br></div><div class="battle-history">Go! <strong>Malamar</strong>!<br></div><div class="spacer battle-history"><br></div><div class="battle-history">TacoTown7 sent out <strong>Rhydon</strong>!<br></div><div class="spacer battle-history"><br></div><h2 class="battle-history">Turn 1</h2><div class="spacer battle-history"><br></div><div class="battle-history">Malamar used <strong>Superpower</strong>!<br></div><div class="battle-history"><small>It's super effective!</small><br></div><div class="battle-history"><small>(The opposing Rhydon lost <abbr title="−108/414">26.1%</abbr> of its health!)</small><br></div><div class="battle-history"><small>Malamar's Attack rose!</small><br></div><div class="battle-history"><small>Malamar's Defense rose!</small><br></div><div class="spacer battle-history"><br></div><div class="battle-history">The opposing Rhydon used <strong>Stealth Rock</strong>!<br></div><div class="battle-history"><small>Pointed stones float in the air around your team!</small><br></div><div class="spacer battle-history"><br></div><h2 class="battle-history">Turn 2</h2><div class="spacer battle-history"><br></div><div class="battle-history">Malamar used <strong>Superpower</strong>!<br></div><div class="battle-history"><small>It's super effective!</small><br></div><div class="battle-history"><small>A critical hit!</small><br></div><div class="battle-history"><small>(The opposing Rhydon lost <abbr title="−210/414">50.7%</abbr> of its health!)</small><br></div><div class="battle-history"><small>Malamar's Attack rose!</small><br></div><div class="battle-history"><small>Malamar's Defense rose!</small><br></div><div class="spacer battle-history"><br></div><div class="battle-history">The opposing Rhydon used <strong>Megahorn</strong>!<br></div><div class="battle-history"><small>It's super effective!</small><br></div><div class="battle-history"><small>(Malamar lost <abbr title="−272/376">72.3%</abbr> of its health!)</small><br></div><div class="spacer battle-history"><br></div><div class="battle-history"><small>Malamar restored a little HP using its Leftovers!</small><br></div><div class="spacer battle-history"><br></div><h2 class="battle-history">Turn 3</h2><div class="spacer battle-history"><br></div><div class="battle-history">Malamar used <strong>Superpower</strong>!<br></div><div class="battle-history"><small>It's super effective!</small><br></div><div class="battle-history"><small>(The opposing Rhydon lost <abbr title="−96/414">23.2%</abbr> of its health!)</small><br></div><div class="battle-history"><small>Malamar's Attack rose!</small><br></div><div class="battle-history"><small>Malamar's Defense rose!</small><br></div><div class="spacer battle-history"><br></div><div class="battle-history">The opposing Rhydon fainted!<br></div><div class="spacer battle-history"><br></div><div class="battle-history"><small>Malamar restored a little HP using its Leftovers!</small><br></div><div class="spacer battle-history"><br></div><div class="battle-history">TacoTown7 sent out <strong>Manectric</strong>!<br></div><div class="spacer battle-history"><br></div><h2 class="battle-history">Turn 4</h2><div class="spacer battle-history"><br></div><div class="battle-history">The opposing Manectric used <strong>Thunderbolt</strong>!<br></div><div class="battle-history"><small>(Malamar lost <abbr title="−150/376">39.9%</abbr> of its health!)</small><br></div><div class="spacer battle-history"><br></div><div class="battle-history">Malamar fainted!<br></div><div class="spacer battle-history"><br></div><div class="battle-history">Go! <strong>Purugly</strong>!<br></div><div class="battle-history"><small>Pointed stones dug into Purugly!</small><br></div><div class="spacer battle-history"><br></div><h2 class="battle-history">Turn 5</h2><div class="spacer battle-history"><br></div><div class="battle-history">TacoTown7 withdrew Manectric!<br></div><div class="battle-history">TacoTown7 sent out <strong>Hitmonchan</strong>!<br></div><div class="spacer battle-history"><br></div><div class="battle-history">Purugly used <strong>Fake Out</strong>!<br></div><div class="battle-history"><small>A critical hit!</small><br></div><div class="battle-history"><small>(The opposing Hitmonchan lost <abbr title="−109/303">36.0%</abbr> of its health!)</small><br></div><div class="spacer battle-history"><br></div><h2 class="battle-history">Turn 6</h2><div class="spacer battle-history"><br></div><div class="battle-history">The opposing Hitmonchan used <strong>Mach Punch</strong>!<br></div><div class="battle-history"><small>It's super effective!</small><br></div><div class="battle-history"><small>(Purugly lost <abbr title="−222/283">78.4%</abbr> of its health!)</small><br></div><div class="spacer battle-history"><br></div><div class="battle-history">Purugly used <strong>Frustration</strong>!<br></div><div class="battle-history"><small>A critical hit!</small><br></div><div class="battle-history"><small>(The opposing Hitmonchan lost <abbr title="−194/303">64.0%</abbr> of its health!)</small><br></div><div class="spacer battle-history"><br></div><div class="battle-history">The opposing Hitmonchan fainted!<br></div><div class="spacer battle-history"><br></div><div class="battle-history">TacoTown7 sent out <strong>Liepard</strong>!<br></div><div class="spacer battle-history"><br></div><h2 class="battle-history">Turn 7</h2><div class="spacer battle-history"><br></div><div class="battle-history">The opposing Liepard used <strong>Fake Out</strong>!<br></div><div class="battle-history"><small>(Purugly lost <abbr title="−26/283">9.2%</abbr> of its health!)</small><br></div><div class="spacer battle-history"><br></div><div class="battle-history">Purugly fainted!<br></div><div class="spacer battle-history"><br></div><div class="battle-history">Go! <strong>Spinda</strong>!<br></div><div class="battle-history"><small>Pointed stones dug into Spinda!</small><br></div><div class="spacer battle-history"><br></div><h2 class="battle-history">Turn 8</h2><div class="spacer battle-history"><br></div><div class="battle-history">The opposing Liepard used <strong>U-turn</strong>!<br></div><div class="battle-history"><small>(Spinda lost <abbr title="−111/261">42.5%</abbr> of its health!)</small><br></div><div class="spacer battle-history"><br></div><div class="battle-history">The opposing Liepard went back to TacoTown7!<br></div><div class="battle-history">TacoTown7 sent out <strong>Gastrodon</strong>!<br></div><div class="spacer battle-history"><br></div><div class="battle-history">Spinda used <strong>Superpower</strong>!<br></div><div class="battle-history"><small>(The opposing Gastrodon lost <abbr title="−114/426">26.8%</abbr> of its health!)</small><br></div><div class="battle-history"><small>Spinda's Attack rose!</small><br></div><div class="battle-history"><small>Spinda's Defense rose!</small><br></div><div class="battle-history"><small>Spinda lost some of its HP!</small><br></div><div class="spacer battle-history"><br></div><div class="battle-history"><small>The opposing Gastrodon restored a little HP using its Leftovers!</small><br></div><div class="spacer battle-history"><br></div><h2 class="battle-history">Turn 9</h2><div class="spacer battle-history"><br></div><div class="battle-history">Spinda used <strong>Hypnosis</strong>!<br></div><div class="battle-history"><small>The opposing Gastrodon avoided the attack!</small><br></div><div class="spacer battle-history"><br></div><div class="battle-history">The opposing Gastrodon used <strong>Toxic</strong>!<br></div><div class="battle-history"><small>Spinda was badly poisoned!</small><br></div><div class="spacer battle-history"><br></div><div class="battle-history"><small>The opposing Gastrodon restored a little HP using its Leftovers!</small><br></div><div class="battle-history"><small>Spinda was hurt by poison!</small><br></div><div class="spacer battle-history"><br></div><h2 class="battle-history">Turn 10</h2><div class="spacer battle-history"><br></div><div class="battle-history">Spinda used <strong>Hypnosis</strong>!<br></div><div class="battle-history"><small>The opposing Gastrodon avoided the attack!</small><br></div><div class="spacer battle-history"><br></div><div class="battle-history">The opposing Gastrodon used <strong>Recover</strong>!<br></div><div class="battle-history"><small>The opposing Gastrodon restored its HP.</small><br></div><div class="spacer battle-history"><br></div><div class="battle-history"><small>Spinda was hurt by poison!</small><br></div><div class="spacer battle-history"><br></div><h2 class="battle-history">Turn 11</h2><div class="spacer battle-history"><br></div><div class="battle-history">Spinda used <strong>Hypnosis</strong>!<br></div><div class="battle-history"><small>The opposing Gastrodon avoided the attack!</small><br></div><div class="spacer battle-history"><br></div><div class="battle-history">The opposing Gastrodon used <strong>Scald</strong>!<br></div><div class="battle-history"><small>(Spinda lost <abbr title="−44/261">16.9%</abbr> of its health!)</small><br></div><div class="spacer battle-history"><br></div><div class="battle-history">Spinda fainted!<br></div><div class="spacer battle-history"><br></div><div class="battle-history">Go! <strong>Kabutops</strong>!<br></div><div class="battle-history"><small>Pointed stones dug into Kabutops!</small><br></div><div class="spacer battle-history"><br></div><h2 class="battle-history">Turn 12</h2><div class="spacer battle-history"><br></div><div class="battle-history">Kabutops used <strong>Rapid Spin</strong>!<br></div><div class="battle-history"><small>(The opposing Gastrodon lost <abbr title="−23/426">5.4%</abbr> of its health!)</small><br></div><div class="battle-history"><small>The pointed stones disappeared from around your team!</small><br></div><div class="spacer battle-history"><br></div><div class="battle-history">The opposing Gastrodon used <strong>Earth Power</strong>!<br></div><div class="battle-history"><small>It's super effective!</small><br></div><div class="battle-history"><small>(Kabutops lost <abbr title="−229/261">87.7%</abbr> of its health!)</small><br></div><div class="spacer battle-history"><br></div><div class="battle-history">Kabutops fainted!<br></div><div class="spacer battle-history"><br></div><div class="battle-history"><small>The opposing Gastrodon restored a little HP using its Leftovers!</small><br></div><div class="spacer battle-history"><br></div><div class="battle-history">Go! <strong>Shedinja</strong>!<br></div><div class="spacer battle-history"><br></div><h2 class="battle-history">Turn 13</h2><div class="spacer battle-history"><br></div><div class="battle-history">Shedinja used <strong>Will-O-Wisp</strong>!<br></div><div class="battle-history"><small>The opposing Gastrodon was burned!</small><br></div><div class="spacer battle-history"><br></div><div class="battle-history">The opposing Gastrodon used <strong>Toxic</strong>!<br></div><div class="battle-history"><small>Shedinja avoided the attack!</small><br></div><div class="spacer battle-history"><br></div><div class="battle-history"><small>The opposing Gastrodon was hurt by its burn!</small><br></div><div class="spacer battle-history"><br></div><h2 class="battle-history">Turn 14</h2><div class="spacer battle-history"><br></div><div class="battle-history">Shedinja used <strong>Protect</strong>!<br></div><div class="battle-history"><small>Shedinja protected itself!</small><br></div><div class="spacer battle-history"><br></div><div class="battle-history">The opposing Gastrodon used <strong>Toxic</strong>!<br></div><div class="battle-history"><small>Shedinja protected itself!</small><br></div><div class="spacer battle-history"><br></div><div class="battle-history"><small>The opposing Gastrodon restored a little HP using its Leftovers!</small><br></div><div class="battle-history"><small>The opposing Gastrodon was hurt by its burn!</small><br></div><div class="spacer battle-history"><br></div><h2 class="battle-history">Turn 15</h2><div class="spacer battle-history"><br></div><div class="battle-history">Shedinja, come back!<br></div><div class="battle-history">Go! <strong>Klinklang</strong>!<br></div><div class="spacer battle-history"><br></div><div class="battle-history">The opposing Gastrodon used <strong>Toxic</strong>!<br></div><div class="battle-history"><small>It doesn't affect Klinklang...</small><br></div><div class="spacer battle-history"><br></div><div class="battle-history"><small>The opposing Gastrodon restored a little HP using its Leftovers!</small><br></div><div class="battle-history"><small>The opposing Gastrodon was hurt by its burn!</small><br></div><div class="spacer battle-history"><br></div><h2 class="battle-history">Turn 16</h2><div class="spacer battle-history"><br></div><div class="battle-history">TacoTown7 withdrew Gastrodon!<br></div><div class="battle-history">TacoTown7 sent out <strong>Tauros</strong>!<br></div><div class="spacer battle-history"><br></div><div class="battle-history">Klinklang used <strong>Shift Gear</strong>!<br></div><div class="battle-history"><small>Klinklang's Speed rose sharply!</small><br></div><div class="battle-history"><small>Klinklang's Attack rose!</small><br></div><div class="spacer battle-history"><br></div><h2 class="battle-history">Turn 17</h2><div class="spacer battle-history"><br></div><div class="battle-history">Klinklang, come back!<br></div><div class="battle-history">Go! <strong>Shedinja</strong>!<br></div><div class="spacer battle-history"><br></div><div class="battle-history">The opposing Tauros used <strong>Earthquake</strong>!<br></div><div class="battle-history"><small>[Shedinja's Wonder Guard]</small><br><small>It doesn't affect Shedinja...</small><br></div><div class="spacer battle-history"><br></div><h2 class="battle-history">Turn 18</h2><div class="spacer battle-history"><br></div><div class="battle-history">The opposing Tauros used <strong>Fire Blast</strong>!<br></div><div class="battle-history"><small>Shedinja avoided the attack!</small><br></div><div class="spacer battle-history"><br></div><div class="battle-history">Shedinja used <strong>Will-O-Wisp</strong>!<br></div><div class="battle-history"><small>The opposing Tauros was burned!</small><br></div><div class="spacer battle-history"><br></div><div class="battle-history"><small>The opposing Tauros was hurt by its burn!</small><br></div><div class="spacer battle-history"><br></div><h2 class="battle-history">Turn 19</h2><div class="spacer battle-history"><br></div><div class="battle-history">TacoTown7 withdrew Tauros!<br></div><div class="battle-history">TacoTown7 sent out <strong>Manectric</strong>!<br></div><div class="spacer battle-history"><br></div><div class="battle-history">Shedinja used <strong>Protect</strong>!<br></div><div class="battle-history"><small>But it failed!</small><br></div><div class="spacer battle-history"><br></div><h2 class="battle-history">Turn 20</h2><div class="spacer battle-history"><br></div><div class="battle-history">The opposing Manectric used <strong>Flamethrower</strong>!<br></div><div class="battle-history"><small>It's super effective!</small><br></div><div class="battle-history"><small>Shedinja hung on using its Focus Sash!</small><br></div><div class="battle-history"><small>(Shedinja lost <abbr title="0/1">0%</abbr> of its health!)</small><br></div><div class="spacer battle-history"><br></div><div class="battle-history">Shedinja used <strong>Will-O-Wisp</strong>!<br></div><div class="battle-history"><small>The opposing Manectric was burned!</small><br></div><div class="spacer battle-history"><br></div><div class="battle-history"><small>The opposing Manectric was hurt by its burn!</small><br></div><div class="spacer battle-history"><br></div><h2 class="battle-history">Turn 21</h2><div class="spacer battle-history"><br></div><div class="battle-history">Shedinja used <strong>Protect</strong>!<br></div><div class="battle-history"><small>Shedinja protected itself!</small><br></div><div class="spacer battle-history"><br></div><div class="battle-history">The opposing Manectric used <strong>Flamethrower</strong>!<br></div><div class="battle-history"><small>Shedinja protected itself!</small><br></div><div class="spacer battle-history"><br></div><div class="battle-history"><small>The opposing Manectric was hurt by its burn!</small><br></div><div class="spacer battle-history"><br></div><h2 class="battle-history">Turn 22</h2><div class="spacer battle-history"><br></div><div class="battle-history">Shedinja used <strong>Shadow Sneak</strong>!<br></div><div class="battle-history"><small>(The opposing Manectric lost <abbr title="−99/281">35.2%</abbr> of its health!)</small><br></div><div class="spacer battle-history"><br></div><div class="battle-history">The opposing Manectric used <strong>Flamethrower</strong>!<br></div><div class="battle-history"><small>It's super effective!</small><br></div><div class="battle-history"><small>(Shedinja lost <abbr title="−1/1">100%</abbr> of its health!)</small><br></div><div class="spacer battle-history"><br></div><div class="battle-history">Shedinja fainted!<br></div><div class="spacer battle-history"><br></div><div class="battle-history"><small>The opposing Manectric was hurt by its burn!</small><br></div><div class="spacer battle-history"><br></div><div class="battle-history">Go! <strong>Klinklang</strong>!<br></div><div class="spacer battle-history"><br></div><h2 class="battle-history">Turn 23</h2><div class="spacer battle-history"><br></div><div class="battle-history">The opposing Manectric used <strong>Flamethrower</strong>!<br></div><div class="battle-history"><small>It's super effective!</small><br></div><div class="battle-history"><small>(Klinklang lost <abbr title="−300/310">96.8%</abbr> of its health!)</small><br></div><div class="spacer battle-history"><br></div><div class="battle-history">Klinklang used <strong>Shift Gear</strong>!<br></div><div class="battle-history"><small>Klinklang's Speed rose sharply!</small><br></div><div class="battle-history"><small>Klinklang's Attack rose!</small><br></div><div class="spacer battle-history"><br></div><div class="battle-history"><small>Klinklang restored a little HP using its Leftovers!</small><br></div><div class="battle-history"><small>The opposing Manectric was hurt by its burn!</small><br></div><div class="spacer battle-history"><br></div><h2 class="battle-history">Turn 24</h2><div class="spacer battle-history"><br></div><div class="battle-history">Klinklang used <strong>Frustration</strong>!<br></div><div class="battle-history"><small>(The opposing Manectric lost <abbr title="−42/281">14.9%</abbr> of its health!)</small><br></div><div class="spacer battle-history"><br></div><div class="battle-history">The opposing Manectric fainted!<br></div><div class="spacer battle-history"><br></div><div class="battle-history"><small>Klinklang restored a little HP using its Leftovers!</small><br></div><div class="spacer battle-history"><br></div><div class="battle-history">TacoTown7 sent out <strong>Liepard</strong>!<br></div><div class="spacer battle-history"><br></div><h2 class="battle-history">Turn 25</h2><div class="spacer battle-history"><br></div><div class="battle-history">The opposing Liepard used <strong>Fake Out</strong>!<br></div><div class="battle-history"><small>It's not very effective...</small><br></div><div class="battle-history"><small>(Klinklang lost <abbr title="−16/310">5.2%</abbr> of its health!)</small><br></div><div class="spacer battle-history"><br></div><div class="battle-history">Klinklang flinched and couldn't move!<br></div><div class="spacer battle-history"><br></div><div class="battle-history"><small>Klinklang restored a little HP using its Leftovers!</small><br></div><div class="spacer battle-history"><br></div><h2 class="battle-history">Turn 26</h2><div class="spacer battle-history"><br></div><div class="battle-history">The opposing Liepard used <strong>Thunder Wave</strong>!<br></div><div class="battle-history"><small>Klinklang is paralyzed! It may be unable to move!</small><br></div><div class="spacer battle-history"><br></div><div class="battle-history">Klinklang used <strong>Gear Grind</strong>!<br></div><div class="battle-history"><small>(The opposing Liepard lost <abbr title="−226/269">84.0%</abbr> of its health!)</small><br></div><div class="battle-history"><small>(The opposing Liepard lost <abbr title="−43/269">16.0%</abbr> of its health!)</small><br></div><div class="battle-history"><small>Hit 2 times!</small><br></div><div class="spacer battle-history"><br></div><div class="battle-history">The opposing Liepard fainted!<br></div><div class="spacer battle-history"><br></div><div class="battle-history"><small>Klinklang restored a little HP using its Leftovers!</small><br></div><div class="spacer battle-history"><br></div><div class="battle-history">TacoTown7 sent out <strong>Tauros</strong>!<br></div><div class="spacer battle-history"><br></div><h2 class="battle-history">Turn 27</h2><div class="spacer battle-history"><br></div><div class="battle-history">The opposing Tauros used <strong>Earthquake</strong>!<br></div><div class="battle-history"><small>It's super effective!</small><br></div><div class="battle-history"><small>(Klinklang lost <abbr title="−70/310">22.6%</abbr> of its health!)</small><br></div><div class="battle-history"><small>The opposing Tauros lost some of its HP!</small><br></div><div class="spacer battle-history"><br></div><div class="battle-history">Klinklang fainted!<br></div><div class="spacer battle-history"><br></div><div class="battle-history"><strong>TacoTown7</strong> won the battle!<br></div><div class="chat chatmessage-tacotown7"><strong style="color:hsl(294,48%,45%)"><small>★</small><span class="username" data-name="TacoTown7">TacoTown7</span>:</strong> <em>gg</em></div><div class="chat chatmessage-niatar"><strong style="color:hsl(230,55%,60.38848493333334%)"><small>★</small><span class="username" data-name="Niatar">Niatar</span>:</strong> <em>gg</em></div></div><div class="inner-preempt"></div></div></div>
</div>
<script>
let daily = Math.floor(Date.now()/1000/60/60/24);document.write('<script src="https://play.pokemonshowdown.com/js/replay-embed.js?version'+daily+'"></'+'script>');
</script>
