<!DOCTYPE html>
<meta charset="utf-8" />
<!-- version 1 -->
<title>NU replay: myleo vs. Master Fairefo</title>
<style>
html,body {font-family:Verdana, sans-serif;font-size:10pt;margin:0;padding:0;}body{padding:12px 0;} .battle-log {font-family:Verdana, sans-serif;font-size:10pt;} .battle-log-inline {border:1px solid #AAAAAA;background:#EEF2F5;color:black;max-width:640px;margin:0 auto 80px;padding-bottom:5px;} .battle-log .inner {padding:4px 8px 0px 8px;} .battle-log .inner-preempt {padding:0 8px 4px 8px;} .battle-log .inner-after {margin-top:0.5em;} .battle-log h2 {margin:0.5em -8px;padding:4px 8px;border:1px solid #AAAAAA;background:#E0E7EA;border-left:0;border-right:0;font-family:Verdana, sans-serif;font-size:13pt;} .battle-log .chat {vertical-align:middle;padding:3px 0 3px 0;font-size:8pt;} .battle-log .chat strong {color:#40576A;} .battle-log .chat em {padding:1px 4px 1px 3px;color:#000000;font-style:normal;} .chat.mine {background:rgba(0,0,0,0.05);margin-left:-8px;margin-right:-8px;padding-left:8px;padding-right:8px;} .spoiler {color:#BBBBBB;background:#BBBBBB;padding:0px 3px;} .spoiler:hover, .spoiler:active, .spoiler-shown {color:#000000;background:#E2E2E2;padding:0px 3px;} .spoiler a {color:#BBBBBB;} .spoiler:hover a, .spoiler:active a, .spoiler-shown a {color:#2288CC;} .chat code, .chat .spoiler:hover code, .chat .spoiler:active code, .chat .spoiler-shown code {border:1px solid #C0C0C0;background:#EEEEEE;color:black;padding:0 2px;} .chat .spoiler code {border:1px solid #CCCCCC;background:#CCCCCC;color:#CCCCCC;} .battle-log .rated {padding:3px 4px;} .battle-log .rated strong {color:white;background:#89A;padding:1px 4px;border-radius:4px;} .spacer {margin-top:0.5em;} .message-announce {background:#6688AA;color:white;padding:1px 4px 2px;} .message-announce a, .broadcast-green a, .broadcast-blue a, .broadcast-red a {color:#DDEEFF;} .broadcast-green {background-color:#559955;color:white;padding:2px 4px;} .broadcast-blue {background-color:#6688AA;color:white;padding:2px 4px;} .infobox {border:1px solid #6688AA;padding:2px 4px;} .infobox-limited {max-height:200px;overflow:auto;overflow-x:hidden;} .broadcast-red {background-color:#AA5544;color:white;padding:2px 4px;} .message-learn-canlearn {font-weight:bold;color:#228822;text-decoration:underline;} .message-learn-cannotlearn {font-weight:bold;color:#CC2222;text-decoration:underline;} .message-effect-weak {font-weight:bold;color:#CC2222;} .message-effect-resist {font-weight:bold;color:#6688AA;} .message-effect-immune {font-weight:bold;color:#666666;} .message-learn-list {margin-top:0;margin-bottom:0;} .message-throttle-notice, .message-error {color:#992222;} .message-overflow, .chat small.message-overflow {font-size:0pt;} .message-overflow::before {font-size:9pt;content:'...';} .subtle {color:#3A4A66;}
</style>
<div class="wrapper replay-wrapper" style="max-width:1180px;margin:0 auto">
<input type="hidden" name="replayid" value="nu-508446603" />
<div class="battle"></div><div class="battle-log"></div><div class="replay-controls"></div><div class="replay-controls-2"></div>
<h1 style="font-weight:normal;text-align:center"><strong>NU</strong><br /><a href="http://pokemonshowdown.com/users/myleo" class="subtle" target="_blank">myleo</a> vs. <a href="http://pokemonshowdown.com/users/masterfairefo" class="subtle" target="_blank">Master Fairefo</a></h1>
<script type="text/plain" class="battle-log-data">|j|myleo
|j|Master Fairefo
|player|p1|myleo|1
|player|p2|Master Fairefo|52
|gametype|singles
|gen|6
|tier|NU
|rated
|seed|25904,12370,30226,31709
|rule|Sleep Clause Mod: Limit one foe put to sleep
|rule|Species Clause: Limit one of each Pokémon
|rule|OHKO Clause: OHKO moves are banned
|rule|Moody Clause: Moody is banned
|rule|Evasion Moves Clause: Evasion moves are banned
|rule|Endless Battle Clause: Forcing endless battles is banned
|rule|HP Percentage Mod: HP is shown in percentages
|clearpoke
|poke|p1|Furfrou, M, shiny|item
|poke|p1|Leavanny, F, shiny|item
|poke|p1|Golurk, shiny|item
|poke|p1|Lanturn, F, shiny|item
|poke|p1|Klinklang, shiny|item
|poke|p1|Mothim, M, shiny|item
|poke|p2|Liepard, F, shiny|item
|poke|p2|Quagsire, M|item
|poke|p2|Scyther, M|item
|poke|p2|Aggron, M, shiny|item
|poke|p2|Ampharos, M|item
|poke|p2|Golurk, shiny|item
|rule|Swagger Clause: Swagger is banned
|rule|Baton Pass Clause: Limit one Baton Passer, can't pass Spe and other stats simultaneously
|teampreview
|c|★myleo|gg
|c|★myleo|i lost
|c|★Master Fairefo|:v
|choice|team 2, team 1, team 3, team 4, team 5, team 6|team 1, team 2, team 3, team 4, team 5, team 6
|
|start
|switch|p1a: Fashion Freak|Leavanny, F, shiny|354\/354
|switch|p2a: Catwoman|Liepard, F, shiny|270\/270
|turn|1
|choice|move xscissor|move fakeout
|
|move|p2a: Catwoman|Fake Out|p1a: Fashion Freak
|-damage|p1a: Fashion Freak|304\/354
|cant|p1a: Fashion Freak|flinch
|
|upkeep
|turn|2
|choice|move xscissor|move thunderwave
|
|move|p2a: Catwoman|Thunder Wave|p1a: Fashion Freak
|-status|p1a: Fashion Freak|par
|move|p1a: Fashion Freak|X-Scissor|p2a: Catwoman
|-supereffective|p2a: Catwoman
|-crit|p2a: Catwoman
|-enditem|p2a: Catwoman|Focus Sash
|-damage|p2a: Catwoman|1\/270
|
|upkeep
|turn|3
|choice|move stickyweb|switch 3
|
|switch|p2a: Sir. Cercenador|Scyther, M|343\/343
|move|p1a: Fashion Freak|Sticky Web|p2a: Sir. Cercenador
|-sidestart|p2: Master Fairefo|move: Sticky Web
|
|upkeep
|turn|4
|choice|move xscissor|move swordsdance
|
|move|p2a: Sir. Cercenador|Swords Dance|p2a: Sir. Cercenador
|-boost|p2a: Sir. Cercenador|atk|2
|move|p1a: Fashion Freak|X-Scissor|p2a: Sir. Cercenador
|-resisted|p2a: Sir. Cercenador
|-damage|p2a: Sir. Cercenador|294\/343
|
|upkeep
|turn|5
|choice|move xscissor|move furycutter
|
|move|p2a: Sir. Cercenador|Fury Cutter|p1a: Fashion Freak
|-supereffective|p1a: Fashion Freak
|-damage|p1a: Fashion Freak|0 fnt
|faint|p1a: Fashion Freak
|
|upkeep
|choice|switch 5|
|
|switch|p1a: Your Clock|Klinklang, shiny|324\/324
|turn|6
|choice|move shiftgear|move brickbreak
|
|move|p2a: Sir. Cercenador|Brick Break|p1a: Your Clock
|-supereffective|p1a: Your Clock
|-damage|p1a: Your Clock|40\/324
|move|p1a: Your Clock|Shift Gear|p1a: Your Clock
|-boost|p1a: Your Clock|spe|2
|-boost|p1a: Your Clock|atk|1
|
|upkeep
|turn|7
|choice|move geargrind|move furycutter
|
|move|p1a: Your Clock|Gear Grind|p2a: Sir. Cercenador
|-damage|p2a: Sir. Cercenador|182\/343
|-damage|p2a: Sir. Cercenador|83\/343
|-hitcount|p2a: Sir. Cercenador|2
|move|p2a: Sir. Cercenador|Fury Cutter|p1a: Your Clock
|-resisted|p1a: Your Clock
|-damage|p1a: Your Clock|0 fnt
|faint|p1a: Your Clock
|
|upkeep
|choice|switch 2|
|
|switch|p1a: Great Dane|Furfrou, M, shiny|354\/354
|turn|8
|choice|move substitute|move roost
|
|move|p1a: Great Dane|Substitute|p1a: Great Dane
|-start|p1a: Great Dane|Substitute
|-damage|p1a: Great Dane|266\/354
|move|p2a: Sir. Cercenador|Roost|p2a: Sir. Cercenador
|-heal|p2a: Sir. Cercenador|255\/343
|
|-heal|p1a: Great Dane|288\/354|[from] item: Leftovers
|upkeep
|turn|9
|choice|move cottonguard|move brickbreak
|
|move|p1a: Great Dane|Cotton Guard|p1a: Great Dane
|-boost|p1a: Great Dane|def|3
|move|p2a: Sir. Cercenador|Brick Break|p1a: Great Dane
|-supereffective|p1a: Great Dane
|-activate|p1a: Great Dane|move: Substitute|[damage]
|
|-heal|p1a: Great Dane|310\/354|[from] item: Leftovers
|upkeep
|turn|10
|choice|move cottonguard|switch 5
|
|switch|p2a: Bratenferunio|Ampharos, M|382\/382
|-activate|p2a: Bratenferunio|move: Sticky Web
|-unboost|p2a: Bratenferunio|spe|1
|move|p1a: Great Dane|Cotton Guard|p1a: Great Dane
|-boost|p1a: Great Dane|def|3
|
|-heal|p1a: Great Dane|332\/354|[from] item: Leftovers
|upkeep
|turn|11
|choice|move snarl|move chargebeam
|
|move|p1a: Great Dane|Snarl|p2a: Bratenferunio
|-crit|p2a: Bratenferunio
|-damage|p2a: Bratenferunio|343\/382
|-unboost|p2a: Bratenferunio|spa|1
|move|p2a: Bratenferunio|Charge Beam|p1a: Great Dane
|-end|p1a: Great Dane|Substitute
|-boost|p2a: Bratenferunio|spa|1
|
|-heal|p1a: Great Dane|354\/354|[from] item: Leftovers
|-heal|p2a: Bratenferunio|366\/382|[from] item: Leftovers
|upkeep
|turn|12
|choice|move snarl|move focusblast
|
|move|p1a: Great Dane|Snarl|p2a: Bratenferunio
|-damage|p2a: Bratenferunio|342\/382
|-unboost|p2a: Bratenferunio|spa|1
|move|p2a: Bratenferunio|Focus Blast|p1a: Great Dane
|-supereffective|p1a: Great Dane
|-damage|p1a: Great Dane|180\/354
|
|-heal|p1a: Great Dane|202\/354|[from] item: Leftovers
|-heal|p2a: Bratenferunio|365\/382|[from] item: Leftovers
|upkeep
|turn|13
|choice|move toxic|move chargebeam
|
|move|p1a: Great Dane|Toxic|p2a: Bratenferunio
|-status|p2a: Bratenferunio|tox
|move|p2a: Bratenferunio|Charge Beam|p1a: Great Dane
|-damage|p1a: Great Dane|147\/354
|-boost|p2a: Bratenferunio|spa|1
|
|-heal|p1a: Great Dane|169\/354|[from] item: Leftovers
|-heal|p2a: Bratenferunio|382\/382 tox|[from] item: Leftovers
|-damage|p2a: Bratenferunio|359\/382 tox|[from] psn
|upkeep
|turn|14
|choice|move substitute|move focusblast
|
|move|p1a: Great Dane|Substitute|p1a: Great Dane
|-start|p1a: Great Dane|Substitute
|-damage|p1a: Great Dane|81\/354
|move|p2a: Bratenferunio|Focus Blast|p1a: Great Dane|[miss]
|-miss|p2a: Bratenferunio|p1a: Great Dane
|
|-heal|p1a: Great Dane|103\/354|[from] item: Leftovers
|-heal|p2a: Bratenferunio|382\/382 tox|[from] item: Leftovers
|-damage|p2a: Bratenferunio|336\/382 tox|[from] psn
|upkeep
|turn|15
|c|★Master Fairefo|damn >:v
|c|★myleo|lol
|choice|move snarl|move chargebeam
|
|move|p1a: Great Dane|Snarl|p2a: Bratenferunio
|-damage|p2a: Bratenferunio|311\/382 tox
|-unboost|p2a: Bratenferunio|spa|1
|move|p2a: Bratenferunio|Charge Beam|p1a: Great Dane
|-activate|p1a: Great Dane|move: Substitute|[damage]
|-boost|p2a: Bratenferunio|spa|1
|
|-heal|p1a: Great Dane|125\/354|[from] item: Leftovers
|-heal|p2a: Bratenferunio|334\/382 tox|[from] item: Leftovers
|-damage|p2a: Bratenferunio|265\/382 tox|[from] psn
|upkeep
|turn|16
|j|IKeepDisconnecting
|choice|move snarl|move chargebeam
|
|move|p1a: Great Dane|Snarl|p2a: Bratenferunio
|-damage|p2a: Bratenferunio|239\/382 tox
|-unboost|p2a: Bratenferunio|spa|1
|move|p2a: Bratenferunio|Charge Beam|p1a: Great Dane
|-end|p1a: Great Dane|Substitute
|-boost|p2a: Bratenferunio|spa|1
|
|-heal|p1a: Great Dane|147\/354|[from] item: Leftovers
|-heal|p2a: Bratenferunio|262\/382 tox|[from] item: Leftovers
|-damage|p2a: Bratenferunio|170\/382 tox|[from] psn
|upkeep
|turn|17
|choice|move substitute|move chargebeam
|
|move|p1a: Great Dane|Substitute|p1a: Great Dane
|-start|p1a: Great Dane|Substitute
|-damage|p1a: Great Dane|59\/354
|move|p2a: Bratenferunio|Charge Beam|p1a: Great Dane
|-activate|p1a: Great Dane|move: Substitute|[damage]
|
|-heal|p1a: Great Dane|81\/354|[from] item: Leftovers
|-heal|p2a: Bratenferunio|193\/382 tox|[from] item: Leftovers
|-damage|p2a: Bratenferunio|78\/382 tox|[from] psn
|upkeep
|turn|18
|choice|move snarl|move rest
|
|move|p1a: Great Dane|Snarl|p2a: Bratenferunio
|-damage|p2a: Bratenferunio|51\/382 tox
|-unboost|p2a: Bratenferunio|spa|1
|move|p2a: Bratenferunio|Rest|p2a: Bratenferunio
|-status|p2a: Bratenferunio|slp
|-heal|p2a: Bratenferunio|382\/382 slp|[silent]
|-status|p2a: Bratenferunio|slp|[from] move: Rest
|
|-heal|p1a: Great Dane|103\/354|[from] item: Leftovers
|upkeep
|turn|19
|c|★myleo|lol
|choice|switch 3|switch 2
|
|switch|p1a: Golem Hoax|Golurk, shiny|382\/382
|switch|p2a: Rubber thingy|Quagsire, M|392\/392
|-activate|p2a: Rubber thingy|move: Sticky Web
|-unboost|p2a: Rubber thingy|spe|1
|
|upkeep
|turn|20
|c|★Master Fairefo|cool :v
|choice|switch 6|move curse
|
|switch|p1a: Big Bertha|Mothim, M, shiny|281\/281
|move|p2a: Rubber thingy|Curse|p2a: Rubber thingy
|-unboost|p2a: Rubber thingy|spe|1
|-boost|p2a: Rubber thingy|atk|1
|-boost|p2a: Rubber thingy|def|1
|
|upkeep
|turn|21
|choice|move quiverdance|move curse
|
|move|p1a: Big Bertha|Quiver Dance|p1a: Big Bertha
|-boost|p1a: Big Bertha|spa|1
|-boost|p1a: Big Bertha|spd|1
|-boost|p1a: Big Bertha|spe|1
|move|p2a: Rubber thingy|Curse|p2a: Rubber thingy
|-unboost|p2a: Rubber thingy|spe|1
|-boost|p2a: Rubber thingy|atk|1
|-boost|p2a: Rubber thingy|def|1
|
|upkeep
|turn|22
|choice|move quiverdance|move curse
|
|move|p1a: Big Bertha|Quiver Dance|p1a: Big Bertha
|-boost|p1a: Big Bertha|spa|1
|-boost|p1a: Big Bertha|spd|1
|-boost|p1a: Big Bertha|spe|1
|move|p2a: Rubber thingy|Curse|p2a: Rubber thingy
|-unboost|p2a: Rubber thingy|spe|1
|-boost|p2a: Rubber thingy|atk|1
|-boost|p2a: Rubber thingy|def|1
|
|upkeep
|turn|23
|choice|move energyball|move curse
|
|move|p1a: Big Bertha|Energy Ball|p2a: Rubber thingy
|-supereffective|p2a: Rubber thingy
|-crit|p2a: Rubber thingy
|-damage|p2a: Rubber thingy|0 fnt
|faint|p2a: Rubber thingy
|
|upkeep
|c|★myleo|!weak Quagsire
|html|<div class="infobox">Quagsire (ignoring abilities):<br \/><span class="message-effect-weak">Weaknesses<\/span>: <b>Grass<\/b><br \/><span class="message-effect-resist">Resistances<\/span>: Fire, Poison, Rock, Steel<br \/><span class="message-effect-immune">Immunities<\/span>: Electric<\/div>
|c|★Master Fairefo|shit :,v
|choice||switch 3
|
|switch|p2a: Catwoman|Liepard, F, shiny|1\/270
|-activate|p2a: Catwoman|move: Sticky Web
|-unboost|p2a: Catwoman|spe|1
|turn|24
|c|★myleo|times 2 super effective
|c|★Master Fairefo|yep
|c|★myleo|prankster
|c|★Master Fairefo|:v
|c|★myleo|right?
|choice|move quiverdance|move thunderwave
|
|move|p2a: Catwoman|Thunder Wave|p1a: Big Bertha
|-status|p1a: Big Bertha|par
|move|p1a: Big Bertha|Quiver Dance|p1a: Big Bertha
|-boost|p1a: Big Bertha|spa|1
|-boost|p1a: Big Bertha|spd|1
|-boost|p1a: Big Bertha|spe|1
|
|upkeep
|turn|25
|c|★Master Fairefo|:v
|c|★Master Fairefo|:V
|choice|move quiverdance|move encore
|
|move|p2a: Catwoman|Encore|p1a: Big Bertha
|-start|p1a: Big Bertha|Encore
|move|p1a: Big Bertha|Quiver Dance|p1a: Big Bertha
|-boost|p1a: Big Bertha|spa|1
|-boost|p1a: Big Bertha|spd|1
|-boost|p1a: Big Bertha|spe|1
|
|upkeep
|turn|26
|c|★myleo|thx
|choice|move quiverdance|switch 6
|
|switch|p2a: Jose Alejandro|Golurk, shiny|362\/362
|-activate|p2a: Jose Alejandro|move: Sticky Web
|-unboost|p2a: Jose Alejandro|spe|1
|move|p1a: Big Bertha|Quiver Dance|p1a: Big Bertha
|-boost|p1a: Big Bertha|spa|1
|-boost|p1a: Big Bertha|spd|1
|-boost|p1a: Big Bertha|spe|1
|
|upkeep
|turn|27
|choice|move quiverdance|move stoneedge
|
|move|p1a: Big Bertha|Quiver Dance|p1a: Big Bertha
|-boost|p1a: Big Bertha|spa|1
|-boost|p1a: Big Bertha|spd|1
|-boost|p1a: Big Bertha|spe|1
|move|p2a: Jose Alejandro|Stone Edge|p1a: Big Bertha
|-supereffective|p1a: Big Bertha
|-enditem|p1a: Big Bertha|Focus Sash
|-damage|p1a: Big Bertha|1\/281 par
|-damage|p2a: Jose Alejandro|326\/362|[from] item: Life Orb
|
|-end|p1a: Big Bertha|Encore
|upkeep
|turn|28
|c|★Master Fairefo|dont think so :V
|c|★Master Fairefo|:V
|c|★Master Fairefo|well
|choice|move energyball|move drainpunch
|
|move|p1a: Big Bertha|Energy Ball|p2a: Jose Alejandro
|-supereffective|p2a: Jose Alejandro
|-damage|p2a: Jose Alejandro|0 fnt
|faint|p2a: Jose Alejandro
|
|upkeep
|choice||switch 6
|
|switch|p2a: Catwoman|Liepard, F, shiny|1\/270
|-activate|p2a: Catwoman|move: Sticky Web
|-unboost|p2a: Catwoman|spe|1
|turn|29
|c|★myleo|i have 1260 special attack :p
|choice|move airslash|move fakeout
|
|move|p2a: Catwoman|Fake Out|p1a: Big Bertha
|-damage|p1a: Big Bertha|0 fnt
|faint|p1a: Big Bertha
|
|upkeep
|c|★Master Fairefo|:V?
|c| IKeepDisconnecting|lol
|choice|switch 4|
|
|switch|p1a: What Am I?|Lanturn, F, shiny|454\/454
|turn|30
|choice|move aquaring|move thunderwave
|
|move|p2a: Catwoman|Thunder Wave|p1a: What Am I?
|-immune|p1a: What Am I?|[msg]|[from] ability: Volt Absorb
|move|p1a: What Am I?|Aqua Ring|p1a: What Am I?
|-start|p1a: What Am I?|Aqua Ring
|
|upkeep
|turn|31
|c|★Master Fairefo|hmm
|c|★Master Fairefo|forgot :v
|choice|move amnesia|move encore
|
|move|p2a: Catwoman|Encore|p1a: What Am I?
|-start|p1a: What Am I?|Encore
|move|p1a: What Am I?|Aqua Ring|p1a: What Am I?
|-fail|p1a: What Am I?
|
|upkeep
|turn|32
|c|★myleo|lol
|choice|move aquaring|switch 4
|
|switch|p2a: Aggron|Aggron, M, shiny|281\/281
|-activate|p2a: Aggron|move: Sticky Web
|-unboost|p2a: Aggron|spe|1
|move|p1a: What Am I?|Aqua Ring|p1a: What Am I?
|-fail|p1a: What Am I?
|
|upkeep
|turn|33
|choice|move aquaring|move earthquake
|
|move|p1a: What Am I?|Aqua Ring|p1a: What Am I?
|-fail|p1a: What Am I?
|move|p2a: Aggron|Earthquake|p1a: What Am I?
|-supereffective|p1a: What Am I?
|-damage|p1a: What Am I?|182\/454
|
|-heal|p1a: What Am I?|210\/454|[from] Aqua Ring
|-end|p1a: What Am I?|Encore
|upkeep
|turn|34
|choice|move scald|move earthquake
|
|move|p1a: What Am I?|Scald|p2a: Aggron
|-supereffective|p2a: Aggron
|-ability|p2a: Aggron|Sturdy
|-damage|p2a: Aggron|1\/281
|-enditem|p2a: Aggron|Salac Berry|[eat]
|-boost|p2a: Aggron|spe|1
|move|p2a: Aggron|Earthquake|p1a: What Am I?
|-supereffective|p1a: What Am I?
|-damage|p1a: What Am I?|0 fnt
|faint|p1a: What Am I?
|
|upkeep
|choice|switch 3|
|
|switch|p1a: Great Dane|Furfrou, M, shiny|103\/354
|turn|35
|choice|move snarl|move reversal
|
|move|p1a: Great Dane|Snarl|p2a: Aggron
|-damage|p2a: Aggron|0 fnt
|faint|p2a: Aggron
|
|-heal|p1a: Great Dane|125\/354|[from] item: Leftovers
|upkeep
|choice||switch 4
|
|switch|p2a: Catwoman|Liepard, F, shiny|1\/270
|-activate|p2a: Catwoman|move: Sticky Web
|-unboost|p2a: Catwoman|spe|1
|turn|36
|choice|move snarl|move fakeout
|
|move|p2a: Catwoman|Fake Out|p1a: Great Dane
|-damage|p1a: Great Dane|96\/354
|cant|p1a: Great Dane|flinch
|
|-heal|p1a: Great Dane|118\/354|[from] item: Leftovers
|upkeep
|turn|37
|choice|move snarl|move thunderwave
|
|move|p2a: Catwoman|Thunder Wave|p1a: Great Dane
|-status|p1a: Great Dane|par
|cant|p1a: Great Dane|par
|
|-heal|p1a: Great Dane|140\/354 par|[from] item: Leftovers
|upkeep
|turn|38
|choice|move snarl|switch 5
|
|switch|p2a: Sir. Cercenador|Scyther, M|255\/343
|move|p1a: Great Dane|Snarl|p2a: Sir. Cercenador
|-damage|p2a: Sir. Cercenador|233\/343
|-unboost|p2a: Sir. Cercenador|spa|1
|
|-heal|p1a: Great Dane|162\/354 par|[from] item: Leftovers
|upkeep
|turn|39
|choice|move cottonguard|move swordsdance
|
|move|p2a: Sir. Cercenador|Swords Dance|p2a: Sir. Cercenador
|-boost|p2a: Sir. Cercenador|atk|2
|move|p1a: Great Dane|Cotton Guard|p1a: Great Dane
|-boost|p1a: Great Dane|def|3
|
|-heal|p1a: Great Dane|184\/354 par|[from] item: Leftovers
|upkeep
|turn|40
|c|★Master Fairefo|i was expecting paralysis :v shit
|c|★Master Fairefo|well
|choice|move cottonguard|move swordsdance
|
|move|p2a: Sir. Cercenador|Swords Dance|p2a: Sir. Cercenador
|-boost|p2a: Sir. Cercenador|atk|2
|move|p1a: Great Dane|Cotton Guard|p1a: Great Dane
|-boost|p1a: Great Dane|def|3
|
|-heal|p1a: Great Dane|206\/354 par|[from] item: Leftovers
|upkeep
|turn|41
|c|★myleo|lol
|choice|move toxic|move swordsdance
|
|move|p2a: Sir. Cercenador|Swords Dance|p2a: Sir. Cercenador
|-boost|p2a: Sir. Cercenador|atk|2
|move|p1a: Great Dane|Toxic|p2a: Sir. Cercenador
|-status|p2a: Sir. Cercenador|tox
|
|-heal|p1a: Great Dane|228\/354 par|[from] item: Leftovers
|-damage|p2a: Sir. Cercenador|212\/343 tox|[from] psn
|upkeep
|turn|42
|c|★Master Fairefo|:v
|c|★myleo|is that eviolite?
|choice|move substitute|move brickbreak
|
|move|p2a: Sir. Cercenador|Brick Break|p1a: Great Dane
|-supereffective|p1a: Great Dane
|-damage|p1a: Great Dane|110\/354 par
|move|p1a: Great Dane|Substitute|p1a: Great Dane
|-start|p1a: Great Dane|Substitute
|-damage|p1a: Great Dane|22\/354 par
|
|-heal|p1a: Great Dane|44\/354 par|[from] item: Leftovers
|-damage|p2a: Sir. Cercenador|170\/343 tox|[from] psn
|upkeep
|turn|43
|choice|move snarl|move brickbreak
|
|move|p2a: Sir. Cercenador|Brick Break|p1a: Great Dane
|-supereffective|p1a: Great Dane
|-end|p1a: Great Dane|Substitute
|move|p1a: Great Dane|Snarl|p2a: Sir. Cercenador
|-damage|p2a: Sir. Cercenador|149\/343 tox
|-unboost|p2a: Sir. Cercenador|spa|1
|
|-heal|p1a: Great Dane|66\/354 par|[from] item: Leftovers
|-damage|p2a: Sir. Cercenador|86\/343 tox|[from] psn
|upkeep
|turn|44
|c|★Master Fairefo|it is :v
|choice|move snarl|move brickbreak
|
|move|p2a: Sir. Cercenador|Brick Break|p1a: Great Dane
|-supereffective|p1a: Great Dane
|-damage|p1a: Great Dane|0 fnt
|faint|p1a: Great Dane
|
|-damage|p2a: Sir. Cercenador|2\/343 tox|[from] psn
|upkeep
|c|★myleo|nooo
|c|★Master Fairefo|hmm
|c|★myleo|i lost
|c|★myleo|gg
|c|★Master Fairefo|unexpected
|choice|switch 6|
|
|switch|p1a: Golem Hoax|Golurk, shiny|382\/382
|turn|45
|l|IKeepDisconnecting
|choice|move heavyslam|move furycutter
|
|move|p2a: Sir. Cercenador|Fury Cutter|p1a: Golem Hoax
|-resisted|p1a: Golem Hoax
|-damage|p1a: Golem Hoax|176\/382
|move|p1a: Golem Hoax|Heavy Slam|p2a: Sir. Cercenador
|-damage|p2a: Sir. Cercenador|0 fnt
|faint|p2a: Sir. Cercenador
|
|upkeep
|choice||switch 5
|
|switch|p2a: Catwoman|Liepard, F, shiny|1\/270
|-activate|p2a: Catwoman|move: Sticky Web
|-unboost|p2a: Catwoman|spe|1
|turn|46
|choice|move heavyslam|move pursuit
|
|move|p2a: Catwoman|Pursuit|p1a: Golem Hoax
|-supereffective|p1a: Golem Hoax
|-damage|p1a: Golem Hoax|30\/382
|move|p1a: Golem Hoax|Heavy Slam|p2a: Catwoman
|-damage|p2a: Catwoman|0 fnt
|faint|p2a: Catwoman
|
|upkeep
|c|★Master Fairefo|hmm
|c|★Master Fairefo|u won :,v shit
|choice||switch 2
|
|switch|p2a: Bratenferunio|Ampharos, M|382\/382 slp
|-activate|p2a: Bratenferunio|move: Sticky Web
|-unboost|p2a: Bratenferunio|spe|1
|turn|47
|c|★myleo|y
|c|★myleo|what is ur ampharos's last move?
|c|★Master Fairefo|cotton guard :v
|c|★myleo|lol
|c|★myleo|bulky
|c|★Master Fairefo|its like a furfou but
|c|★Master Fairefo|it is an ampharos :v
|l|myleo
|player|p1
|j|myleo
|player|p1|myleo|1
|choice|move phantomforce|move cottonguard
|
|move|p1a: Golem Hoax|Phantom Force|p2a: Bratenferunio|[still]
|-prepare|p1a: Golem Hoax|Phantom Force|p2a: Bratenferunio
|cant|p2a: Bratenferunio|slp
|
|upkeep
|turn|48
|choice|move phantomforce 1|move cottonguard
|
|move|p1a: Golem Hoax|Phantom Force|p2a: Bratenferunio|[from]lockedmove
|-damage|p2a: Bratenferunio|199\/382 slp
|-status|p1a: Golem Hoax|par|[from] ability: Static|[of] p2a: Bratenferunio
|cant|p2a: Bratenferunio|slp
|
|-heal|p2a: Bratenferunio|222\/382 slp|[from] item: Leftovers
|upkeep
|turn|49
|c|★myleo|lol
|choice|move dynamicpunch|move cottonguard
|
|-curestatus|p2a: Bratenferunio|slp|[msg]
|move|p2a: Bratenferunio|Cotton Guard|p2a: Bratenferunio
|-boost|p2a: Bratenferunio|def|3
|cant|p1a: Golem Hoax|par
|
|-heal|p2a: Bratenferunio|245\/382|[from] item: Leftovers
|upkeep
|turn|50
|choice|move earthquake|move chargebeam
|
|move|p2a: Bratenferunio|Charge Beam|p1a: Golem Hoax
|-immune|p1a: Golem Hoax|[msg]
|move|p1a: Golem Hoax|Earthquake|p2a: Bratenferunio
|-supereffective|p2a: Bratenferunio
|-damage|p2a: Bratenferunio|81\/382
|
|-heal|p2a: Bratenferunio|104\/382|[from] item: Leftovers
|upkeep
|turn|51
|c|★myleo|noooo
|c|★Master Fairefo|:,v
|choice|move earthquake|move rest
|
|move|p2a: Bratenferunio|Rest|p2a: Bratenferunio
|-status|p2a: Bratenferunio|slp
|-heal|p2a: Bratenferunio|382\/382 slp|[silent]
|-status|p2a: Bratenferunio|slp|[from] move: Rest
|move|p1a: Golem Hoax|Earthquake|p2a: Bratenferunio
|-supereffective|p2a: Bratenferunio
|-damage|p2a: Bratenferunio|206\/382 slp
|
|-heal|p2a: Bratenferunio|229\/382 slp|[from] item: Leftovers
|upkeep
|turn|52
|c|★Master Fairefo|:v
|choice|move earthquake|move cottonguard
|
|cant|p2a: Bratenferunio|slp
|move|p1a: Golem Hoax|Earthquake|p2a: Bratenferunio
|-supereffective|p2a: Bratenferunio
|-damage|p2a: Bratenferunio|65\/382 slp
|
|-heal|p2a: Bratenferunio|88\/382 slp|[from] item: Leftovers
|upkeep
|turn|53
|c|★myleo|gg
|choice|move earthquake|move rest
|
|cant|p2a: Bratenferunio|slp
|move|p1a: Golem Hoax|Earthquake|p2a: Bratenferunio
|-supereffective|p2a: Bratenferunio
|-damage|p2a: Bratenferunio|0 fnt
|faint|p2a: Bratenferunio
|
|win|myleo
|player|p1
|player|p2
|l|myleo
|raw|myleo's rating: 1000 &rarr; <strong>1040<\/strong><br \/>(+40 for winning)
|raw|Master Fairefo's rating: 1000 &rarr; <strong>1000<\/strong><br \/>(+0 for losing)
|l|Master Fairefo
|j|Master Fairefo
|l|Master Fairefo
|j|Master Fairefo</script>
</div>
<div class="battle-log battle-log-inline"><div class="inner"><div class="battle-options"></div><div class="inner"><div class="chat"><small>myleo joined.</small></div><div class="chat"><small>Master Fairefo joined.</small></div><div class=""><small>Format:</small> <br><strong>NU</strong></div><div class="rated"><strong>Rated battle</strong></div><div class=""><small><em>Sleep Clause Mod:</em> Limit one foe put to sleep</small></div><div class=""><small><em>Species Clause:</em> Limit one of each Pokémon</small></div><div class=""><small><em>OHKO Clause:</em> OHKO moves are banned</small></div><div class=""><small><em>Moody Clause:</em> Moody is banned</small></div><div class=""><small><em>Evasion Moves Clause:</em> Evasion moves are banned</small></div><div class=""><small><em>Endless Battle Clause:</em> Forcing endless battles is banned</small></div><div class=""><small><em>HP Percentage Mod:</em> HP is shown in percentages</small></div><div class=""><small><em>Swagger Clause:</em> Swagger is banned</small></div><div class=""><small><em>Baton Pass Clause:</em> Limit one Baton Passer, can't pass Spe and other stats simultaneously</small></div><div class="chat battle-history"><strong>myleo's team:</strong> <em style="color:#445566;display:block;">Furfrou / Leavanny / Golurk / Lanturn / Klinklang / Mothim</em></div><div class="chat battle-history"><strong>Master Fairefo's team:</strong> <em style="color:#445566;display:block;">Liepard / Quagsire / Scyther / Aggron / Ampharos / Golurk</em></div><div class="chat chatmessage-myleo"><strong style="color:hsl(326,66%,45.49713883335576%)"><small>★</small><span class="username" data-name="myleo">myleo</span>:</strong> <em>gg</em></div><div class="chat chatmessage-myleo"><strong style="color:hsl(326,66%,45.49713883335576%)"><small>★</small><span class="username" data-name="myleo">myleo</span>:</strong> <em>i lost</em></div><div class="chat chatmessage-masterfairefo"><strong style="color:hsl(160,40%,42%)"><small>★</small><span class="username" data-name="Master Fairefo">Master Fairefo</span>:</strong> <em>:v</em></div><div class="spacer battle-history"><br></div><div class="battle-history">Battle started between myleo and Master Fairefo!<br></div><div class="spacer battle-history"><br></div><div class="battle-history">Go! Fashion Freak (<strong>Leavanny</strong>)!<br></div><div class="spacer battle-history"><br></div><div class="battle-history">Master Fairefo sent out Catwoman (<strong>Liepard</strong>)!<br></div><div class="spacer battle-history"><br></div><h2 class="battle-history">Turn 1</h2><div class="spacer battle-history"><br></div><div class="battle-history">The opposing Catwoman used <strong>Fake Out</strong>!<br></div><div class="battle-history"><small>(Fashion Freak lost <abbr title="−50/354">14.1%</abbr> of its health!)</small><br></div><div class="spacer battle-history"><br></div><div class="battle-history">Fashion Freak flinched and couldn't move!<br></div><div class="spacer battle-history"><br></div><h2 class="battle-history">Turn 2</h2><div class="spacer battle-history"><br></div><div class="battle-history">The opposing Catwoman used <strong>Thunder Wave</strong>!<br></div><div class="battle-history"><small>Fashion Freak is paralyzed! It may be unable to move!</small><br></div><div class="spacer battle-history"><br></div><div class="battle-history">Fashion Freak used <strong>X-Scissor</strong>!<br></div><div class="battle-history"><small>It's super effective!</small><br></div><div class="battle-history"><small>A critical hit!</small><br></div><div class="battle-history"><small>The opposing Catwoman hung on using its Focus Sash!</small><br></div><div class="battle-history"><small>(The opposing Catwoman lost <abbr title="−269/270">99.6%</abbr> of its health!)</small><br></div><div class="spacer battle-history"><br></div><h2 class="battle-history">Turn 3</h2><div class="spacer battle-history"><br></div><div class="battle-history">Master Fairefo withdrew Catwoman!<br></div><div class="battle-history">Master Fairefo sent out Sir. Cercenador (<strong>Scyther</strong>)!<br></div><div class="spacer battle-history"><br></div><div class="battle-history">Fashion Freak used <strong>Sticky Web</strong>!<br></div><div class="battle-history"><small>A sticky web spreads out on the ground around the opposing team!</small><br></div><div class="spacer battle-history"><br></div><h2 class="battle-history">Turn 4</h2><div class="spacer battle-history"><br></div><div class="battle-history">The opposing Sir. Cercenador used <strong>Swords Dance</strong>!<br></div><div class="battle-history"><small>The opposing Sir. Cercenador's Attack rose sharply!</small><br></div><div class="spacer battle-history"><br></div><div class="battle-history">Fashion Freak used <strong>X-Scissor</strong>!<br></div><div class="battle-history"><small>It's not very effective...</small><br></div><div class="battle-history"><small>(The opposing Sir. Cercenador lost <abbr title="−49/343">14.3%</abbr> of its health!)</small><br></div><div class="spacer battle-history"><br></div><h2 class="battle-history">Turn 5</h2><div class="spacer battle-history"><br></div><div class="battle-history">The opposing Sir. Cercenador used <strong>Fury Cutter</strong>!<br></div><div class="battle-history"><small>It's super effective!</small><br></div><div class="battle-history"><small>(Fashion Freak lost <abbr title="−304/354">85.9%</abbr> of its health!)</small><br></div><div class="spacer battle-history"><br></div><div class="battle-history">Fashion Freak fainted!<br></div><div class="spacer battle-history"><br></div><div class="battle-history">Go! Your Clock (<strong>Klinklang</strong>)!<br></div><div class="spacer battle-history"><br></div><h2 class="battle-history">Turn 6</h2><div class="spacer battle-history"><br></div><div class="battle-history">The opposing Sir. Cercenador used <strong>Brick Break</strong>!<br></div><div class="battle-history"><small>It's super effective!</small><br></div><div class="battle-history"><small>(Your Clock lost <abbr title="−284/324">87.7%</abbr> of its health!)</small><br></div><div class="spacer battle-history"><br></div><div class="battle-history">Your Clock used <strong>Shift Gear</strong>!<br></div><div class="battle-history"><small>Your Clock's Speed rose sharply!</small><br></div><div class="battle-history"><small>Your Clock's Attack rose!</small><br></div><div class="spacer battle-history"><br></div><h2 class="battle-history">Turn 7</h2><div class="spacer battle-history"><br></div><div class="battle-history">Your Clock used <strong>Gear Grind</strong>!<br></div><div class="battle-history"><small>(The opposing Sir. Cercenador lost <abbr title="−112/343">32.7%</abbr> of its health!)</small><br></div><div class="battle-history"><small>(The opposing Sir. Cercenador lost <abbr title="−99/343">28.9%</abbr> of its health!)</small><br></div><div class="battle-history"><small>Hit 2 times!</small><br></div><div class="spacer battle-history"><br></div><div class="battle-history">The opposing Sir. Cercenador used <strong>Fury Cutter</strong>!<br></div><div class="battle-history"><small>It's not very effective...</small><br></div><div class="battle-history"><small>(Your Clock lost <abbr title="−40/324">12.3%</abbr> of its health!)</small><br></div><div class="spacer battle-history"><br></div><div class="battle-history">Your Clock fainted!<br></div><div class="spacer battle-history"><br></div><div class="battle-history">Go! Great Dane (<strong>Furfrou</strong>)!<br></div><div class="spacer battle-history"><br></div><h2 class="battle-history">Turn 8</h2><div class="spacer battle-history"><br></div><div class="battle-history">Great Dane used <strong>Substitute</strong>!<br></div><div class="battle-history"><small>Great Dane put in a substitute!</small><br></div><div class="battle-history"><small>(Great Dane lost <abbr title="−88/354">24.9%</abbr> of its health!)</small><br></div><div class="spacer battle-history"><br></div><div class="battle-history">The opposing Sir. Cercenador used <strong>Roost</strong>!<br></div><div class="battle-history"><small>The opposing Sir. Cercenador restored its HP.</small><br></div><div class="spacer battle-history"><br></div><div class="battle-history"><small>Great Dane restored a little HP using its Leftovers!</small><br></div><div class="spacer battle-history"><br></div><h2 class="battle-history">Turn 9</h2><div class="spacer battle-history"><br></div><div class="battle-history">Great Dane used <strong>Cotton Guard</strong>!<br></div><div class="battle-history"><small>Great Dane's Defense rose drastically!</small><br></div><div class="spacer battle-history"><br></div><div class="battle-history">The opposing Sir. Cercenador used <strong>Brick Break</strong>!<br></div><div class="battle-history"><small>It's super effective!</small><br></div><div class="battle-history"><small>The substitute took damage for Great Dane!</small><br></div><div class="spacer battle-history"><br></div><div class="battle-history"><small>Great Dane restored a little HP using its Leftovers!</small><br></div><div class="spacer battle-history"><br></div><h2 class="battle-history">Turn 10</h2><div class="spacer battle-history"><br></div><div class="battle-history">Master Fairefo withdrew Sir. Cercenador!<br></div><div class="battle-history">Master Fairefo sent out Bratenferunio (<strong>Ampharos</strong>)!<br></div><div class="battle-history"><small>The opposing Bratenferunio was caught in a sticky web!</small><br></div><div class="battle-history"><small>The opposing Bratenferunio's Speed fell!</small><br></div><div class="spacer battle-history"><br></div><div class="battle-history">Great Dane used <strong>Cotton Guard</strong>!<br></div><div class="battle-history"><small>Great Dane's Defense rose drastically!</small><br></div><div class="spacer battle-history"><br></div><div class="battle-history"><small>Great Dane restored a little HP using its Leftovers!</small><br></div><div class="spacer battle-history"><br></div><h2 class="battle-history">Turn 11</h2><div class="spacer battle-history"><br></div><div class="battle-history">Great Dane used <strong>Snarl</strong>!<br></div><div class="battle-history"><small>A critical hit!</small><br></div><div class="battle-history"><small>(The opposing Bratenferunio lost <abbr title="−39/382">10.2%</abbr> of its health!)</small><br></div><div class="battle-history"><small>The opposing Bratenferunio's Special Attack fell!</small><br></div><div class="spacer battle-history"><br></div><div class="battle-history">The opposing Bratenferunio used <strong>Charge Beam</strong>!<br></div><div class="battle-history"><small>Great Dane's substitute faded!</small><br></div><div class="battle-history"><small>The opposing Bratenferunio's Special Attack rose!</small><br></div><div class="spacer battle-history"><br></div><div class="battle-history"><small>Great Dane restored a little HP using its Leftovers!</small><br></div><div class="battle-history"><small>The opposing Bratenferunio restored a little HP using its Leftovers!</small><br></div><div class="spacer battle-history"><br></div><h2 class="battle-history">Turn 12</h2><div class="spacer battle-history"><br></div><div class="battle-history">Great Dane used <strong>Snarl</strong>!<br></div><div class="battle-history"><small>(The opposing Bratenferunio lost <abbr title="−24/382">6.3%</abbr> of its health!)</small><br></div><div class="battle-history"><small>The opposing Bratenferunio's Special Attack fell!</small><br></div><div class="spacer battle-history"><br></div><div class="battle-history">The opposing Bratenferunio used <strong>Focus Blast</strong>!<br></div><div class="battle-history"><small>It's super effective!</small><br></div><div class="battle-history"><small>(Great Dane lost <abbr title="−174/354">49.2%</abbr> of its health!)</small><br></div><div class="spacer battle-history"><br></div><div class="battle-history"><small>Great Dane restored a little HP using its Leftovers!</small><br></div><div class="battle-history"><small>The opposing Bratenferunio restored a little HP using its Leftovers!</small><br></div><div class="spacer battle-history"><br></div><h2 class="battle-history">Turn 13</h2><div class="spacer battle-history"><br></div><div class="battle-history">Great Dane used <strong>Toxic</strong>!<br></div><div class="battle-history"><small>The opposing Bratenferunio was badly poisoned!</small><br></div><div class="spacer battle-history"><br></div><div class="battle-history">The opposing Bratenferunio used <strong>Charge Beam</strong>!<br></div><div class="battle-history"><small>(Great Dane lost <abbr title="−55/354">15.5%</abbr> of its health!)</small><br></div><div class="battle-history"><small>The opposing Bratenferunio's Special Attack rose!</small><br></div><div class="spacer battle-history"><br></div><div class="battle-history"><small>Great Dane restored a little HP using its Leftovers!</small><br></div><div class="battle-history"><small>The opposing Bratenferunio restored a little HP using its Leftovers!</small><br></div><div class="battle-history"><small>The opposing Bratenferunio was hurt by poison!</small><br></div><div class="spacer battle-history"><br></div><h2 class="battle-history">Turn 14</h2><div class="spacer battle-history"><br></div><div class="battle-history">Great Dane used <strong>Substitute</strong>!<br></div><div class="battle-history"><small>Great Dane put in a substitute!</small><br></div><div class="battle-history"><small>(Great Dane lost <abbr title="−88/354">24.9%</abbr> of its health!)</small><br></div><div class="spacer battle-history"><br></div><div class="battle-history">The opposing Bratenferunio used <strong>Focus Blast</strong>!<br></div><div class="battle-history"><small>Great Dane avoided the attack!</small><br></div><div class="spacer battle-history"><br></div><div class="battle-history"><small>Great Dane restored a little HP using its Leftovers!</small><br></div><div class="battle-history"><small>The opposing Bratenferunio restored a little HP using its Leftovers!</small><br></div><div class="battle-history"><small>The opposing Bratenferunio was hurt by poison!</small><br></div><div class="spacer battle-history"><br></div><h2 class="battle-history">Turn 15</h2><div class="chat chatmessage-masterfairefo"><strong style="color:hsl(160,40%,42%)"><small>★</small><span class="username" data-name="Master Fairefo">Master Fairefo</span>:</strong> <em>damn &gt;:v</em></div><div class="chat chatmessage-myleo"><strong style="color:hsl(326,66%,45.49713883335576%)"><small>★</small><span class="username" data-name="myleo">myleo</span>:</strong> <em>lol</em></div><div class="spacer battle-history"><br></div><div class="battle-history">Great Dane used <strong>Snarl</strong>!<br></div><div class="battle-history"><small>(The opposing Bratenferunio lost <abbr title="−25/382">6.5%</abbr> of its health!)</small><br></div><div class="battle-history"><small>The opposing Bratenferunio's Special Attack fell!</small><br></div><div class="spacer battle-history"><br></div><div class="battle-history">The opposing Bratenferunio used <strong>Charge Beam</strong>!<br></div><div class="battle-history"><small>The substitute took damage for Great Dane!</small><br></div><div class="battle-history"><small>The opposing Bratenferunio's Special Attack rose!</small><br></div><div class="spacer battle-history"><br></div><div class="battle-history"><small>Great Dane restored a little HP using its Leftovers!</small><br></div><div class="battle-history"><small>The opposing Bratenferunio restored a little HP using its Leftovers!</small><br></div><div class="battle-history"><small>The opposing Bratenferunio was hurt by poison!</small><br></div><div class="spacer battle-history"><br></div><h2 class="battle-history">Turn 16</h2><div class="chat"><small>IKeepDisconnecting joined.</small></div><div class="spacer battle-history"><br></div><div class="battle-history">Great Dane used <strong>Snarl</strong>!<br></div><div class="battle-history"><small>(The opposing Bratenferunio lost <abbr title="−26/382">6.8%</abbr> of its health!)</small><br></div><div class="battle-history"><small>The opposing Bratenferunio's Special Attack fell!</small><br></div><div class="spacer battle-history"><br></div><div class="battle-history">The opposing Bratenferunio used <strong>Charge Beam</strong>!<br></div><div class="battle-history"><small>Great Dane's substitute faded!</small><br></div><div class="battle-history"><small>The opposing Bratenferunio's Special Attack rose!</small><br></div><div class="spacer battle-history"><br></div><div class="battle-history"><small>Great Dane restored a little HP using its Leftovers!</small><br></div><div class="battle-history"><small>The opposing Bratenferunio restored a little HP using its Leftovers!</small><br></div><div class="battle-history"><small>The opposing Bratenferunio was hurt by poison!</small><br></div><div class="spacer battle-history"><br></div><h2 class="battle-history">Turn 17</h2><div class="spacer battle-history"><br></div><div class="battle-history">Great Dane used <strong>Substitute</strong>!<br></div><div class="battle-history"><small>Great Dane put in a substitute!</small><br></div><div class="battle-history"><small>(Great Dane lost <abbr title="−88/354">24.9%</abbr> of its health!)</small><br></div><div class="spacer battle-history"><br></div><div class="battle-history">The opposing Bratenferunio used <strong>Charge Beam</strong>!<br></div><div class="battle-history"><small>The substitute took damage for Great Dane!</small><br></div><div class="spacer battle-history"><br></div><div class="battle-history"><small>Great Dane restored a little HP using its Leftovers!</small><br></div><div class="battle-history"><small>The opposing Bratenferunio restored a little HP using its Leftovers!</small><br></div><div class="battle-history"><small>The opposing Bratenferunio was hurt by poison!</small><br></div><div class="spacer battle-history"><br></div><h2 class="battle-history">Turn 18</h2><div class="spacer battle-history"><br></div><div class="battle-history">Great Dane used <strong>Snarl</strong>!<br></div><div class="battle-history"><small>(The opposing Bratenferunio lost <abbr title="−27/382">7.1%</abbr> of its health!)</small><br></div><div class="battle-history"><small>The opposing Bratenferunio's Special Attack fell!</small><br></div><div class="spacer battle-history"><br></div><div class="battle-history">The opposing Bratenferunio used <strong>Rest</strong>!<br></div><div class="battle-history"><small>The opposing Bratenferunio fell asleep!</small><br></div><div class="battle-history"><small>The opposing Bratenferunio slept and became healthy!</small><br></div><div class="spacer battle-history"><br></div><div class="battle-history"><small>Great Dane restored a little HP using its Leftovers!</small><br></div><div class="spacer battle-history"><br></div><h2 class="battle-history">Turn 19</h2><div class="chat chatmessage-myleo"><strong style="color:hsl(326,66%,45.49713883335576%)"><small>★</small><span class="username" data-name="myleo">myleo</span>:</strong> <em>lol</em></div><div class="spacer battle-history"><br></div><div class="battle-history">Great Dane, come back!<br></div><div class="battle-history">Go! Golem Hoax (<strong>Golurk</strong>)!<br></div><div class="spacer battle-history"><br></div><div class="battle-history">Master Fairefo withdrew Bratenferunio!<br></div><div class="battle-history">Master Fairefo sent out Rubber thingy (<strong>Quagsire</strong>)!<br></div><div class="battle-history"><small>The opposing Rubber thingy was caught in a sticky web!</small><br></div><div class="battle-history"><small>The opposing Rubber thingy's Speed fell!</small><br></div><div class="spacer battle-history"><br></div><h2 class="battle-history">Turn 20</h2><div class="chat chatmessage-masterfairefo"><strong style="color:hsl(160,40%,42%)"><small>★</small><span class="username" data-name="Master Fairefo">Master Fairefo</span>:</strong> <em>cool :v</em></div><div class="spacer battle-history"><br></div><div class="battle-history">Golem Hoax, come back!<br></div><div class="battle-history">Go! Big Bertha (<strong>Mothim</strong>)!<br></div><div class="spacer battle-history"><br></div><div class="battle-history">The opposing Rubber thingy used <strong>Curse</strong>!<br></div><div class="battle-history"><small>The opposing Rubber thingy's Speed fell!</small><br></div><div class="battle-history"><small>The opposing Rubber thingy's Attack rose!</small><br></div><div class="battle-history"><small>The opposing Rubber thingy's Defense rose!</small><br></div><div class="spacer battle-history"><br></div><h2 class="battle-history">Turn 21</h2><div class="spacer battle-history"><br></div><div class="battle-history">Big Bertha used <strong>Quiver Dance</strong>!<br></div><div class="battle-history"><small>Big Bertha's Special Attack rose!</small><br></div><div class="battle-history"><small>Big Bertha's Special Defense rose!</small><br></div><div class="battle-history"><small>Big Bertha's Speed rose!</small><br></div><div class="spacer battle-history"><br></div><div class="battle-history">The opposing Rubber thingy used <strong>Curse</strong>!<br></div><div class="battle-history"><small>The opposing Rubber thingy's Speed fell!</small><br></div><div class="battle-history"><small>The opposing Rubber thingy's Attack rose!</small><br></div><div class="battle-history"><small>The opposing Rubber thingy's Defense rose!</small><br></div><div class="spacer battle-history"><br></div><h2 class="battle-history">Turn 22</h2><div class="spacer battle-history"><br></div><div class="battle-history">Big Bertha used <strong>Quiver Dance</strong>!<br></div><div class="battle-history"><small>Big Bertha's Special Attack rose!</small><br></div><div class="battle-history"><small>Big Bertha's Special Defense rose!</small><br></div><div class="battle-history"><small>Big Bertha's Speed rose!</small><br></div><div class="spacer battle-history"><br></div><div class="battle-history">The opposing Rubber thingy used <strong>Curse</strong>!<br></div><div class="battle-history"><small>The opposing Rubber thingy's Speed fell!</small><br></div><div class="battle-history"><small>The opposing Rubber thingy's Attack rose!</small><br></div><div class="battle-history"><small>The opposing Rubber thingy's Defense rose!</small><br></div><div class="spacer battle-history"><br></div><h2 class="battle-history">Turn 23</h2><div class="spacer battle-history"><br></div><div class="battle-history">Big Bertha used <strong>Energy Ball</strong>!<br></div><div class="battle-history"><small>It's super effective!</small><br></div><div class="battle-history"><small>A critical hit!</small><br></div><div class="battle-history"><small>(The opposing Rubber thingy lost <abbr title="−392/392">100%</abbr> of its health!)</small><br></div><div class="spacer battle-history"><br></div><div class="battle-history">The opposing Rubber thingy fainted!<br></div><div class="chat chatmessage-myleo"><strong style="color:hsl(326,66%,45.49713883335576%)"><small>★</small><span class="username" data-name="myleo">myleo</span>:</strong> <em>!weak Quagsire</em></div><div class="chat"><div class="infobox">Quagsire (ignoring abilities):<br><span class="message-effect-weak">Weaknesses</span>: <b>Grass</b><br><span class="message-effect-resist">Resistances</span>: Fire, Poison, Rock, Steel<br><span class="message-effect-immune">Immunities</span>: Electric</div></div><div class="chat chatmessage-masterfairefo"><strong style="color:hsl(160,40%,42%)"><small>★</small><span class="username" data-name="Master Fairefo">Master Fairefo</span>:</strong> <em>shit :,v</em></div><div class="spacer battle-history"><br></div><div class="battle-history">Master Fairefo sent out Catwoman (<strong>Liepard</strong>)!<br></div><div class="battle-history"><small>The opposing Catwoman was caught in a sticky web!</small><br></div><div class="battle-history"><small>The opposing Catwoman's Speed fell!</small><br></div><div class="spacer battle-history"><br></div><h2 class="battle-history">Turn 24</h2><div class="chat chatmessage-myleo"><strong style="color:hsl(326,66%,45.49713883335576%)"><small>★</small><span class="username" data-name="myleo">myleo</span>:</strong> <em>times 2 super effective</em></div><div class="chat chatmessage-masterfairefo"><strong style="color:hsl(160,40%,42%)"><small>★</small><span class="username" data-name="Master Fairefo">Master Fairefo</span>:</strong> <em>yep</em></div><div class="chat chatmessage-myleo"><strong style="color:hsl(326,66%,45.49713883335576%)"><small>★</small><span class="username" data-name="myleo">myleo</span>:</strong> <em>prankster</em></div><div class="chat chatmessage-masterfairefo"><strong style="color:hsl(160,40%,42%)"><small>★</small><span class="username" data-name="Master Fairefo">Master Fairefo</span>:</strong> <em>:v</em></div><div class="chat chatmessage-myleo"><strong style="color:hsl(326,66%,45.49713883335576%)"><small>★</small><span class="username" data-name="myleo">myleo</span>:</strong> <em>right?</em></div><div class="spacer battle-history"><br></div><div class="battle-history">The opposing Catwoman used <strong>Thunder Wave</strong>!<br></div><div class="battle-history"><small>Big Bertha is paralyzed! It may be unable to move!</small><br></div><div class="spacer battle-history"><br></div><div class="battle-history">Big Bertha used <strong>Quiver Dance</strong>!<br></div><div class="battle-history"><small>Big Bertha's Special Attack rose!</small><br></div><div class="battle-history"><small>Big Bertha's Special Defense rose!</small><br></div><div class="battle-history"><small>Big Bertha's Speed rose!</small><br></div><div class="spacer battle-history"><br></div><h2 class="battle-history">Turn 25</h2><div class="chat chatmessage-masterfairefo"><strong style="color:hsl(160,40%,42%)"><small>★</small><span class="username" data-name="Master Fairefo">Master Fairefo</span>:</strong> <em>:v</em></div><div class="chat chatmessage-masterfairefo"><strong style="color:hsl(160,40%,42%)"><small>★</small><span class="username" data-name="Master Fairefo">Master Fairefo</span>:</strong> <em>:V</em></div><div class="spacer battle-history"><br></div><div class="battle-history">The opposing Catwoman used <strong>Encore</strong>!<br></div><div class="battle-history"><small>Big Bertha received an encore!</small><br></div><div class="spacer battle-history"><br></div><div class="battle-history">Big Bertha used <strong>Quiver Dance</strong>!<br></div><div class="battle-history"><small>Big Bertha's Special Attack rose!</small><br></div><div class="battle-history"><small>Big Bertha's Special Defense rose!</small><br></div><div class="battle-history"><small>Big Bertha's Speed rose!</small><br></div><div class="spacer battle-history"><br></div><h2 class="battle-history">Turn 26</h2><div class="chat chatmessage-myleo"><strong style="color:hsl(326,66%,45.49713883335576%)"><small>★</small><span class="username" data-name="myleo">myleo</span>:</strong> <em>thx</em></div><div class="spacer battle-history"><br></div><div class="battle-history">Master Fairefo withdrew Catwoman!<br></div><div class="battle-history">Master Fairefo sent out Jose Alejandro (<strong>Golurk</strong>)!<br></div><div class="battle-history"><small>The opposing Jose Alejandro was caught in a sticky web!</small><br></div><div class="battle-history"><small>The opposing Jose Alejandro's Speed fell!</small><br></div><div class="spacer battle-history"><br></div><div class="battle-history">Big Bertha used <strong>Quiver Dance</strong>!<br></div><div class="battle-history"><small>Big Bertha's Special Attack rose!</small><br></div><div class="battle-history"><small>Big Bertha's Special Defense rose!</small><br></div><div class="battle-history"><small>Big Bertha's Speed rose!</small><br></div><div class="spacer battle-history"><br></div><h2 class="battle-history">Turn 27</h2><div class="spacer battle-history"><br></div><div class="battle-history">Big Bertha used <strong>Quiver Dance</strong>!<br></div><div class="battle-history"><small>Big Bertha's Special Attack rose!</small><br></div><div class="battle-history"><small>Big Bertha's Special Defense rose!</small><br></div><div class="battle-history"><small>Big Bertha's Speed rose!</small><br></div><div class="spacer battle-history"><br></div><div class="battle-history">The opposing Jose Alejandro used <strong>Stone Edge</strong>!<br></div><div class="battle-history"><small>It's super effective!</small><br></div><div class="battle-history"><small>Big Bertha hung on using its Focus Sash!</small><br></div><div class="battle-history"><small>(Big Bertha lost <abbr title="−280/281">99.6%</abbr> of its health!)</small><br></div><div class="battle-history"><small>The opposing Jose Alejandro lost some of its HP!</small><br></div><div class="spacer battle-history"><br></div><div class="battle-history"><small>Big Bertha's encore ended!</small><br></div><div class="spacer battle-history"><br></div><h2 class="battle-history">Turn 28</h2><div class="chat chatmessage-masterfairefo"><strong style="color:hsl(160,40%,42%)"><small>★</small><span class="username" data-name="Master Fairefo">Master Fairefo</span>:</strong> <em>dont think so :V</em></div><div class="chat chatmessage-masterfairefo"><strong style="color:hsl(160,40%,42%)"><small>★</small><span class="username" data-name="Master Fairefo">Master Fairefo</span>:</strong> <em>:V</em></div><div class="chat chatmessage-masterfairefo"><strong style="color:hsl(160,40%,42%)"><small>★</small><span class="username" data-name="Master Fairefo">Master Fairefo</span>:</strong> <em>well</em></div><div class="spacer battle-history"><br></div><div class="battle-history">Big Bertha used <strong>Energy Ball</strong>!<br></div><div class="battle-history"><small>It's super effective!</small><br></div><div class="battle-history"><small>(The opposing Jose Alejandro lost <abbr title="−326/362">90.1%</abbr> of its health!)</small><br></div><div class="spacer battle-history"><br></div><div class="battle-history">The opposing Jose Alejandro fainted!<br></div><div class="spacer battle-history"><br></div><div class="battle-history">Master Fairefo sent out Catwoman (<strong>Liepard</strong>)!<br></div><div class="battle-history"><small>The opposing Catwoman was caught in a sticky web!</small><br></div><div class="battle-history"><small>The opposing Catwoman's Speed fell!</small><br></div><div class="spacer battle-history"><br></div><h2 class="battle-history">Turn 29</h2><div class="chat chatmessage-myleo"><strong style="color:hsl(326,66%,45.49713883335576%)"><small>★</small><span class="username" data-name="myleo">myleo</span>:</strong> <em>i have 1260 special attack :p</em></div><div class="spacer battle-history"><br></div><div class="battle-history">The opposing Catwoman used <strong>Fake Out</strong>!<br></div><div class="battle-history"><small>(Big Bertha lost <abbr title="−1/281">0.4%</abbr> of its health!)</small><br></div><div class="spacer battle-history"><br></div><div class="battle-history">Big Bertha fainted!<br></div><div class="chat chatmessage-masterfairefo"><strong style="color:hsl(160,40%,42%)"><small>★</small><span class="username" data-name="Master Fairefo">Master Fairefo</span>:</strong> <em>:V?</em></div><div class="chat chatmessage-ikeepdisconnecting"><strong style="color:hsl(148,72%,37.96257207400416%)"><small> </small><span class="username" data-name="IKeepDisconnecting">IKeepDisconnecting</span>:</strong> <em>lol</em></div><div class="spacer battle-history"><br></div><div class="battle-history">Go! What Am I? (<strong>Lanturn</strong>)!<br></div><div class="spacer battle-history"><br></div><h2 class="battle-history">Turn 30</h2><div class="spacer battle-history"><br></div><div class="battle-history">The opposing Catwoman used <strong>Thunder Wave</strong>!<br></div><div class="battle-history"><small>[What Am I?'s Volt Absorb]</small><br><small>It doesn't affect What Am I?...</small><br></div><div class="spacer battle-history"><br></div><div class="battle-history">What Am I? used <strong>Aqua Ring</strong>!<br></div><div class="battle-history"><small>What Am I? surrounded itself with a veil of water!</small><br></div><div class="spacer battle-history"><br></div><h2 class="battle-history">Turn 31</h2><div class="chat chatmessage-masterfairefo"><strong style="color:hsl(160,40%,42%)"><small>★</small><span class="username" data-name="Master Fairefo">Master Fairefo</span>:</strong> <em>hmm</em></div><div class="chat chatmessage-masterfairefo"><strong style="color:hsl(160,40%,42%)"><small>★</small><span class="username" data-name="Master Fairefo">Master Fairefo</span>:</strong> <em>forgot :v</em></div><div class="spacer battle-history"><br></div><div class="battle-history">The opposing Catwoman used <strong>Encore</strong>!<br></div><div class="battle-history"><small>What Am I? received an encore!</small><br></div><div class="spacer battle-history"><br></div><div class="battle-history">What Am I? used <strong>Aqua Ring</strong>!<br></div><div class="battle-history"><small>But it failed!</small><br></div><div class="spacer battle-history"><br></div><h2 class="battle-history">Turn 32</h2><div class="chat chatmessage-myleo"><strong style="color:hsl(326,66%,45.49713883335576%)"><small>★</small><span class="username" data-name="myleo">myleo</span>:</strong> <em>lol</em></div><div class="spacer battle-history"><br></div><div class="battle-history">Master Fairefo withdrew Catwoman!<br></div><div class="battle-history">Master Fairefo sent out <strong>Aggron</strong>!<br></div><div class="battle-history"><small>The opposing Aggron was caught in a sticky web!</small><br></div><div class="battle-history"><small>The opposing Aggron's Speed fell!</small><br></div><div class="spacer battle-history"><br></div><div class="battle-history">What Am I? used <strong>Aqua Ring</strong>!<br></div><div class="battle-history"><small>But it failed!</small><br></div><div class="spacer battle-history"><br></div><h2 class="battle-history">Turn 33</h2><div class="spacer battle-history"><br></div><div class="battle-history">What Am I? used <strong>Aqua Ring</strong>!<br></div><div class="battle-history"><small>But it failed!</small><br></div><div class="spacer battle-history"><br></div><div class="battle-history">The opposing Aggron used <strong>Earthquake</strong>!<br></div><div class="battle-history"><small>It's super effective!</small><br></div><div class="battle-history"><small>(What Am I? lost <abbr title="−272/454">59.9%</abbr> of its health!)</small><br></div><div class="spacer battle-history"><br></div><div class="battle-history"><small>A veil of water restored What Am I?'s HP!</small><br></div><div class="battle-history"><small>What Am I?'s encore ended!</small><br></div><div class="spacer battle-history"><br></div><h2 class="battle-history">Turn 34</h2><div class="spacer battle-history"><br></div><div class="battle-history">What Am I? used <strong>Scald</strong>!<br></div><div class="battle-history"><small>It's super effective!</small><br></div><div class="battle-history"><small>[The opposing Aggron's Sturdy]</small><br><small>The opposing Aggron endured the hit!</small><br></div><div class="battle-history"><small>(The opposing Aggron lost <abbr title="−280/281">99.6%</abbr> of its health!)</small><br></div><div class="battle-history"><small>The opposing Aggron ate its Salac Berry!</small><br></div><div class="battle-history"><small>The opposing Aggron's Speed rose!</small><br></div><div class="spacer battle-history"><br></div><div class="battle-history">The opposing Aggron used <strong>Earthquake</strong>!<br></div><div class="battle-history"><small>It's super effective!</small><br></div><div class="battle-history"><small>(What Am I? lost <abbr title="−210/454">46.3%</abbr> of its health!)</small><br></div><div class="spacer battle-history"><br></div><div class="battle-history">What Am I? fainted!<br></div><div class="spacer battle-history"><br></div><div class="battle-history">Go! Great Dane (<strong>Furfrou</strong>)!<br></div><div class="spacer battle-history"><br></div><h2 class="battle-history">Turn 35</h2><div class="spacer battle-history"><br></div><div class="battle-history">Great Dane used <strong>Snarl</strong>!<br></div><div class="battle-history"><small>(The opposing Aggron lost <abbr title="−1/281">0.4%</abbr> of its health!)</small><br></div><div class="spacer battle-history"><br></div><div class="battle-history">The opposing Aggron fainted!<br></div><div class="spacer battle-history"><br></div><div class="battle-history"><small>Great Dane restored a little HP using its Leftovers!</small><br></div><div class="spacer battle-history"><br></div><div class="battle-history">Master Fairefo sent out Catwoman (<strong>Liepard</strong>)!<br></div><div class="battle-history"><small>The opposing Catwoman was caught in a sticky web!</small><br></div><div class="battle-history"><small>The opposing Catwoman's Speed fell!</small><br></div><div class="spacer battle-history"><br></div><h2 class="battle-history">Turn 36</h2><div class="spacer battle-history"><br></div><div class="battle-history">The opposing Catwoman used <strong>Fake Out</strong>!<br></div><div class="battle-history"><small>(Great Dane lost <abbr title="−29/354">8.2%</abbr> of its health!)</small><br></div><div class="spacer battle-history"><br></div><div class="battle-history">Great Dane flinched and couldn't move!<br></div><div class="spacer battle-history"><br></div><div class="battle-history"><small>Great Dane restored a little HP using its Leftovers!</small><br></div><div class="spacer battle-history"><br></div><h2 class="battle-history">Turn 37</h2><div class="spacer battle-history"><br></div><div class="battle-history">The opposing Catwoman used <strong>Thunder Wave</strong>!<br></div><div class="battle-history"><small>Great Dane is paralyzed! It may be unable to move!</small><br></div><div class="spacer battle-history"><br></div><div class="battle-history">Great Dane is paralyzed! It can't move!<br></div><div class="spacer battle-history"><br></div><div class="battle-history"><small>Great Dane restored a little HP using its Leftovers!</small><br></div><div class="spacer battle-history"><br></div><h2 class="battle-history">Turn 38</h2><div class="spacer battle-history"><br></div><div class="battle-history">Master Fairefo withdrew Catwoman!<br></div><div class="battle-history">Master Fairefo sent out Sir. Cercenador (<strong>Scyther</strong>)!<br></div><div class="spacer battle-history"><br></div><div class="battle-history">Great Dane used <strong>Snarl</strong>!<br></div><div class="battle-history"><small>(The opposing Sir. Cercenador lost <abbr title="−22/343">6.4%</abbr> of its health!)</small><br></div><div class="battle-history"><small>The opposing Sir. Cercenador's Special Attack fell!</small><br></div><div class="spacer battle-history"><br></div><div class="battle-history"><small>Great Dane restored a little HP using its Leftovers!</small><br></div><div class="spacer battle-history"><br></div><h2 class="battle-history">Turn 39</h2><div class="spacer battle-history"><br></div><div class="battle-history">The opposing Sir. Cercenador used <strong>Swords Dance</strong>!<br></div><div class="battle-history"><small>The opposing Sir. Cercenador's Attack rose sharply!</small><br></div><div class="spacer battle-history"><br></div><div class="battle-history">Great Dane used <strong>Cotton Guard</strong>!<br></div><div class="battle-history"><small>Great Dane's Defense rose drastically!</small><br></div><div class="spacer battle-history"><br></div><div class="battle-history"><small>Great Dane restored a little HP using its Leftovers!</small><br></div><div class="spacer battle-history"><br></div><h2 class="battle-history">Turn 40</h2><div class="chat chatmessage-masterfairefo"><strong style="color:hsl(160,40%,42%)"><small>★</small><span class="username" data-name="Master Fairefo">Master Fairefo</span>:</strong> <em>i was expecting paralysis :v shit</em></div><div class="chat chatmessage-masterfairefo"><strong style="color:hsl(160,40%,42%)"><small>★</small><span class="username" data-name="Master Fairefo">Master Fairefo</span>:</strong> <em>well</em></div><div class="spacer battle-history"><br></div><div class="battle-history">The opposing Sir. Cercenador used <strong>Swords Dance</strong>!<br></div><div class="battle-history"><small>The opposing Sir. Cercenador's Attack rose sharply!</small><br></div><div class="spacer battle-history"><br></div><div class="battle-history">Great Dane used <strong>Cotton Guard</strong>!<br></div><div class="battle-history"><small>Great Dane's Defense rose drastically!</small><br></div><div class="spacer battle-history"><br></div><div class="battle-history"><small>Great Dane restored a little HP using its Leftovers!</small><br></div><div class="spacer battle-history"><br></div><h2 class="battle-history">Turn 41</h2><div class="chat chatmessage-myleo"><strong style="color:hsl(326,66%,45.49713883335576%)"><small>★</small><span class="username" data-name="myleo">myleo</span>:</strong> <em>lol</em></div><div class="spacer battle-history"><br></div><div class="battle-history">The opposing Sir. Cercenador used <strong>Swords Dance</strong>!<br></div><div class="battle-history"><small>The opposing Sir. Cercenador's Attack rose sharply!</small><br></div><div class="spacer battle-history"><br></div><div class="battle-history">Great Dane used <strong>Toxic</strong>!<br></div><div class="battle-history"><small>The opposing Sir. Cercenador was badly poisoned!</small><br></div><div class="spacer battle-history"><br></div><div class="battle-history"><small>Great Dane restored a little HP using its Leftovers!</small><br></div><div class="battle-history"><small>The opposing Sir. Cercenador was hurt by poison!</small><br></div><div class="spacer battle-history"><br></div><h2 class="battle-history">Turn 42</h2><div class="chat chatmessage-masterfairefo"><strong style="color:hsl(160,40%,42%)"><small>★</small><span class="username" data-name="Master Fairefo">Master Fairefo</span>:</strong> <em>:v</em></div><div class="chat chatmessage-myleo"><strong style="color:hsl(326,66%,45.49713883335576%)"><small>★</small><span class="username" data-name="myleo">myleo</span>:</strong> <em>is that eviolite?</em></div><div class="spacer battle-history"><br></div><div class="battle-history">The opposing Sir. Cercenador used <strong>Brick Break</strong>!<br></div><div class="battle-history"><small>It's super effective!</small><br></div><div class="battle-history"><small>(Great Dane lost <abbr title="−118/354">33.3%</abbr> of its health!)</small><br></div><div class="spacer battle-history"><br></div><div class="battle-history">Great Dane used <strong>Substitute</strong>!<br></div><div class="battle-history"><small>Great Dane put in a substitute!</small><br></div><div class="battle-history"><small>(Great Dane lost <abbr title="−88/354">24.9%</abbr> of its health!)</small><br></div><div class="spacer battle-history"><br></div><div class="battle-history"><small>Great Dane restored a little HP using its Leftovers!</small><br></div><div class="battle-history"><small>The opposing Sir. Cercenador was hurt by poison!</small><br></div><div class="spacer battle-history"><br></div><h2 class="battle-history">Turn 43</h2><div class="spacer battle-history"><br></div><div class="battle-history">The opposing Sir. Cercenador used <strong>Brick Break</strong>!<br></div><div class="battle-history"><small>It's super effective!</small><br></div><div class="battle-history"><small>Great Dane's substitute faded!</small><br></div><div class="spacer battle-history"><br></div><div class="battle-history">Great Dane used <strong>Snarl</strong>!<br></div><div class="battle-history"><small>(The opposing Sir. Cercenador lost <abbr title="−21/343">6.1%</abbr> of its health!)</small><br></div><div class="battle-history"><small>The opposing Sir. Cercenador's Special Attack fell!</small><br></div><div class="spacer battle-history"><br></div><div class="battle-history"><small>Great Dane restored a little HP using its Leftovers!</small><br></div><div class="battle-history"><small>The opposing Sir. Cercenador was hurt by poison!</small><br></div><div class="spacer battle-history"><br></div><h2 class="battle-history">Turn 44</h2><div class="chat chatmessage-masterfairefo"><strong style="color:hsl(160,40%,42%)"><small>★</small><span class="username" data-name="Master Fairefo">Master Fairefo</span>:</strong> <em>it is :v</em></div><div class="spacer battle-history"><br></div><div class="battle-history">The opposing Sir. Cercenador used <strong>Brick Break</strong>!<br></div><div class="battle-history"><small>It's super effective!</small><br></div><div class="battle-history"><small>(Great Dane lost <abbr title="−66/354">18.6%</abbr> of its health!)</small><br></div><div class="spacer battle-history"><br></div><div class="battle-history">Great Dane fainted!<br></div><div class="spacer battle-history"><br></div><div class="battle-history"><small>The opposing Sir. Cercenador was hurt by poison!</small><br></div><div class="chat chatmessage-myleo"><strong style="color:hsl(326,66%,45.49713883335576%)"><small>★</small><span class="username" data-name="myleo">myleo</span>:</strong> <em>nooo</em></div><div class="chat chatmessage-masterfairefo"><strong style="color:hsl(160,40%,42%)"><small>★</small><span class="username" data-name="Master Fairefo">Master Fairefo</span>:</strong> <em>hmm</em></div><div class="chat chatmessage-myleo"><strong style="color:hsl(326,66%,45.49713883335576%)"><small>★</small><span class="username" data-name="myleo">myleo</span>:</strong> <em>i lost</em></div><div class="chat chatmessage-myleo"><strong style="color:hsl(326,66%,45.49713883335576%)"><small>★</small><span class="username" data-name="myleo">myleo</span>:</strong> <em>gg</em></div><div class="chat chatmessage-masterfairefo"><strong style="color:hsl(160,40%,42%)"><small>★</small><span class="username" data-name="Master Fairefo">Master Fairefo</span>:</strong> <em>unexpected</em></div><div class="spacer battle-history"><br></div><div class="battle-history">Go! Golem Hoax (<strong>Golurk</strong>)!<br></div><div class="spacer battle-history"><br></div><h2 class="battle-history">Turn 45</h2><div class="chat"><small>IKeepDisconnecting left.</small></div><div class="spacer battle-history"><br></div><div class="battle-history">The opposing Sir. Cercenador used <strong>Fury Cutter</strong>!<br></div><div class="battle-history"><small>It's not very effective...</small><br></div><div class="battle-history"><small>(Golem Hoax lost <abbr title="−206/382">53.9%</abbr> of its health!)</small><br></div><div class="spacer battle-history"><br></div><div class="battle-history">Golem Hoax used <strong>Heavy Slam</strong>!<br></div><div class="battle-history"><small>(The opposing Sir. Cercenador lost <abbr title="−2/343">0.6%</abbr> of its health!)</small><br></div><div class="spacer battle-history"><br></div><div class="battle-history">The opposing Sir. Cercenador fainted!<br></div><div class="spacer battle-history"><br></div><div class="battle-history">Master Fairefo sent out Catwoman (<strong>Liepard</strong>)!<br></div><div class="battle-history"><small>The opposing Catwoman was caught in a sticky web!</small><br></div><div class="battle-history"><small>The opposing Catwoman's Speed fell!</small><br></div><div class="spacer battle-history"><br></div><h2 class="battle-history">Turn 46</h2><div class="spacer battle-history"><br></div><div class="battle-history">The opposing Catwoman used <strong>Pursuit</strong>!<br></div><div class="battle-history"><small>It's super effective!</small><br></div><div class="battle-history"><small>(Golem Hoax lost <abbr title="−146/382">38.2%</abbr> of its health!)</small><br></div><div class="spacer battle-history"><br></div><div class="battle-history">Golem Hoax used <strong>Heavy Slam</strong>!<br></div><div class="battle-history"><small>(The opposing Catwoman lost <abbr title="−1/270">0.4%</abbr> of its health!)</small><br></div><div class="spacer battle-history"><br></div><div class="battle-history">The opposing Catwoman fainted!<br></div><div class="chat chatmessage-masterfairefo"><strong style="color:hsl(160,40%,42%)"><small>★</small><span class="username" data-name="Master Fairefo">Master Fairefo</span>:</strong> <em>hmm</em></div><div class="chat chatmessage-masterfairefo"><strong style="color:hsl(160,40%,42%)"><small>★</small><span class="username" data-name="Master Fairefo">Master Fairefo</span>:</strong> <em>u won :,v shit</em></div><div class="spacer battle-history"><br></div><div class="battle-history">Master Fairefo sent out Bratenferunio (<strong>Ampharos</strong>)!<br></div><div class="battle-history"><small>The opposing Bratenferunio was caught in a sticky web!</small><br></div><div class="battle-history"><small>The opposing Bratenferunio's Speed fell!</small><br></div><div class="spacer battle-history"><br></div><h2 class="battle-history">Turn 47</h2><div class="chat chatmessage-myleo"><strong style="color:hsl(326,66%,45.49713883335576%)"><small>★</small><span class="username" data-name="myleo">myleo</span>:</strong> <em>y</em></div><div class="chat chatmessage-myleo"><strong style="color:hsl(326,66%,45.49713883335576%)"><small>★</small><span class="username" data-name="myleo">myleo</span>:</strong> <em>what is ur ampharos's last move?</em></div><div class="chat chatmessage-masterfairefo"><strong style="color:hsl(160,40%,42%)"><small>★</small><span class="username" data-name="Master Fairefo">Master Fairefo</span>:</strong> <em>cotton guard :v</em></div><div class="chat chatmessage-myleo"><strong style="color:hsl(326,66%,45.49713883335576%)"><small>★</small><span class="username" data-name="myleo">myleo</span>:</strong> <em>lol</em></div><div class="chat chatmessage-myleo"><strong style="color:hsl(326,66%,45.49713883335576%)"><small>★</small><span class="username" data-name="myleo">myleo</span>:</strong> <em>bulky</em></div><div class="chat chatmessage-masterfairefo"><strong style="color:hsl(160,40%,42%)"><small>★</small><span class="username" data-name="Master Fairefo">Master Fairefo</span>:</strong> <em>its like a furfou but</em></div><div class="chat chatmessage-masterfairefo"><strong style="color:hsl(160,40%,42%)"><small>★</small><span class="username" data-name="Master Fairefo">Master Fairefo</span>:</strong> <em>it is an ampharos :v</em></div><div class="chat"><small>myleo left.</small></div><div class="chat"><small>myleo joined.</small></div><div class="spacer battle-history"><br></div><div class="battle-history">Golem Hoax used <strong>Phantom Force</strong>!<br></div><div class="battle-history">Golem Hoax vanished instantly!<br></div><div class="spacer battle-history"><br></div><div class="battle-history">The opposing Bratenferunio is fast asleep.<br></div><div class="spacer battle-history"><br></div><h2 class="battle-history">Turn 48</h2><div class="spacer battle-history"><br></div><div class="battle-history">Golem Hoax used <strong>Phantom Force</strong>!<br></div><div class="battle-history"><small>(The opposing Bratenferunio lost <abbr title="−183/382">47.9%</abbr> of its health!)</small><br></div><div class="battle-history"><small>[The opposing Bratenferunio's Static]</small><br><small>Golem Hoax is paralyzed! It may be unable to move!</small><br></div><div class="spacer battle-history"><br></div><div class="battle-history">The opposing Bratenferunio is fast asleep.<br></div><div class="spacer battle-history"><br></div><div class="battle-history"><small>The opposing Bratenferunio restored a little HP using its Leftovers!</small><br></div><div class="spacer battle-history"><br></div><h2 class="battle-history">Turn 49</h2><div class="chat chatmessage-myleo"><strong style="color:hsl(326,66%,45.49713883335576%)"><small>★</small><span class="username" data-name="myleo">myleo</span>:</strong> <em>lol</em></div><div class="spacer battle-history"><br></div><div class="battle-history"><small>The opposing Bratenferunio woke up!</small><br></div><div class="spacer battle-history"><br></div><div class="battle-history">The opposing Bratenferunio used <strong>Cotton Guard</strong>!<br></div><div class="battle-history"><small>The opposing Bratenferunio's Defense rose drastically!</small><br></div><div class="spacer battle-history"><br></div><div class="battle-history">Golem Hoax is paralyzed! It can't move!<br></div><div class="spacer battle-history"><br></div><div class="battle-history"><small>The opposing Bratenferunio restored a little HP using its Leftovers!</small><br></div><div class="spacer battle-history"><br></div><h2 class="battle-history">Turn 50</h2><div class="spacer battle-history"><br></div><div class="battle-history">The opposing Bratenferunio used <strong>Charge Beam</strong>!<br></div><div class="battle-history"><small>It doesn't affect Golem Hoax...</small><br></div><div class="spacer battle-history"><br></div><div class="battle-history">Golem Hoax used <strong>Earthquake</strong>!<br></div><div class="battle-history"><small>It's super effective!</small><br></div><div class="battle-history"><small>(The opposing Bratenferunio lost <abbr title="−164/382">42.9%</abbr> of its health!)</small><br></div><div class="spacer battle-history"><br></div><div class="battle-history"><small>The opposing Bratenferunio restored a little HP using its Leftovers!</small><br></div><div class="spacer battle-history"><br></div><h2 class="battle-history">Turn 51</h2><div class="chat chatmessage-myleo"><strong style="color:hsl(326,66%,45.49713883335576%)"><small>★</small><span class="username" data-name="myleo">myleo</span>:</strong> <em>noooo</em></div><div class="chat chatmessage-masterfairefo"><strong style="color:hsl(160,40%,42%)"><small>★</small><span class="username" data-name="Master Fairefo">Master Fairefo</span>:</strong> <em>:,v</em></div><div class="spacer battle-history"><br></div><div class="battle-history">The opposing Bratenferunio used <strong>Rest</strong>!<br></div><div class="battle-history"><small>The opposing Bratenferunio fell asleep!</small><br></div><div class="battle-history"><small>The opposing Bratenferunio slept and became healthy!</small><br></div><div class="spacer battle-history"><br></div><div class="battle-history">Golem Hoax used <strong>Earthquake</strong>!<br></div><div class="battle-history"><small>It's super effective!</small><br></div><div class="battle-history"><small>(The opposing Bratenferunio lost <abbr title="−176/382">46.1%</abbr> of its health!)</small><br></div><div class="spacer battle-history"><br></div><div class="battle-history"><small>The opposing Bratenferunio restored a little HP using its Leftovers!</small><br></div><div class="spacer battle-history"><br></div><h2 class="battle-history">Turn 52</h2><div class="chat chatmessage-masterfairefo"><strong style="color:hsl(160,40%,42%)"><small>★</small><span class="username" data-name="Master Fairefo">Master Fairefo</span>:</strong> <em>:v</em></div><div class="spacer battle-history"><br></div><div class="battle-history">The opposing Bratenferunio is fast asleep.<br></div><div class="spacer battle-history"><br></div><div class="battle-history">Golem Hoax used <strong>Earthquake</strong>!<br></div><div class="battle-history"><small>It's super effective!</small><br></div><div class="battle-history"><small>(The opposing Bratenferunio lost <abbr title="−164/382">42.9%</abbr> of its health!)</small><br></div><div class="spacer battle-history"><br></div><div class="battle-history"><small>The opposing Bratenferunio restored a little HP using its Leftovers!</small><br></div><div class="spacer battle-history"><br></div><h2 class="battle-history">Turn 53</h2><div class="chat chatmessage-myleo"><strong style="color:hsl(326,66%,45.49713883335576%)"><small>★</small><span class="username" data-name="myleo">myleo</span>:</strong> <em>gg</em></div><div class="spacer battle-history"><br></div><div class="battle-history">The opposing Bratenferunio is fast asleep.<br></div><div class="spacer battle-history"><br></div><div class="battle-history">Golem Hoax used <strong>Earthquake</strong>!<br></div><div class="battle-history"><small>It's super effective!</small><br></div><div class="battle-history"><small>(The opposing Bratenferunio lost <abbr title="−88/382">23.0%</abbr> of its health!)</small><br></div><div class="spacer battle-history"><br></div><div class="battle-history">The opposing Bratenferunio fainted!<br></div><div class="spacer battle-history"><br></div><div class="battle-history"><strong>myleo</strong> won the battle!<br></div><div class="chat"><small>myleo left.</small></div><div class="chat">myleo's rating: 1000 → <strong>1040</strong><br>(+40 for winning)</div><div class="chat">Master Fairefo's rating: 1000 → <strong>1000</strong><br>(+0 for losing)</div><div class="chat"><small>Master Fairefo left.</small></div><div class="chat"><small>Master Fairefo joined.</small></div><div class="chat"><small>Master Fairefo left.</small></div><div class="chat"><small>Master Fairefo joined.</small></div></div><div class="inner-preempt"></div></div></div>
</div>
<script>
let daily = Math.floor(Date.now()/1000/60/60/24);document.write('<script src="https://play.pokemonshowdown.com/js/replay-embed.js?version'+daily+'"></'+'script>');
</script>
