<!DOCTYPE html>
<meta charset="utf-8" />
<!-- version 1 -->
<title>NU replay: DougSwellows vs. Dark Chaos Ball</title>
<style>
html,body {font-family:Verdana, sans-serif;font-size:10pt;margin:0;padding:0;}body{padding:12px 0;} .battle-log {font-family:Verdana, sans-serif;font-size:10pt;} .battle-log-inline {border:1px solid #AAAAAA;background:#EEF2F5;color:black;max-width:640px;margin:0 auto 80px;padding-bottom:5px;} .battle-log .inner {padding:4px 8px 0px 8px;} .battle-log .inner-preempt {padding:0 8px 4px 8px;} .battle-log .inner-after {margin-top:0.5em;} .battle-log h2 {margin:0.5em -8px;padding:4px 8px;border:1px solid #AAAAAA;background:#E0E7EA;border-left:0;border-right:0;font-family:Verdana, sans-serif;font-size:13pt;} .battle-log .chat {vertical-align:middle;padding:3px 0 3px 0;font-size:8pt;} .battle-log .chat strong {color:#40576A;} .battle-log .chat em {padding:1px 4px 1px 3px;color:#000000;font-style:normal;} .chat.mine {background:rgba(0,0,0,0.05);margin-left:-8px;margin-right:-8px;padding-left:8px;padding-right:8px;} .spoiler {color:#BBBBBB;background:#BBBBBB;padding:0px 3px;} .spoiler:hover, .spoiler:active, .spoiler-shown {color:#000000;background:#E2E2E2;padding:0px 3px;} .spoiler a {color:#BBBBBB;} .spoiler:hover a, .spoiler:active a, .spoiler-shown a {color:#2288CC;} .chat code, .chat .spoiler:hover code, .chat .spoiler:active code, .chat .spoiler-shown code {border:1px solid #C0C0C0;background:#EEEEEE;color:black;padding:0 2px;} .chat .spoiler code {border:1px solid #CCCCCC;background:#CCCCCC;color:#CCCCCC;} .battle-log .rated {padding:3px 4px;} .battle-log .rated strong {color:white;background:#89A;padding:1px 4px;border-radius:4px;} .spacer {margin-top:0.5em;} .message-announce {background:#6688AA;color:white;padding:1px 4px 2px;} .message-announce a, .broadcast-green a, .broadcast-blue a, .broadcast-red a {color:#DDEEFF;} .broadcast-green {background-color:#559955;color:white;padding:2px 4px;} .broadcast-blue {background-color:#6688AA;color:white;padding:2px 4px;} .infobox {border:1px solid #6688AA;padding:2px 4px;} .infobox-limited {max-height:200px;overflow:auto;overflow-x:hidden;} .broadcast-red {background-color:#AA5544;color:white;padding:2px 4px;} .message-learn-canlearn {font-weight:bold;color:#228822;text-decoration:underline;} .message-learn-cannotlearn {font-weight:bold;color:#CC2222;text-decoration:underline;} .message-effect-weak {font-weight:bold;color:#CC2222;} .message-effect-resist {font-weight:bold;color:#6688AA;} .message-effect-immune {font-weight:bold;color:#666666;} .message-learn-list {margin-top:0;margin-bottom:0;} .message-throttle-notice, .message-error {color:#992222;} .message-overflow, .chat small.message-overflow {font-size:0pt;} .message-overflow::before {font-size:9pt;content:'...';} .subtle {color:#3A4A66;}
</style>
<div class="wrapper replay-wrapper" style="max-width:1180px;margin:0 auto">
<input type="hidden" name="replayid" value="nu-540950036" />
<div class="battle"></div><div class="battle-log"></div><div class="replay-controls"></div><div class="replay-controls-2"></div>
<h1 style="font-weight:normal;text-align:center"><strong>NU</strong><br /><a href="http://pokemonshowdown.com/users/dougswellows" class="subtle" target="_blank">DougSwellows</a> vs. <a href="http://pokemonshowdown.com/users/darkchaosball" class="subtle" target="_blank">Dark Chaos Ball</a></h1>
<script type="text/plain" class="battle-log-data">|j|DougSwellows
|j|Dark Chaos Ball
|player|p1|DougSwellows|161
|player|p2|Dark Chaos Ball|52
|gametype|singles
|gen|6
|tier|NU
|seed|46849,36656,43442,62656
|rule|Sleep Clause Mod: Limit one foe put to sleep
|rule|Species Clause: Limit one of each Pokémon
|rule|OHKO Clause: OHKO moves are banned
|rule|Moody Clause: Moody is banned
|rule|Evasion Moves Clause: Evasion moves are banned
|rule|Endless Battle Clause: Forcing endless battles is banned
|rule|HP Percentage Mod: HP is shown in percentages
|clearpoke
|poke|p1|Audino, M|item
|poke|p1|Sliggoo, F|item
|poke|p1|Skuntank, M|item
|poke|p1|Weezing, F|item
|poke|p1|Gourgeist-*, F|item
|poke|p1|Bronzor|item
|poke|p2|Charizard, M|item
|poke|p2|Barbaracle, M|item
|poke|p2|Cradily, M|item
|poke|p2|Kangaskhan, F|item
|poke|p2|Golurk|item
|poke|p2|Hitmonchan, M|item
|rule|Swagger Clause: Swagger is banned
|rule|Baton Pass Clause: Limit one Baton Passer, can't pass Spe and other stats simultaneously
|teampreview
|j|Stats Bot
|l|Stats Bot
|j|ZyrusAxel
|choice|team 4, team 2, team 3, team 1, team 5, team 6|team 4, team 2, team 3, team 1, team 5, team 6
|
|start
|switch|p1a: Weezing|Weezing, F|334\/334
|switch|p2a: Kangaskhan|Kangaskhan, F|413\/413
|turn|1
|j|p2w no skills
|j|Ultimate Reedpea
|choice|switch 5|move fakeout
|
|switch|p1a: Gourgeist|Gourgeist-Super, F|373\/373
|-item|p2a: Kangaskhan|Assault Vest|[from] ability: Frisk|[of] p1a: Gourgeist|[identify]
|move|p2a: Kangaskhan|Fake Out|p1a: Gourgeist
|-damage|p1a: Gourgeist|325\/373
|
|upkeep
|turn|2
|j|Zganefon
|j|LeeRawKTB9
|choice|move willowisp|switch 4
|
|switch|p2a: Charizard|Charizard, M|297\/297
|move|p1a: Gourgeist|Will-O-Wisp|p2a: Charizard
|-immune|p2a: Charizard|[msg]
|
|upkeep
|turn|3
|l|Ultimate Reedpea
|choice|move foulplay|move dragondance
|
|move|p2a: Charizard|Dragon Dance|p2a: Charizard
|-boost|p2a: Charizard|atk|1
|-boost|p2a: Charizard|spe|1
|move|p1a: Gourgeist|Foul Play|p2a: Charizard
|-damage|p2a: Charizard|165\/297
|
|-heal|p2a: Charizard|183\/297|[from] item: Leftovers
|upkeep
|turn|4
|choice|switch 2|move flamethrower
|
|switch|p1a: Sliggoo|Sliggoo, F|339\/339
|move|p2a: Charizard|Flamethrower|p1a: Sliggoo
|-resisted|p1a: Sliggoo
|-crit|p1a: Sliggoo
|-damage|p1a: Sliggoo|283\/339
|
|-heal|p2a: Charizard|201\/297|[from] item: Leftovers
|upkeep
|turn|5
|c|☆DougSwellows|...
|c|☆DougSwellows|seriously?
|c|☆Dark Chaos Ball|yep
|choice|switch 5|move airslash
|
|switch|p1a: Weezing|Weezing, F|334\/334
|move|p2a: Charizard|Air Slash|p1a: Weezing
|-damage|p1a: Weezing|166\/334
|
|-heal|p2a: Charizard|219\/297|[from] item: Leftovers
|-heal|p1a: Weezing|186\/334|[from] item: Black Sludge
|upkeep
|turn|6
|c|☆Dark Chaos Ball|why
|choice|switch 5|move flamethrower
|
|switch|p1a: Sliggoo|Sliggoo, F|283\/339
|move|p2a: Charizard|Flamethrower|p1a: Sliggoo
|-resisted|p1a: Sliggoo
|-damage|p1a: Sliggoo|241\/339
|
|-heal|p2a: Charizard|237\/297|[from] item: Leftovers
|upkeep
|turn|7
|c|☆Dark Chaos Ball|what did you want
|choice|move dragonbreath|move airslash
|
|move|p2a: Charizard|Air Slash|p1a: Sliggoo
|-damage|p1a: Sliggoo|175\/339
|cant|p1a: Sliggoo|flinch
|
|-heal|p2a: Charizard|255\/297|[from] item: Leftovers
|upkeep
|turn|8
|choice|move dragonbreath|move airslash
|
|move|p2a: Charizard|Air Slash|p1a: Sliggoo
|-crit|p1a: Sliggoo
|-damage|p1a: Sliggoo|82\/339
|cant|p1a: Sliggoo|flinch
|
|-heal|p2a: Charizard|273\/297|[from] item: Leftovers
|upkeep
|turn|9
|choice|move rest|move airslash
|
|move|p2a: Charizard|Air Slash|p1a: Sliggoo
|-damage|p1a: Sliggoo|19\/339
|move|p1a: Sliggoo|Rest|p1a: Sliggoo
|-status|p1a: Sliggoo|slp
|-heal|p1a: Sliggoo|339\/339 slp|[silent]
|-status|p1a: Sliggoo|slp|[from] move: Rest
|
|-heal|p2a: Charizard|291\/297|[from] item: Leftovers
|upkeep
|turn|10
|c|☆Dark Chaos Ball|lol
|c|☆Dark Chaos Ball|fair
|choice|move sleeptalk|move dragondance
|
|move|p2a: Charizard|Dragon Dance|p2a: Charizard
|-boost|p2a: Charizard|atk|1
|-boost|p2a: Charizard|spe|1
|cant|p1a: Sliggoo|slp
|move|p1a: Sliggoo|Sleep Talk|p1a: Sliggoo
|move|p1a: Sliggoo|Dragon Breath|p2a: Charizard|[from]Sleep Talk
|-damage|p2a: Charizard|225\/297
|
|-heal|p2a: Charizard|243\/297|[from] item: Leftovers
|upkeep
|turn|11
|j|red azelf
|choice|move sleeptalk|move airslash
|
|move|p2a: Charizard|Air Slash|p1a: Sliggoo
|-damage|p1a: Sliggoo|270\/339 slp
|cant|p1a: Sliggoo|slp
|cant|p1a: Sliggoo|flinch
|
|-heal|p2a: Charizard|261\/297|[from] item: Leftovers
|upkeep
|turn|12
|choice|move dragonbreath|move airslash
|
|move|p2a: Charizard|Air Slash|p1a: Sliggoo
|-damage|p1a: Sliggoo|198\/339 slp
|-curestatus|p1a: Sliggoo|slp|[msg]
|cant|p1a: Sliggoo|flinch
|
|-heal|p2a: Charizard|279\/297|[from] item: Leftovers
|upkeep
|turn|13
|choice|move dragonbreath|move airslash
|
|move|p2a: Charizard|Air Slash|p1a: Sliggoo
|-damage|p1a: Sliggoo|126\/339
|move|p1a: Sliggoo|Dragon Breath|p2a: Charizard
|-damage|p2a: Charizard|209\/297
|
|-heal|p2a: Charizard|227\/297|[from] item: Leftovers
|upkeep
|turn|14
|choice|move rest|move airslash
|
|move|p2a: Charizard|Air Slash|p1a: Sliggoo
|-damage|p1a: Sliggoo|66\/339
|move|p1a: Sliggoo|Rest|p1a: Sliggoo
|-status|p1a: Sliggoo|slp
|-heal|p1a: Sliggoo|339\/339 slp|[silent]
|-status|p1a: Sliggoo|slp|[from] move: Rest
|
|-heal|p2a: Charizard|245\/297|[from] item: Leftovers
|upkeep
|turn|15
|c|☆Dark Chaos Ball|why did you go for baby form
|choice|move sleeptalk|move airslash
|
|move|p2a: Charizard|Air Slash|p1a: Sliggoo
|-damage|p1a: Sliggoo|275\/339 slp
|cant|p1a: Sliggoo|slp
|move|p1a: Sliggoo|Sleep Talk|p1a: Sliggoo
|move|p1a: Sliggoo|Rest|p1a: Sliggoo|[from]Sleep Talk
|-fail|p1a: Sliggoo
|
|-heal|p2a: Charizard|263\/297|[from] item: Leftovers
|upkeep
|turn|16
|j|ustprover
|choice|move sleeptalk|move airslash
|
|move|p2a: Charizard|Air Slash|p1a: Sliggoo
|-damage|p1a: Sliggoo|209\/339 slp
|cant|p1a: Sliggoo|slp
|move|p1a: Sliggoo|Sleep Talk|p1a: Sliggoo
|move|p1a: Sliggoo|Rest|p1a: Sliggoo|[from]Sleep Talk
|-fail|p1a: Sliggoo
|
|-heal|p2a: Charizard|281\/297|[from] item: Leftovers
|upkeep
|turn|17
|choice|move dragonbreath|move airslash
|
|move|p2a: Charizard|Air Slash|p1a: Sliggoo
|-damage|p1a: Sliggoo|148\/339 slp
|-curestatus|p1a: Sliggoo|slp|[msg]
|move|p1a: Sliggoo|Dragon Breath|p2a: Charizard
|-damage|p2a: Charizard|211\/297
|
|-heal|p2a: Charizard|229\/297|[from] item: Leftovers
|upkeep
|turn|18
|choice|move dragonbreath|move airslash
|
|move|p2a: Charizard|Air Slash|p1a: Sliggoo
|-damage|p1a: Sliggoo|81\/339
|move|p1a: Sliggoo|Dragon Breath|p2a: Charizard
|-damage|p2a: Charizard|156\/297
|
|-heal|p2a: Charizard|174\/297|[from] item: Leftovers
|upkeep
|turn|19
|choice|move rest|move airslash
|
|move|p2a: Charizard|Air Slash|p1a: Sliggoo
|-damage|p1a: Sliggoo|9\/339
|cant|p1a: Sliggoo|flinch
|
|-heal|p2a: Charizard|192\/297|[from] item: Leftovers
|upkeep
|turn|20
|c|☆Dark Chaos Ball|yes
|choice|move rest|move flamethrower
|
|move|p2a: Charizard|Flamethrower|p1a: Sliggoo
|-resisted|p1a: Sliggoo
|-damage|p1a: Sliggoo|0 fnt
|faint|p1a: Sliggoo
|
|-heal|p2a: Charizard|210\/297|[from] item: Leftovers
|upkeep
|j|TheJ3estPenguin
|j|Lunala29
|choice|switch 3|
|
|switch|p1a: Skuntank|Skuntank, M|347\/347
|turn|21
|c| Lunala29|d you use dd for speed?
|choice|move darkpulse|move airslash
|
|move|p2a: Charizard|Air Slash|p1a: Skuntank
|-crit|p1a: Skuntank
|-damage|p1a: Skuntank|80\/347
|move|p1a: Skuntank|Dark Pulse|p2a: Charizard
|-damage|p2a: Charizard|86\/297
|
|-heal|p2a: Charizard|104\/297|[from] item: Leftovers
|-heal|p1a: Skuntank|101\/347|[from] item: Black Sludge
|upkeep
|turn|22
|j|Queue In
|c|☆Dark Chaos Ball|nope
|choice|switch 4|move flamethrower
|
|switch|p1a: Audino|Audino, M|410\/410
|move|p2a: Charizard|Flamethrower|p1a: Audino
|-damage|p1a: Audino|272\/410
|
|-heal|p2a: Charizard|122\/297|[from] item: Leftovers
|upkeep
|turn|23
|c| Lunala29|???
|choice|move wish mega|move airslash
|
|detailschange|p1a: Audino|Audino-Mega, M
|-mega|p1a: Audino|Audino|Audinite
|move|p2a: Charizard|Air Slash|p1a: Audino
|-damage|p1a: Audino|196\/410
|move|p1a: Audino|Wish|p1a: Audino
|
|-heal|p2a: Charizard|140\/297|[from] item: Leftovers
|upkeep
|turn|24
|c| Lunala29|why use a SpA
|j|Ultimate Reedpea
|j|Gasser M1870
|choice|move dazzlinggleam|move flareblitz
|
|move|p2a: Charizard|Flare Blitz|p1a: Audino
|-damage|p1a: Audino|0 fnt
|-damage|p2a: Charizard|75\/297|[from] recoil|[of] p1a: Audino
|faint|p1a: Audino
|
|-heal|p2a: Charizard|93\/297|[from] item: Leftovers
|upkeep
|l|Queue In
|j|BaconMan11111
|c|☆Dark Chaos Ball|haha
|c|☆Dark Chaos Ball|haha
|c|☆DougSwellows|lovely.
|c|☆Dark Chaos Ball|haha
|c|☆Dark Chaos Ball|haha
|c|☆Dark Chaos Ball|haha
|c|☆Dark Chaos Ball|you see
|choice|switch 6|
|
|switch|p1a: Bronzor|Bronzor|318\/318
|turn|25
|c|☆Dark Chaos Ball|do you see
|c| Lunala29|thats the worst set ever
|c|☆Dark Chaos Ball|thanks
|c|☆DougSwellows|it would have been better if you used a physical set
|choice|switch 2|move flamethrower
|
|switch|p1a: Gourgeist|Gourgeist-Super, F|325\/373
|-item|p2a: Charizard|Leftovers|[from] ability: Frisk|[of] p1a: Gourgeist|[identify]
|move|p2a: Charizard|Flamethrower|p1a: Gourgeist
|-supereffective|p1a: Gourgeist
|-crit|p1a: Gourgeist
|-damage|p1a: Gourgeist|0 fnt
|faint|p1a: Gourgeist
|
|-heal|p2a: Charizard|111\/297|[from] item: Leftovers
|upkeep
|c|☆Dark Chaos Ball|ill be in the final yeah
|j|DiieGoX96
|choice|switch 4|
|
|switch|p1a: Skuntank|Skuntank, M|101\/347
|turn|26
|c|☆Dark Chaos Ball|see you guys there
|c| BaconMan11111|i mean it isn't horrible but it certainly is unique compared to other seets
|c|☆Dark Chaos Ball|o wait you will jus be watching
|c| Lunala29|and if you dont?
|l|TheJ3estPenguin
|choice|move darkpulse|move flamethrower
|
|move|p2a: Charizard|Flamethrower|p1a: Skuntank
|-damage|p1a: Skuntank|0 fnt
|faint|p1a: Skuntank
|
|-heal|p2a: Charizard|129\/297|[from] item: Leftovers
|upkeep
|c|☆Dark Chaos Ball|haha
|c| BaconMan11111|ssets
|choice|switch 2|
|
|switch|p1a: Bronzor|Bronzor|318\/318
|turn|27
|c|☆Dark Chaos Ball|will see wont we
|c|☆Dark Chaos Ball|haha
|choice|move psywave|move flareblitz
|
|move|p2a: Charizard|Flare Blitz|p1a: Bronzor
|-supereffective|p1a: Bronzor
|-damage|p1a: Bronzor|0 fnt
|-damage|p2a: Charizard|24\/297|[from] recoil|[of] p1a: Bronzor
|faint|p1a: Bronzor
|
|-heal|p2a: Charizard|42\/297|[from] item: Leftovers
|upkeep
|c| BaconMan11111|s e t s
|choice|switch 5|
|
|switch|p1a: Weezing|Weezing, F|186\/334
|turn|28
|c| Lunala29|cocky
|choice|move sludgebomb|move flareblitz
|
|move|p2a: Charizard|Flare Blitz|p1a: Weezing
|-damage|p1a: Weezing|0 fnt
|-damage|p2a: Charizard|0 fnt|[from] recoil|[of] p1a: Weezing
|faint|p1a: Weezing
|faint|p2a: Charizard
|
|win|Dark Chaos Ball
|player|p1
|player|p2
|c|☆Dark Chaos Ball|haha
|c| Lunala29|gg
|c|☆DougSwellows|gg
|l|Gasser M1870
|l|p2w no skills
|l|Ultimate Reedpea
|l|Dark Chaos Ball
|l|DougSwellows
|l|LeeRawKTB9
|l|ustprover
|l|Lunala29
|l|red azelf
|l|Zganefon
|l|ZyrusAxel
|l|BaconMan11111
|l|DiieGoX96
|j|Tsengg</script>
</div>
<div class="battle-log battle-log-inline"><div class="inner"><div class="battle-options"></div><div class="inner"><div class="chat"><small>DougSwellows joined.</small></div><div class="chat"><small>Dark Chaos Ball joined.</small></div><div class=""><small>Format:</small> <br><strong>NU</strong></div><div class=""><small><em>Sleep Clause Mod:</em> Limit one foe put to sleep</small></div><div class=""><small><em>Species Clause:</em> Limit one of each Pokémon</small></div><div class=""><small><em>OHKO Clause:</em> OHKO moves are banned</small></div><div class=""><small><em>Moody Clause:</em> Moody is banned</small></div><div class=""><small><em>Evasion Moves Clause:</em> Evasion moves are banned</small></div><div class=""><small><em>Endless Battle Clause:</em> Forcing endless battles is banned</small></div><div class=""><small><em>HP Percentage Mod:</em> HP is shown in percentages</small></div><div class=""><small><em>Swagger Clause:</em> Swagger is banned</small></div><div class=""><small><em>Baton Pass Clause:</em> Limit one Baton Passer, can't pass Spe and other stats simultaneously</small></div><div class="chat battle-history"><strong>DougSwellows's team:</strong> <em style="color:#445566;display:block;">Audino / Sliggoo / Skuntank / Weezing / Gourgeist-* / Bronzor</em></div><div class="chat battle-history"><strong>Dark Chaos Ball's team:</strong> <em style="color:#445566;display:block;">Charizard / Barbaracle / Cradily / Kangaskhan / Golurk / Hitmonchan</em></div><div class="chat"><small>Stats Bot joined.</small></div><div class="chat"><small>Stats Bot left.</small></div><div class="chat"><small>ZyrusAxel joined.</small></div><div class="spacer battle-history"><br></div><div class="battle-history">Battle started between DougSwellows and Dark Chaos Ball!<br></div><div class="spacer battle-history"><br></div><div class="battle-history">Go! <strong>Weezing</strong>!<br></div><div class="spacer battle-history"><br></div><div class="battle-history">Dark Chaos Ball sent out <strong>Kangaskhan</strong>!<br></div><div class="spacer battle-history"><br></div><h2 class="battle-history">Turn 1</h2><div class="chat"><small>p2w no skills joined.</small></div><div class="chat"><small>Ultimate Reedpea joined.</small></div><div class="spacer battle-history"><br></div><div class="battle-history">Weezing, come back!<br></div><div class="battle-history">Go! Gourgeist (<strong>Gourgeist-Super</strong>)!<br></div><div class="battle-history"><small>[Gourgeist's Frisk]</small><br><small>Gourgeist frisked the opposing Kangaskhan and found its Assault Vest!</small><br></div><div class="spacer battle-history"><br></div><div class="battle-history">The opposing Kangaskhan used <strong>Fake Out</strong>!<br></div><div class="battle-history"><small>(Gourgeist lost <abbr title="−48/373">12.9%</abbr> of its health!)</small><br></div><div class="spacer battle-history"><br></div><h2 class="battle-history">Turn 2</h2><div class="chat"><small>Zganefon joined.</small></div><div class="chat"><small>LeeRawKTB9 joined.</small></div><div class="spacer battle-history"><br></div><div class="battle-history">Dark Chaos Ball withdrew Kangaskhan!<br></div><div class="battle-history">Dark Chaos Ball sent out <strong>Charizard</strong>!<br></div><div class="spacer battle-history"><br></div><div class="battle-history">Gourgeist used <strong>Will-O-Wisp</strong>!<br></div><div class="battle-history"><small>It doesn't affect the opposing Charizard...</small><br></div><div class="spacer battle-history"><br></div><h2 class="battle-history">Turn 3</h2><div class="chat"><small>Ultimate Reedpea left.</small></div><div class="spacer battle-history"><br></div><div class="battle-history">The opposing Charizard used <strong>Dragon Dance</strong>!<br></div><div class="battle-history"><small>The opposing Charizard's Attack rose!</small><br></div><div class="battle-history"><small>The opposing Charizard's Speed rose!</small><br></div><div class="spacer battle-history"><br></div><div class="battle-history">Gourgeist used <strong>Foul Play</strong>!<br></div><div class="battle-history"><small>(The opposing Charizard lost <abbr title="−132/297">44.4%</abbr> of its health!)</small><br></div><div class="spacer battle-history"><br></div><div class="battle-history"><small>The opposing Charizard restored a little HP using its Leftovers!</small><br></div><div class="spacer battle-history"><br></div><h2 class="battle-history">Turn 4</h2><div class="spacer battle-history"><br></div><div class="battle-history">Gourgeist, come back!<br></div><div class="battle-history">Go! <strong>Sliggoo</strong>!<br></div><div class="spacer battle-history"><br></div><div class="battle-history">The opposing Charizard used <strong>Flamethrower</strong>!<br></div><div class="battle-history"><small>It's not very effective...</small><br></div><div class="battle-history"><small>A critical hit!</small><br></div><div class="battle-history"><small>(Sliggoo lost <abbr title="−56/339">16.5%</abbr> of its health!)</small><br></div><div class="spacer battle-history"><br></div><div class="battle-history"><small>The opposing Charizard restored a little HP using its Leftovers!</small><br></div><div class="spacer battle-history"><br></div><h2 class="battle-history">Turn 5</h2><div class="chat chatmessage-dougswellows"><strong style="color:hsl(103,69%,38.976875452384924%)"><small>☆</small><span class="username" data-name="DougSwellows">DougSwellows</span>:</strong> <em>...</em></div><div class="chat chatmessage-dougswellows"><strong style="color:hsl(103,69%,38.976875452384924%)"><small>☆</small><span class="username" data-name="DougSwellows">DougSwellows</span>:</strong> <em>seriously?</em></div><div class="chat chatmessage-darkchaosball"><strong style="color:hsl(182,40%,38.333333333333336%)"><small>☆</small><span class="username" data-name="Dark Chaos Ball">Dark Chaos Ball</span>:</strong> <em>yep</em></div><div class="spacer battle-history"><br></div><div class="battle-history">Sliggoo, come back!<br></div><div class="battle-history">Go! <strong>Weezing</strong>!<br></div><div class="spacer battle-history"><br></div><div class="battle-history">The opposing Charizard used <strong>Air Slash</strong>!<br></div><div class="battle-history"><small>(Weezing lost <abbr title="−168/334">50.3%</abbr> of its health!)</small><br></div><div class="spacer battle-history"><br></div><div class="battle-history"><small>The opposing Charizard restored a little HP using its Leftovers!</small><br></div><div class="battle-history"><small>Weezing restored a little HP using its Black Sludge!</small><br></div><div class="spacer battle-history"><br></div><h2 class="battle-history">Turn 6</h2><div class="chat chatmessage-darkchaosball"><strong style="color:hsl(182,40%,38.333333333333336%)"><small>☆</small><span class="username" data-name="Dark Chaos Ball">Dark Chaos Ball</span>:</strong> <em>why</em></div><div class="spacer battle-history"><br></div><div class="battle-history">Weezing, come back!<br></div><div class="battle-history">Go! <strong>Sliggoo</strong>!<br></div><div class="spacer battle-history"><br></div><div class="battle-history">The opposing Charizard used <strong>Flamethrower</strong>!<br></div><div class="battle-history"><small>It's not very effective...</small><br></div><div class="battle-history"><small>(Sliggoo lost <abbr title="−42/339">12.4%</abbr> of its health!)</small><br></div><div class="spacer battle-history"><br></div><div class="battle-history"><small>The opposing Charizard restored a little HP using its Leftovers!</small><br></div><div class="spacer battle-history"><br></div><h2 class="battle-history">Turn 7</h2><div class="chat chatmessage-darkchaosball"><strong style="color:hsl(182,40%,38.333333333333336%)"><small>☆</small><span class="username" data-name="Dark Chaos Ball">Dark Chaos Ball</span>:</strong> <em>what did you want</em></div><div class="spacer battle-history"><br></div><div class="battle-history">The opposing Charizard used <strong>Air Slash</strong>!<br></div><div class="battle-history"><small>(Sliggoo lost <abbr title="−66/339">19.5%</abbr> of its health!)</small><br></div><div class="spacer battle-history"><br></div><div class="battle-history">Sliggoo flinched and couldn't move!<br></div><div class="spacer battle-history"><br></div><div class="battle-history"><small>The opposing Charizard restored a little HP using its Leftovers!</small><br></div><div class="spacer battle-history"><br></div><h2 class="battle-history">Turn 8</h2><div class="spacer battle-history"><br></div><div class="battle-history">The opposing Charizard used <strong>Air Slash</strong>!<br></div><div class="battle-history"><small>A critical hit!</small><br></div><div class="battle-history"><small>(Sliggoo lost <abbr title="−93/339">27.4%</abbr> of its health!)</small><br></div><div class="spacer battle-history"><br></div><div class="battle-history">Sliggoo flinched and couldn't move!<br></div><div class="spacer battle-history"><br></div><div class="battle-history"><small>The opposing Charizard restored a little HP using its Leftovers!</small><br></div><div class="spacer battle-history"><br></div><h2 class="battle-history">Turn 9</h2><div class="spacer battle-history"><br></div><div class="battle-history">The opposing Charizard used <strong>Air Slash</strong>!<br></div><div class="battle-history"><small>(Sliggoo lost <abbr title="−63/339">18.6%</abbr> of its health!)</small><br></div><div class="spacer battle-history"><br></div><div class="battle-history">Sliggoo used <strong>Rest</strong>!<br></div><div class="battle-history"><small>Sliggoo fell asleep!</small><br></div><div class="battle-history"><small>Sliggoo slept and became healthy!</small><br></div><div class="spacer battle-history"><br></div><div class="battle-history"><small>The opposing Charizard restored a little HP using its Leftovers!</small><br></div><div class="spacer battle-history"><br></div><h2 class="battle-history">Turn 10</h2><div class="chat chatmessage-darkchaosball"><strong style="color:hsl(182,40%,38.333333333333336%)"><small>☆</small><span class="username" data-name="Dark Chaos Ball">Dark Chaos Ball</span>:</strong> <em>lol</em></div><div class="chat chatmessage-darkchaosball"><strong style="color:hsl(182,40%,38.333333333333336%)"><small>☆</small><span class="username" data-name="Dark Chaos Ball">Dark Chaos Ball</span>:</strong> <em>fair</em></div><div class="spacer battle-history"><br></div><div class="battle-history">The opposing Charizard used <strong>Dragon Dance</strong>!<br></div><div class="battle-history"><small>The opposing Charizard's Attack rose!</small><br></div><div class="battle-history"><small>The opposing Charizard's Speed rose!</small><br></div><div class="spacer battle-history"><br></div><div class="battle-history">Sliggoo is fast asleep.<br></div><div class="spacer battle-history"><br></div><div class="battle-history">Sliggoo used <strong>Sleep Talk</strong>!<br></div><div class="spacer battle-history"><br></div><div class="battle-history">Sliggoo used <strong>Dragon Breath</strong>!<br></div><div class="battle-history"><small>(The opposing Charizard lost <abbr title="−66/297">22.2%</abbr> of its health!)</small><br></div><div class="spacer battle-history"><br></div><div class="battle-history"><small>The opposing Charizard restored a little HP using its Leftovers!</small><br></div><div class="spacer battle-history"><br></div><h2 class="battle-history">Turn 11</h2><div class="chat"><small>red azelf joined.</small></div><div class="spacer battle-history"><br></div><div class="battle-history">The opposing Charizard used <strong>Air Slash</strong>!<br></div><div class="battle-history"><small>(Sliggoo lost <abbr title="−69/339">20.4%</abbr> of its health!)</small><br></div><div class="spacer battle-history"><br></div><div class="battle-history">Sliggoo is fast asleep.<br></div><div class="spacer battle-history"><br></div><div class="battle-history">Sliggoo flinched and couldn't move!<br></div><div class="spacer battle-history"><br></div><div class="battle-history"><small>The opposing Charizard restored a little HP using its Leftovers!</small><br></div><div class="spacer battle-history"><br></div><h2 class="battle-history">Turn 12</h2><div class="spacer battle-history"><br></div><div class="battle-history">The opposing Charizard used <strong>Air Slash</strong>!<br></div><div class="battle-history"><small>(Sliggoo lost <abbr title="−72/339">21.2%</abbr> of its health!)</small><br></div><div class="battle-history"><small>Sliggoo woke up!</small><br></div><div class="spacer battle-history"><br></div><div class="battle-history">Sliggoo flinched and couldn't move!<br></div><div class="spacer battle-history"><br></div><div class="battle-history"><small>The opposing Charizard restored a little HP using its Leftovers!</small><br></div><div class="spacer battle-history"><br></div><h2 class="battle-history">Turn 13</h2><div class="spacer battle-history"><br></div><div class="battle-history">The opposing Charizard used <strong>Air Slash</strong>!<br></div><div class="battle-history"><small>(Sliggoo lost <abbr title="−72/339">21.2%</abbr> of its health!)</small><br></div><div class="spacer battle-history"><br></div><div class="battle-history">Sliggoo used <strong>Dragon Breath</strong>!<br></div><div class="battle-history"><small>(The opposing Charizard lost <abbr title="−70/297">23.6%</abbr> of its health!)</small><br></div><div class="spacer battle-history"><br></div><div class="battle-history"><small>The opposing Charizard restored a little HP using its Leftovers!</small><br></div><div class="spacer battle-history"><br></div><h2 class="battle-history">Turn 14</h2><div class="spacer battle-history"><br></div><div class="battle-history">The opposing Charizard used <strong>Air Slash</strong>!<br></div><div class="battle-history"><small>(Sliggoo lost <abbr title="−60/339">17.7%</abbr> of its health!)</small><br></div><div class="spacer battle-history"><br></div><div class="battle-history">Sliggoo used <strong>Rest</strong>!<br></div><div class="battle-history"><small>Sliggoo fell asleep!</small><br></div><div class="battle-history"><small>Sliggoo slept and became healthy!</small><br></div><div class="spacer battle-history"><br></div><div class="battle-history"><small>The opposing Charizard restored a little HP using its Leftovers!</small><br></div><div class="spacer battle-history"><br></div><h2 class="battle-history">Turn 15</h2><div class="chat chatmessage-darkchaosball"><strong style="color:hsl(182,40%,38.333333333333336%)"><small>☆</small><span class="username" data-name="Dark Chaos Ball">Dark Chaos Ball</span>:</strong> <em>why did you go for baby form</em></div><div class="spacer battle-history"><br></div><div class="battle-history">The opposing Charizard used <strong>Air Slash</strong>!<br></div><div class="battle-history"><small>(Sliggoo lost <abbr title="−64/339">18.9%</abbr> of its health!)</small><br></div><div class="spacer battle-history"><br></div><div class="battle-history">Sliggoo is fast asleep.<br></div><div class="spacer battle-history"><br></div><div class="battle-history">Sliggoo used <strong>Sleep Talk</strong>!<br></div><div class="spacer battle-history"><br></div><div class="battle-history">Sliggoo used <strong>Rest</strong>!<br></div><div class="battle-history"><small>But it failed!</small><br></div><div class="spacer battle-history"><br></div><div class="battle-history"><small>The opposing Charizard restored a little HP using its Leftovers!</small><br></div><div class="spacer battle-history"><br></div><h2 class="battle-history">Turn 16</h2><div class="chat"><small>ustprover joined.</small></div><div class="spacer battle-history"><br></div><div class="battle-history">The opposing Charizard used <strong>Air Slash</strong>!<br></div><div class="battle-history"><small>(Sliggoo lost <abbr title="−66/339">19.5%</abbr> of its health!)</small><br></div><div class="spacer battle-history"><br></div><div class="battle-history">Sliggoo is fast asleep.<br></div><div class="spacer battle-history"><br></div><div class="battle-history">Sliggoo used <strong>Sleep Talk</strong>!<br></div><div class="spacer battle-history"><br></div><div class="battle-history">Sliggoo used <strong>Rest</strong>!<br></div><div class="battle-history"><small>But it failed!</small><br></div><div class="spacer battle-history"><br></div><div class="battle-history"><small>The opposing Charizard restored a little HP using its Leftovers!</small><br></div><div class="spacer battle-history"><br></div><h2 class="battle-history">Turn 17</h2><div class="spacer battle-history"><br></div><div class="battle-history">The opposing Charizard used <strong>Air Slash</strong>!<br></div><div class="battle-history"><small>(Sliggoo lost <abbr title="−61/339">18.0%</abbr> of its health!)</small><br></div><div class="battle-history"><small>Sliggoo woke up!</small><br></div><div class="spacer battle-history"><br></div><div class="battle-history">Sliggoo used <strong>Dragon Breath</strong>!<br></div><div class="battle-history"><small>(The opposing Charizard lost <abbr title="−70/297">23.6%</abbr> of its health!)</small><br></div><div class="spacer battle-history"><br></div><div class="battle-history"><small>The opposing Charizard restored a little HP using its Leftovers!</small><br></div><div class="spacer battle-history"><br></div><h2 class="battle-history">Turn 18</h2><div class="spacer battle-history"><br></div><div class="battle-history">The opposing Charizard used <strong>Air Slash</strong>!<br></div><div class="battle-history"><small>(Sliggoo lost <abbr title="−67/339">19.8%</abbr> of its health!)</small><br></div><div class="spacer battle-history"><br></div><div class="battle-history">Sliggoo used <strong>Dragon Breath</strong>!<br></div><div class="battle-history"><small>(The opposing Charizard lost <abbr title="−73/297">24.6%</abbr> of its health!)</small><br></div><div class="spacer battle-history"><br></div><div class="battle-history"><small>The opposing Charizard restored a little HP using its Leftovers!</small><br></div><div class="spacer battle-history"><br></div><h2 class="battle-history">Turn 19</h2><div class="spacer battle-history"><br></div><div class="battle-history">The opposing Charizard used <strong>Air Slash</strong>!<br></div><div class="battle-history"><small>(Sliggoo lost <abbr title="−72/339">21.2%</abbr> of its health!)</small><br></div><div class="spacer battle-history"><br></div><div class="battle-history">Sliggoo flinched and couldn't move!<br></div><div class="spacer battle-history"><br></div><div class="battle-history"><small>The opposing Charizard restored a little HP using its Leftovers!</small><br></div><div class="spacer battle-history"><br></div><h2 class="battle-history">Turn 20</h2><div class="chat chatmessage-darkchaosball"><strong style="color:hsl(182,40%,38.333333333333336%)"><small>☆</small><span class="username" data-name="Dark Chaos Ball">Dark Chaos Ball</span>:</strong> <em>yes</em></div><div class="spacer battle-history"><br></div><div class="battle-history">The opposing Charizard used <strong>Flamethrower</strong>!<br></div><div class="battle-history"><small>It's not very effective...</small><br></div><div class="battle-history"><small>(Sliggoo lost <abbr title="−9/339">2.7%</abbr> of its health!)</small><br></div><div class="spacer battle-history"><br></div><div class="battle-history">Sliggoo fainted!<br></div><div class="spacer battle-history"><br></div><div class="battle-history"><small>The opposing Charizard restored a little HP using its Leftovers!</small><br></div><div class="chat"><small>TheJ3estPenguin joined.</small></div><div class="chat"><small>Lunala29 joined.</small></div><div class="spacer battle-history"><br></div><div class="battle-history">Go! <strong>Skuntank</strong>!<br></div><div class="spacer battle-history"><br></div><h2 class="battle-history">Turn 21</h2><div class="chat chatmessage-lunala29"><strong style="color:hsl(11,81%,39.10845842040005%)"><small> </small><span class="username" data-name="Lunala29">Lunala29</span>:</strong> <em>d you use dd for speed?</em></div><div class="spacer battle-history"><br></div><div class="battle-history">The opposing Charizard used <strong>Air Slash</strong>!<br></div><div class="battle-history"><small>A critical hit!</small><br></div><div class="battle-history"><small>(Skuntank lost <abbr title="−267/347">76.9%</abbr> of its health!)</small><br></div><div class="spacer battle-history"><br></div><div class="battle-history">Skuntank used <strong>Dark Pulse</strong>!<br></div><div class="battle-history"><small>(The opposing Charizard lost <abbr title="−124/297">41.8%</abbr> of its health!)</small><br></div><div class="spacer battle-history"><br></div><div class="battle-history"><small>The opposing Charizard restored a little HP using its Leftovers!</small><br></div><div class="battle-history"><small>Skuntank restored a little HP using its Black Sludge!</small><br></div><div class="spacer battle-history"><br></div><h2 class="battle-history">Turn 22</h2><div class="chat"><small>Queue In joined.</small></div><div class="chat chatmessage-darkchaosball"><strong style="color:hsl(182,40%,38.333333333333336%)"><small>☆</small><span class="username" data-name="Dark Chaos Ball">Dark Chaos Ball</span>:</strong> <em>nope</em></div><div class="spacer battle-history"><br></div><div class="battle-history">Skuntank, come back!<br></div><div class="battle-history">Go! <strong>Audino</strong>!<br></div><div class="spacer battle-history"><br></div><div class="battle-history">The opposing Charizard used <strong>Flamethrower</strong>!<br></div><div class="battle-history"><small>(Audino lost <abbr title="−138/410">33.7%</abbr> of its health!)</small><br></div><div class="spacer battle-history"><br></div><div class="battle-history"><small>The opposing Charizard restored a little HP using its Leftovers!</small><br></div><div class="spacer battle-history"><br></div><h2 class="battle-history">Turn 23</h2><div class="chat chatmessage-lunala29"><strong style="color:hsl(11,81%,39.10845842040005%)"><small> </small><span class="username" data-name="Lunala29">Lunala29</span>:</strong> <em>???</em></div><div class="spacer battle-history"><br></div><div class="battle-history"><small>Audino's Audinite is reacting to DougSwellows's Mega Bracelet!</small><br>Audino has Mega Evolved into Mega Audino!<br></div><div class="spacer battle-history"><br></div><div class="battle-history">The opposing Charizard used <strong>Air Slash</strong>!<br></div><div class="battle-history"><small>(Audino lost <abbr title="−76/410">18.5%</abbr> of its health!)</small><br></div><div class="spacer battle-history"><br></div><div class="battle-history">Audino used <strong>Wish</strong>!<br></div><div class="spacer battle-history"><br></div><div class="battle-history"><small>The opposing Charizard restored a little HP using its Leftovers!</small><br></div><div class="spacer battle-history"><br></div><h2 class="battle-history">Turn 24</h2><div class="chat chatmessage-lunala29"><strong style="color:hsl(11,81%,39.10845842040005%)"><small> </small><span class="username" data-name="Lunala29">Lunala29</span>:</strong> <em>why use a SpA</em></div><div class="chat"><small>Ultimate Reedpea joined.</small></div><div class="chat"><small>Gasser M1870 joined.</small></div><div class="spacer battle-history"><br></div><div class="battle-history">The opposing Charizard used <strong>Flare Blitz</strong>!<br></div><div class="battle-history"><small>(Audino lost <abbr title="−196/410">47.8%</abbr> of its health!)</small><br></div><div class="battle-history"><small>The opposing Charizard is damaged by the recoil!</small><br></div><div class="spacer battle-history"><br></div><div class="battle-history">Audino fainted!<br></div><div class="spacer battle-history"><br></div><div class="battle-history"><small>The opposing Charizard restored a little HP using its Leftovers!</small><br></div><div class="chat"><small>Queue In left.</small></div><div class="chat"><small>BaconMan11111 joined.</small></div><div class="chat chatmessage-darkchaosball"><strong style="color:hsl(182,40%,38.333333333333336%)"><small>☆</small><span class="username" data-name="Dark Chaos Ball">Dark Chaos Ball</span>:</strong> <em>haha</em></div><div class="chat chatmessage-darkchaosball"><strong style="color:hsl(182,40%,38.333333333333336%)"><small>☆</small><span class="username" data-name="Dark Chaos Ball">Dark Chaos Ball</span>:</strong> <em>haha</em></div><div class="chat chatmessage-dougswellows"><strong style="color:hsl(103,69%,38.976875452384924%)"><small>☆</small><span class="username" data-name="DougSwellows">DougSwellows</span>:</strong> <em>lovely.</em></div><div class="chat chatmessage-darkchaosball"><strong style="color:hsl(182,40%,38.333333333333336%)"><small>☆</small><span class="username" data-name="Dark Chaos Ball">Dark Chaos Ball</span>:</strong> <em>haha</em></div><div class="chat chatmessage-darkchaosball"><strong style="color:hsl(182,40%,38.333333333333336%)"><small>☆</small><span class="username" data-name="Dark Chaos Ball">Dark Chaos Ball</span>:</strong> <em>haha</em></div><div class="chat chatmessage-darkchaosball"><strong style="color:hsl(182,40%,38.333333333333336%)"><small>☆</small><span class="username" data-name="Dark Chaos Ball">Dark Chaos Ball</span>:</strong> <em>haha</em></div><div class="chat chatmessage-darkchaosball"><strong style="color:hsl(182,40%,38.333333333333336%)"><small>☆</small><span class="username" data-name="Dark Chaos Ball">Dark Chaos Ball</span>:</strong> <em>you see</em></div><div class="spacer battle-history"><br></div><div class="battle-history">Go! <strong>Bronzor</strong>!<br></div><div class="spacer battle-history"><br></div><h2 class="battle-history">Turn 25</h2><div class="chat chatmessage-darkchaosball"><strong style="color:hsl(182,40%,38.333333333333336%)"><small>☆</small><span class="username" data-name="Dark Chaos Ball">Dark Chaos Ball</span>:</strong> <em>do you see</em></div><div class="chat chatmessage-lunala29"><strong style="color:hsl(11,81%,39.10845842040005%)"><small> </small><span class="username" data-name="Lunala29">Lunala29</span>:</strong> <em>thats the worst set ever</em></div><div class="chat chatmessage-darkchaosball"><strong style="color:hsl(182,40%,38.333333333333336%)"><small>☆</small><span class="username" data-name="Dark Chaos Ball">Dark Chaos Ball</span>:</strong> <em>thanks</em></div><div class="chat chatmessage-dougswellows"><strong style="color:hsl(103,69%,38.976875452384924%)"><small>☆</small><span class="username" data-name="DougSwellows">DougSwellows</span>:</strong> <em>it would have been better if you used a physical set</em></div><div class="spacer battle-history"><br></div><div class="battle-history">Bronzor, come back!<br></div><div class="battle-history">Go! Gourgeist (<strong>Gourgeist-Super</strong>)!<br></div><div class="battle-history"><small>[Gourgeist's Frisk]</small><br><small>Gourgeist frisked the opposing Charizard and found its Leftovers!</small><br></div><div class="spacer battle-history"><br></div><div class="battle-history">The opposing Charizard used <strong>Flamethrower</strong>!<br></div><div class="battle-history"><small>It's super effective!</small><br></div><div class="battle-history"><small>A critical hit!</small><br></div><div class="battle-history"><small>(Gourgeist lost <abbr title="−325/373">87.1%</abbr> of its health!)</small><br></div><div class="spacer battle-history"><br></div><div class="battle-history">Gourgeist fainted!<br></div><div class="spacer battle-history"><br></div><div class="battle-history"><small>The opposing Charizard restored a little HP using its Leftovers!</small><br></div><div class="chat chatmessage-darkchaosball"><strong style="color:hsl(182,40%,38.333333333333336%)"><small>☆</small><span class="username" data-name="Dark Chaos Ball">Dark Chaos Ball</span>:</strong> <em>ill be in the final yeah</em></div><div class="chat"><small>DiieGoX96 joined.</small></div><div class="spacer battle-history"><br></div><div class="battle-history">Go! <strong>Skuntank</strong>!<br></div><div class="spacer battle-history"><br></div><h2 class="battle-history">Turn 26</h2><div class="chat chatmessage-darkchaosball"><strong style="color:hsl(182,40%,38.333333333333336%)"><small>☆</small><span class="username" data-name="Dark Chaos Ball">Dark Chaos Ball</span>:</strong> <em>see you guys there</em></div><div class="chat chatmessage-baconman11111"><strong style="color:hsl(181,49%,38.666666666666664%)"><small> </small><span class="username" data-name="BaconMan11111">BaconMan11111</span>:</strong> <em>i mean it isn't horrible but it certainly is unique compared to other seets</em></div><div class="chat chatmessage-darkchaosball"><strong style="color:hsl(182,40%,38.333333333333336%)"><small>☆</small><span class="username" data-name="Dark Chaos Ball">Dark Chaos Ball</span>:</strong> <em>o wait you will jus be watching</em></div><div class="chat chatmessage-lunala29"><strong style="color:hsl(11,81%,39.10845842040005%)"><small> </small><span class="username" data-name="Lunala29">Lunala29</span>:</strong> <em>and if you dont?</em></div><div class="chat"><small>TheJ3estPenguin left.</small></div><div class="spacer battle-history"><br></div><div class="battle-history">The opposing Charizard used <strong>Flamethrower</strong>!<br></div><div class="battle-history"><small>(Skuntank lost <abbr title="−101/347">29.1%</abbr> of its health!)</small><br></div><div class="spacer battle-history"><br></div><div class="battle-history">Skuntank fainted!<br></div><div class="spacer battle-history"><br></div><div class="battle-history"><small>The opposing Charizard restored a little HP using its Leftovers!</small><br></div><div class="chat chatmessage-darkchaosball"><strong style="color:hsl(182,40%,38.333333333333336%)"><small>☆</small><span class="username" data-name="Dark Chaos Ball">Dark Chaos Ball</span>:</strong> <em>haha</em></div><div class="chat chatmessage-baconman11111"><strong style="color:hsl(181,49%,38.666666666666664%)"><small> </small><span class="username" data-name="BaconMan11111">BaconMan11111</span>:</strong> <em>ssets</em></div><div class="spacer battle-history"><br></div><div class="battle-history">Go! <strong>Bronzor</strong>!<br></div><div class="spacer battle-history"><br></div><h2 class="battle-history">Turn 27</h2><div class="chat chatmessage-darkchaosball"><strong style="color:hsl(182,40%,38.333333333333336%)"><small>☆</small><span class="username" data-name="Dark Chaos Ball">Dark Chaos Ball</span>:</strong> <em>will see wont we</em></div><div class="chat chatmessage-darkchaosball"><strong style="color:hsl(182,40%,38.333333333333336%)"><small>☆</small><span class="username" data-name="Dark Chaos Ball">Dark Chaos Ball</span>:</strong> <em>haha</em></div><div class="spacer battle-history"><br></div><div class="battle-history">The opposing Charizard used <strong>Flare Blitz</strong>!<br></div><div class="battle-history"><small>It's super effective!</small><br></div><div class="battle-history"><small>(Bronzor lost <abbr title="−318/318">100%</abbr> of its health!)</small><br></div><div class="battle-history"><small>The opposing Charizard is damaged by the recoil!</small><br></div><div class="spacer battle-history"><br></div><div class="battle-history">Bronzor fainted!<br></div><div class="spacer battle-history"><br></div><div class="battle-history"><small>The opposing Charizard restored a little HP using its Leftovers!</small><br></div><div class="chat chatmessage-baconman11111"><strong style="color:hsl(181,49%,38.666666666666664%)"><small> </small><span class="username" data-name="BaconMan11111">BaconMan11111</span>:</strong> <em>s e t s</em></div><div class="spacer battle-history"><br></div><div class="battle-history">Go! <strong>Weezing</strong>!<br></div><div class="spacer battle-history"><br></div><h2 class="battle-history">Turn 28</h2><div class="chat chatmessage-lunala29"><strong style="color:hsl(11,81%,39.10845842040005%)"><small> </small><span class="username" data-name="Lunala29">Lunala29</span>:</strong> <em>cocky</em></div><div class="spacer battle-history"><br></div><div class="battle-history">The opposing Charizard used <strong>Flare Blitz</strong>!<br></div><div class="battle-history"><small>(Weezing lost <abbr title="−186/334">55.7%</abbr> of its health!)</small><br></div><div class="battle-history"><small>The opposing Charizard is damaged by the recoil!</small><br></div><div class="spacer battle-history"><br></div><div class="battle-history">Weezing fainted!<br></div><div class="battle-history">The opposing Charizard fainted!<br></div><div class="spacer battle-history"><br></div><div class="battle-history"><strong>Dark Chaos Ball</strong> won the battle!<br></div><div class="chat chatmessage-darkchaosball"><strong style="color:hsl(182,40%,38.333333333333336%)"><small>☆</small><span class="username" data-name="Dark Chaos Ball">Dark Chaos Ball</span>:</strong> <em>haha</em></div><div class="chat chatmessage-lunala29"><strong style="color:hsl(11,81%,39.10845842040005%)"><small> </small><span class="username" data-name="Lunala29">Lunala29</span>:</strong> <em>gg</em></div><div class="chat chatmessage-dougswellows"><strong style="color:hsl(103,69%,38.976875452384924%)"><small>☆</small><span class="username" data-name="DougSwellows">DougSwellows</span>:</strong> <em>gg</em></div><div class="chat"><small>Gasser M1870 left.</small></div><div class="chat"><small>p2w no skills left.</small></div><div class="chat"><small>Ultimate Reedpea left.</small></div><div class="chat"><small>Dark Chaos Ball left.</small></div><div class="chat"><small>DougSwellows left.</small></div><div class="chat"><small>LeeRawKTB9 left.</small></div><div class="chat"><small>ustprover left.</small></div><div class="chat"><small>Lunala29 left.</small></div><div class="chat"><small>red azelf left.</small></div><div class="chat"><small>Zganefon left.</small></div><div class="chat"><small>ZyrusAxel left.</small></div><div class="chat"><small>BaconMan11111 left.</small></div><div class="chat"><small>DiieGoX96 left.</small></div><div class="chat"><small>Tsengg joined.</small></div></div><div class="inner-preempt"></div></div></div>
</div>
<script>
let daily = Math.floor(Date.now()/1000/60/60/24);document.write('<script src="https://play.pokemonshowdown.com/js/replay-embed.js?version'+daily+'"></'+'script>');
</script>
