<!DOCTYPE html>
<meta charset="utf-8" />
<!-- version 1 -->
<title>NU replay: eternally vs. Shadestep</title>
<style>
html,body {font-family:Verdana, sans-serif;font-size:10pt;margin:0;padding:0;}body{padding:12px 0;} .battle-log {font-family:Verdana, sans-serif;font-size:10pt;} .battle-log-inline {border:1px solid #AAAAAA;background:#EEF2F5;color:black;max-width:640px;margin:0 auto 80px;padding-bottom:5px;} .battle-log .inner {padding:4px 8px 0px 8px;} .battle-log .inner-preempt {padding:0 8px 4px 8px;} .battle-log .inner-after {margin-top:0.5em;} .battle-log h2 {margin:0.5em -8px;padding:4px 8px;border:1px solid #AAAAAA;background:#E0E7EA;border-left:0;border-right:0;font-family:Verdana, sans-serif;font-size:13pt;} .battle-log .chat {vertical-align:middle;padding:3px 0 3px 0;font-size:8pt;} .battle-log .chat strong {color:#40576A;} .battle-log .chat em {padding:1px 4px 1px 3px;color:#000000;font-style:normal;} .chat.mine {background:rgba(0,0,0,0.05);margin-left:-8px;margin-right:-8px;padding-left:8px;padding-right:8px;} .spoiler {color:#BBBBBB;background:#BBBBBB;padding:0px 3px;} .spoiler:hover, .spoiler:active, .spoiler-shown {color:#000000;background:#E2E2E2;padding:0px 3px;} .spoiler a {color:#BBBBBB;} .spoiler:hover a, .spoiler:active a, .spoiler-shown a {color:#2288CC;} .chat code, .chat .spoiler:hover code, .chat .spoiler:active code, .chat .spoiler-shown code {border:1px solid #C0C0C0;background:#EEEEEE;color:black;padding:0 2px;} .chat .spoiler code {border:1px solid #CCCCCC;background:#CCCCCC;color:#CCCCCC;} .battle-log .rated {padding:3px 4px;} .battle-log .rated strong {color:white;background:#89A;padding:1px 4px;border-radius:4px;} .spacer {margin-top:0.5em;} .message-announce {background:#6688AA;color:white;padding:1px 4px 2px;} .message-announce a, .broadcast-green a, .broadcast-blue a, .broadcast-red a {color:#DDEEFF;} .broadcast-green {background-color:#559955;color:white;padding:2px 4px;} .broadcast-blue {background-color:#6688AA;color:white;padding:2px 4px;} .infobox {border:1px solid #6688AA;padding:2px 4px;} .infobox-limited {max-height:200px;overflow:auto;overflow-x:hidden;} .broadcast-red {background-color:#AA5544;color:white;padding:2px 4px;} .message-learn-canlearn {font-weight:bold;color:#228822;text-decoration:underline;} .message-learn-cannotlearn {font-weight:bold;color:#CC2222;text-decoration:underline;} .message-effect-weak {font-weight:bold;color:#CC2222;} .message-effect-resist {font-weight:bold;color:#6688AA;} .message-effect-immune {font-weight:bold;color:#666666;} .message-learn-list {margin-top:0;margin-bottom:0;} .message-throttle-notice, .message-error {color:#992222;} .message-overflow, .chat small.message-overflow {font-size:0pt;} .message-overflow::before {font-size:9pt;content:'...';} .subtle {color:#3A4A66;}
</style>
<div class="wrapper replay-wrapper" style="max-width:1180px;margin:0 auto">
<input type="hidden" name="replayid" value="nu-515762492" />
<div class="battle"></div><div class="battle-log"></div><div class="replay-controls"></div><div class="replay-controls-2"></div>
<h1 style="font-weight:normal;text-align:center"><strong>NU</strong><br /><a href="http://pokemonshowdown.com/users/eternally" class="subtle" target="_blank">eternally</a> vs. <a href="http://pokemonshowdown.com/users/shadestep" class="subtle" target="_blank">Shadestep</a></h1>
<script type="text/plain" class="battle-log-data">|j|eternally
|j|Shadestep
|player|p1|eternally|50
|player|p2|Shadestep|166
|gametype|singles
|gen|6
|tier|NU
|seed|45867,20985,12592,30109
|rule|Sleep Clause Mod: Limit one foe put to sleep
|rule|Species Clause: Limit one of each Pokémon
|rule|OHKO Clause: OHKO moves are banned
|rule|Moody Clause: Moody is banned
|rule|Evasion Moves Clause: Evasion moves are banned
|rule|Endless Battle Clause: Forcing endless battles is banned
|rule|HP Percentage Mod: HP is shown in percentages
|clearpoke
|poke|p1|Klinklang|item
|poke|p1|Floatzel, M|item
|poke|p1|Gurdurr, F|item
|poke|p1|Xatu, M|item
|poke|p1|Rhydon, M|item
|poke|p1|Vileplume, F|item
|poke|p2|Smeargle, F|item
|poke|p2|Pinsir, M|item
|poke|p2|Floatzel, F|item
|poke|p2|Mismagius, M|item
|poke|p2|Garbodor, F|item
|poke|p2|Combusken, M|item
|rule|Swagger Clause: Swagger is banned
|rule|Baton Pass Clause: Limit one Baton Passer, can't pass Spe and other stats simultaneously
|teampreview
|c|★Shadestep|gl hf
|c|★eternally|u2
|choice|team 3, team 2, team 1, team 4, team 5, team 6|team 3, team 2, team 1, team 4, team 5, team 6
|
|start
|switch|p1a: Gurdurr|Gurdurr, F|374\/374
|switch|p2a: Floatzel|Floatzel, F|311\/311
|turn|1
|choice|move knockoff|switch 5
|
|switch|p2a: Garbodor|Garbodor, F|364\/364
|move|p1a: Gurdurr|Knock Off|p2a: Garbodor
|-crit|p2a: Garbodor
|-damage|p2a: Garbodor|227\/364
|-damage|p1a: Gurdurr|312\/374|[from] item: Rocky Helmet|[of] p2a: Garbodor
|-enditem|p2a: Garbodor|Rocky Helmet|[from] move: Knock Off|[of] p1a: Gurdurr
|
|upkeep
|turn|2
|choice|switch 4|move gunkshot
|
|switch|p1a: Xatu|Xatu, M|334\/334
|move|p2a: Garbodor|Gunk Shot|p1a: Xatu
|-damage|p1a: Xatu|187\/334
|
|upkeep
|turn|3
|choice|move psychic|switch 4
|
|switch|p2a: Mismagius|Mismagius, M|323\/323
|move|p1a: Xatu|Psychic|p2a: Mismagius
|-damage|p2a: Mismagius|220\/323
|
|upkeep
|turn|4
|choice|switch 2|move willowisp
|
|switch|p1a: Floatzel|Floatzel, M|311\/311
|move|p2a: Mismagius|Will-O-Wisp|p1a: Floatzel
|-status|p1a: Floatzel|brn
|
|-damage|p1a: Floatzel|273\/311 brn|[from] brn
|upkeep
|turn|5
|choice|move hydropump|switch 4
|
|switch|p2a: Garbodor|Garbodor, F|227\/364
|move|p1a: Floatzel|Hydro Pump|p2a: Garbodor
|-damage|p2a: Garbodor|0 fnt
|-damage|p1a: Floatzel|242\/311 brn|[from] item: Life Orb
|faint|p2a: Garbodor
|
|-damage|p1a: Floatzel|204\/311 brn|[from] brn
|upkeep
|choice||switch 3
|
|switch|p2a: Smeargle|Smeargle, F|313\/313
|turn|6
|choice|switch 2|move skillswap
|
|switch|p1a: Xatu|Xatu, M|187\/334
|move|p2a: Smeargle|Skill Swap|p1a: Xatu
|-activate|p2a: Smeargle|move: Skill Swap|Magic Bounce|Own Tempo|[of] p1a: Xatu
|
|upkeep
|turn|7
|j|Melodymania
|choice|move psychic|move stickyweb
|
|move|p2a: Smeargle|Sticky Web|p1a: Xatu
|-sidestart|p1: eternally|move: Sticky Web
|move|p1a: Xatu|Psychic|p2a: Smeargle
|-damage|p2a: Smeargle|121\/313
|
|upkeep
|turn|8
|l|Melodymania
|choice|move psychic|move stealthrock
|
|move|p2a: Smeargle|Stealth Rock|p1a: Xatu
|-sidestart|p1: eternally|move: Stealth Rock
|move|p1a: Xatu|Psychic|p2a: Smeargle
|-damage|p2a: Smeargle|0 fnt
|faint|p2a: Smeargle
|
|upkeep
|j|Jarii
|choice||switch 4
|
|switch|p2a: Mismagius|Mismagius, M|220\/323
|turn|9
|j|SolidSweeps
|choice|switch 2|move shadowball
|
|switch|p1a: Floatzel|Floatzel, M|204\/311 brn
|-activate|p1a: Floatzel|move: Sticky Web
|-unboost|p1a: Floatzel|spe|1
|-damage|p1a: Floatzel|166\/311 brn|[from] Stealth Rock
|move|p2a: Mismagius|Shadow Ball|p1a: Floatzel
|-damage|p1a: Floatzel|0 fnt
|faint|p1a: Floatzel
|
|upkeep
|c|+Jarii|Eternally
|choice|switch 4|
|
|switch|p1a: Gurdurr|Gurdurr, F|312\/374
|-damage|p1a: Gurdurr|289\/374|[from] Stealth Rock
|-activate|p1a: Gurdurr|move: Sticky Web
|-unboost|p1a: Gurdurr|spe|1
|turn|10
|c|★eternally|hi
|c|+Jarii|How did smeargle get hazards up
|c|+Jarii|Vs xatu
|c|★eternally|skill swap
|choice|move knockoff|move taunt
|
|move|p2a: Mismagius|Taunt|p1a: Gurdurr
|-start|p1a: Gurdurr|move: Taunt
|move|p1a: Gurdurr|Knock Off|p2a: Mismagius
|-supereffective|p2a: Mismagius
|-enditem|p2a: Mismagius|Colbur Berry|[eat]
|-enditem|p2a: Mismagius|Colbur Berry|[weaken]
|-damage|p2a: Mismagius|66\/323
|
|upkeep
|turn|11
|c|+Jarii|You didn't predict that
|c|+Jarii|sigh
|l|SolidSweeps
|c|★eternally|doesnt matter the team is slow already or levitates \/ has clear body
|choice|move knockoff|move painsplit
|
|move|p2a: Mismagius|Pain Split|p1a: Gurdurr
|-sethp|p1a: Gurdurr|177\/374|p2a: Mismagius|177\/323|[from] move: Pain Split
|move|p1a: Gurdurr|Knock Off|p2a: Mismagius
|-supereffective|p2a: Mismagius
|-damage|p2a: Mismagius|0 fnt
|faint|p2a: Mismagius
|
|upkeep
|choice||switch 5
|
|switch|p2a: Floatzel|Floatzel, F|311\/311
|turn|12
|choice|move machpunch|move hydropump
|
|move|p1a: Gurdurr|Mach Punch|p2a: Floatzel
|-damage|p2a: Floatzel|212\/311
|move|p2a: Floatzel|Hydro Pump|p1a: Gurdurr
|-damage|p1a: Gurdurr|0 fnt
|-damage|p2a: Floatzel|181\/311|[from] item: Life Orb
|faint|p1a: Gurdurr
|
|upkeep
|choice|switch 6|
|
|switch|p1a: Vileplume|Vileplume, F|354\/354
|-activate|p1a: Vileplume|move: Sticky Web
|-unboost|p1a: Vileplume|spe|1
|-damage|p1a: Vileplume|310\/354|[from] Stealth Rock
|turn|13
|j|Melodymania
|choice|move gigadrain|move icebeam
|
|move|p2a: Floatzel|Ice Beam|p1a: Vileplume
|-supereffective|p1a: Vileplume
|-damage|p1a: Vileplume|66\/354
|-damage|p2a: Floatzel|150\/311|[from] item: Life Orb
|move|p1a: Vileplume|Giga Drain|p2a: Floatzel
|-supereffective|p2a: Floatzel
|-damage|p2a: Floatzel|0 fnt
|-heal|p1a: Vileplume|141\/354|[from] drain|[of] p2a: Floatzel
|faint|p2a: Floatzel
|
|-heal|p1a: Vileplume|163\/354|[from] item: Black Sludge
|upkeep
|choice||switch 6
|
|switch|p2a: Combusken|Combusken, M|261\/261
|turn|14
|choice|move sludgebomb|move swordsdance
|
|move|p2a: Combusken|Swords Dance|p2a: Combusken
|-boost|p2a: Combusken|atk|2
|move|p1a: Vileplume|Sludge Bomb|p2a: Combusken
|-damage|p2a: Combusken|144\/261
|
|-heal|p1a: Vileplume|185\/354|[from] item: Black Sludge
|-ability|p2a: Combusken|Speed Boost|boost
|-boost|p2a: Combusken|spe|1
|upkeep
|turn|15
|choice|move sludgebomb|move flareblitz
|
|move|p2a: Combusken|Flare Blitz|p1a: Vileplume
|-supereffective|p1a: Vileplume
|-damage|p1a: Vileplume|0 fnt
|-status|p2a: Combusken|psn|[from] ability: Effect Spore|[of] p1a: Vileplume
|-damage|p2a: Combusken|83\/261 psn|[from] recoil|[of] p1a: Vileplume
|faint|p1a: Vileplume
|
|-damage|p2a: Combusken|51\/261 psn|[from] psn
|-ability|p2a: Combusken|Speed Boost|boost
|-boost|p2a: Combusken|spe|1
|upkeep
|choice|switch 2|
|
|switch|p1a: Xatu|Xatu, M|187\/334
|-damage|p1a: Xatu|104\/334|[from] Stealth Rock
|turn|16
|c|★Shadestep|f
|choice|move psychic|move flareblitz
|
|move|p2a: Combusken|Flare Blitz|p1a: Xatu
|-damage|p1a: Xatu|0 fnt
|-damage|p2a: Combusken|8\/261 psn|[from] item: Rocky Helmet|[of] p1a: Xatu
|-damage|p2a: Combusken|0 fnt|[from] recoil|[of] p1a: Xatu
|faint|p1a: Xatu
|faint|p2a: Combusken
|
|upkeep
|c|★eternally|f
|choice|switch 5|switch 2
|
|switch|p2a: Pinsir|Pinsir, M|271\/271
|switch|p1a: Rhydon|Rhydon, M|414\/414
|-ability|p2a: Pinsir|Mold Breaker
|-activate|p1a: Rhydon|move: Sticky Web
|-unboost|p1a: Rhydon|spe|1
|-damage|p1a: Rhydon|389\/414|[from] Stealth Rock
|turn|17
|choice|move stoneedge|move swordsdance
|
|move|p2a: Pinsir|Swords Dance|p2a: Pinsir
|-boost|p2a: Pinsir|atk|2
|move|p1a: Rhydon|Stone Edge|p2a: Pinsir
|-supereffective|p2a: Pinsir
|-damage|p2a: Pinsir|0 fnt
|faint|p2a: Pinsir
|
|win|eternally
|player|p1
|player|p2
|c|★Shadestep|dodge
|c|★eternally|gg
|c|★Shadestep|twice</script>
</div>
<div class="battle-log battle-log-inline"><div class="inner"><div class="battle-options"></div><div class="inner"><div class="chat"><small>eternally joined.</small></div><div class="chat"><small>Shadestep joined.</small></div><div class=""><small>Format:</small> <br><strong>NU</strong></div><div class=""><small><em>Sleep Clause Mod:</em> Limit one foe put to sleep</small></div><div class=""><small><em>Species Clause:</em> Limit one of each Pokémon</small></div><div class=""><small><em>OHKO Clause:</em> OHKO moves are banned</small></div><div class=""><small><em>Moody Clause:</em> Moody is banned</small></div><div class=""><small><em>Evasion Moves Clause:</em> Evasion moves are banned</small></div><div class=""><small><em>Endless Battle Clause:</em> Forcing endless battles is banned</small></div><div class=""><small><em>HP Percentage Mod:</em> HP is shown in percentages</small></div><div class=""><small><em>Swagger Clause:</em> Swagger is banned</small></div><div class=""><small><em>Baton Pass Clause:</em> Limit one Baton Passer, can't pass Spe and other stats simultaneously</small></div><div class="chat battle-history"><strong>eternally's team:</strong> <em style="color:#445566;display:block;">Klinklang / Floatzel / Gurdurr / Xatu / Rhydon / Vileplume</em></div><div class="chat battle-history"><strong>Shadestep's team:</strong> <em style="color:#445566;display:block;">Smeargle / Pinsir / Floatzel / Mismagius / Garbodor / Combusken</em></div><div class="chat chatmessage-shadestep"><strong style="color:hsl(348,69%,49.13556749513967%)"><small>★</small><span class="username" data-name="Shadestep">Shadestep</span>:</strong> <em>gl hf</em></div><div class="chat chatmessage-eternally"><strong style="color:hsl(110,78%,33%)"><small>★</small><span class="username" data-name="eternally">eternally</span>:</strong> <em>u2</em></div><div class="spacer battle-history"><br></div><div class="battle-history">Battle started between eternally and Shadestep!<br></div><div class="spacer battle-history"><br></div><div class="battle-history">Go! <strong>Gurdurr</strong>!<br></div><div class="spacer battle-history"><br></div><div class="battle-history">Shadestep sent out <strong>Floatzel</strong>!<br></div><div class="spacer battle-history"><br></div><h2 class="battle-history">Turn 1</h2><div class="spacer battle-history"><br></div><div class="battle-history">Shadestep withdrew Floatzel!<br></div><div class="battle-history">Shadestep sent out <strong>Garbodor</strong>!<br></div><div class="spacer battle-history"><br></div><div class="battle-history">Gurdurr used <strong>Knock Off</strong>!<br></div><div class="battle-history"><small>A critical hit!</small><br></div><div class="battle-history"><small>(The opposing Garbodor lost <abbr title="−137/364">37.6%</abbr> of its health!)</small><br></div><div class="battle-history"><small>Gurdurr was hurt by the Rocky Helmet!</small><br></div><div class="battle-history"><small>Gurdurr knocked off the opposing Garbodor's Rocky Helmet!</small><br></div><div class="spacer battle-history"><br></div><h2 class="battle-history">Turn 2</h2><div class="spacer battle-history"><br></div><div class="battle-history">Gurdurr, come back!<br></div><div class="battle-history">Go! <strong>Xatu</strong>!<br></div><div class="spacer battle-history"><br></div><div class="battle-history">The opposing Garbodor used <strong>Gunk Shot</strong>!<br></div><div class="battle-history"><small>(Xatu lost <abbr title="−147/334">44.0%</abbr> of its health!)</small><br></div><div class="spacer battle-history"><br></div><h2 class="battle-history">Turn 3</h2><div class="spacer battle-history"><br></div><div class="battle-history">Shadestep withdrew Garbodor!<br></div><div class="battle-history">Shadestep sent out <strong>Mismagius</strong>!<br></div><div class="spacer battle-history"><br></div><div class="battle-history">Xatu used <strong>Psychic</strong>!<br></div><div class="battle-history"><small>(The opposing Mismagius lost <abbr title="−103/323">31.9%</abbr> of its health!)</small><br></div><div class="spacer battle-history"><br></div><h2 class="battle-history">Turn 4</h2><div class="spacer battle-history"><br></div><div class="battle-history">Xatu, come back!<br></div><div class="battle-history">Go! <strong>Floatzel</strong>!<br></div><div class="spacer battle-history"><br></div><div class="battle-history">The opposing Mismagius used <strong>Will-O-Wisp</strong>!<br></div><div class="battle-history"><small>Floatzel was burned!</small><br></div><div class="spacer battle-history"><br></div><div class="battle-history"><small>Floatzel was hurt by its burn!</small><br></div><div class="spacer battle-history"><br></div><h2 class="battle-history">Turn 5</h2><div class="spacer battle-history"><br></div><div class="battle-history">Shadestep withdrew Mismagius!<br></div><div class="battle-history">Shadestep sent out <strong>Garbodor</strong>!<br></div><div class="spacer battle-history"><br></div><div class="battle-history">Floatzel used <strong>Hydro Pump</strong>!<br></div><div class="battle-history"><small>(The opposing Garbodor lost <abbr title="−227/364">62.4%</abbr> of its health!)</small><br></div><div class="battle-history"><small>Floatzel lost some of its HP!</small><br></div><div class="spacer battle-history"><br></div><div class="battle-history">The opposing Garbodor fainted!<br></div><div class="spacer battle-history"><br></div><div class="battle-history"><small>Floatzel was hurt by its burn!</small><br></div><div class="spacer battle-history"><br></div><div class="battle-history">Shadestep sent out <strong>Smeargle</strong>!<br></div><div class="spacer battle-history"><br></div><h2 class="battle-history">Turn 6</h2><div class="spacer battle-history"><br></div><div class="battle-history">Floatzel, come back!<br></div><div class="battle-history">Go! <strong>Xatu</strong>!<br></div><div class="spacer battle-history"><br></div><div class="battle-history">The opposing Smeargle used <strong>Skill Swap</strong>!<br></div><div class="battle-history"><small>[The opposing Smeargle's Magic Bounce]</small><br><small>[Xatu's Own Tempo]</small><br><small>The opposing Smeargle swapped Abilities with its target!</small><br></div><div class="spacer battle-history"><br></div><h2 class="battle-history">Turn 7</h2><div class="chat"><small>Melodymania joined.</small></div><div class="spacer battle-history"><br></div><div class="battle-history">The opposing Smeargle used <strong>Sticky Web</strong>!<br></div><div class="battle-history"><small>A sticky web spreads out on the ground around your team!</small><br></div><div class="spacer battle-history"><br></div><div class="battle-history">Xatu used <strong>Psychic</strong>!<br></div><div class="battle-history"><small>(The opposing Smeargle lost <abbr title="−192/313">61.3%</abbr> of its health!)</small><br></div><div class="spacer battle-history"><br></div><h2 class="battle-history">Turn 8</h2><div class="chat"><small>Melodymania left.</small></div><div class="spacer battle-history"><br></div><div class="battle-history">The opposing Smeargle used <strong>Stealth Rock</strong>!<br></div><div class="battle-history"><small>Pointed stones float in the air around your team!</small><br></div><div class="spacer battle-history"><br></div><div class="battle-history">Xatu used <strong>Psychic</strong>!<br></div><div class="battle-history"><small>(The opposing Smeargle lost <abbr title="−121/313">38.7%</abbr> of its health!)</small><br></div><div class="spacer battle-history"><br></div><div class="battle-history">The opposing Smeargle fainted!<br></div><div class="chat"><small>Jarii joined.</small></div><div class="spacer battle-history"><br></div><div class="battle-history">Shadestep sent out <strong>Mismagius</strong>!<br></div><div class="spacer battle-history"><br></div><h2 class="battle-history">Turn 9</h2><div class="chat"><small>SolidSweeps joined.</small></div><div class="spacer battle-history"><br></div><div class="battle-history">Xatu, come back!<br></div><div class="battle-history">Go! <strong>Floatzel</strong>!<br></div><div class="battle-history"><small>Floatzel was caught in a sticky web!</small><br></div><div class="battle-history"><small>Floatzel's Speed fell!</small><br></div><div class="battle-history"><small>Pointed stones dug into Floatzel!</small><br></div><div class="spacer battle-history"><br></div><div class="battle-history">The opposing Mismagius used <strong>Shadow Ball</strong>!<br></div><div class="battle-history"><small>(Floatzel lost <abbr title="−166/311">53.4%</abbr> of its health!)</small><br></div><div class="spacer battle-history"><br></div><div class="battle-history">Floatzel fainted!<br></div><div class="chat chatmessage-jarii"><strong style="color:hsl(310,42%,50.9489615405014%)"><small>+</small><span class="username" data-name="Jarii">Jarii</span>:</strong> <em>Eternally</em></div><div class="spacer battle-history"><br></div><div class="battle-history">Go! <strong>Gurdurr</strong>!<br></div><div class="battle-history"><small>Pointed stones dug into Gurdurr!</small><br></div><div class="battle-history"><small>Gurdurr was caught in a sticky web!</small><br></div><div class="battle-history"><small>Gurdurr's Speed fell!</small><br></div><div class="spacer battle-history"><br></div><h2 class="battle-history">Turn 10</h2><div class="chat chatmessage-eternally"><strong style="color:hsl(110,78%,33%)"><small>★</small><span class="username" data-name="eternally">eternally</span>:</strong> <em>hi</em></div><div class="chat chatmessage-jarii"><strong style="color:hsl(310,42%,50.9489615405014%)"><small>+</small><span class="username" data-name="Jarii">Jarii</span>:</strong> <em>How did smeargle get hazards up</em></div><div class="chat chatmessage-jarii"><strong style="color:hsl(310,42%,50.9489615405014%)"><small>+</small><span class="username" data-name="Jarii">Jarii</span>:</strong> <em>Vs xatu</em></div><div class="chat chatmessage-eternally"><strong style="color:hsl(110,78%,33%)"><small>★</small><span class="username" data-name="eternally">eternally</span>:</strong> <em>skill swap</em></div><div class="spacer battle-history"><br></div><div class="battle-history">The opposing Mismagius used <strong>Taunt</strong>!<br></div><div class="battle-history"><small>Gurdurr fell for the taunt!</small><br></div><div class="spacer battle-history"><br></div><div class="battle-history">Gurdurr used <strong>Knock Off</strong>!<br></div><div class="battle-history"><small>It's super effective!</small><br></div><div class="battle-history"><small>The opposing Mismagius ate its Colbur Berry!</small><br></div><div class="battle-history"><small>The Colbur Berry weakened the damage to the opposing Mismagius!</small><br></div><div class="battle-history"><small>(The opposing Mismagius lost <abbr title="−154/323">47.7%</abbr> of its health!)</small><br></div><div class="spacer battle-history"><br></div><h2 class="battle-history">Turn 11</h2><div class="chat chatmessage-jarii"><strong style="color:hsl(310,42%,50.9489615405014%)"><small>+</small><span class="username" data-name="Jarii">Jarii</span>:</strong> <em>You didn't predict that</em></div><div class="chat chatmessage-jarii"><strong style="color:hsl(310,42%,50.9489615405014%)"><small>+</small><span class="username" data-name="Jarii">Jarii</span>:</strong> <em>sigh</em></div><div class="chat"><small>SolidSweeps left.</small></div><div class="chat chatmessage-eternally"><strong style="color:hsl(110,78%,33%)"><small>★</small><span class="username" data-name="eternally">eternally</span>:</strong> <em>doesnt matter the team is slow already or levitates / has clear body</em></div><div class="spacer battle-history"><br></div><div class="battle-history">The opposing Mismagius used <strong>Pain Split</strong>!<br></div><div class="battle-history"><small>The battlers shared their pain!</small><br></div><div class="spacer battle-history"><br></div><div class="battle-history">Gurdurr used <strong>Knock Off</strong>!<br></div><div class="battle-history"><small>It's super effective!</small><br></div><div class="battle-history"><small>(The opposing Mismagius lost <abbr title="−177/323">54.8%</abbr> of its health!)</small><br></div><div class="spacer battle-history"><br></div><div class="battle-history">The opposing Mismagius fainted!<br></div><div class="spacer battle-history"><br></div><div class="battle-history">Shadestep sent out <strong>Floatzel</strong>!<br></div><div class="spacer battle-history"><br></div><h2 class="battle-history">Turn 12</h2><div class="spacer battle-history"><br></div><div class="battle-history">Gurdurr used <strong>Mach Punch</strong>!<br></div><div class="battle-history"><small>(The opposing Floatzel lost <abbr title="−99/311">31.8%</abbr> of its health!)</small><br></div><div class="spacer battle-history"><br></div><div class="battle-history">The opposing Floatzel used <strong>Hydro Pump</strong>!<br></div><div class="battle-history"><small>(Gurdurr lost <abbr title="−177/374">47.3%</abbr> of its health!)</small><br></div><div class="battle-history"><small>The opposing Floatzel lost some of its HP!</small><br></div><div class="spacer battle-history"><br></div><div class="battle-history">Gurdurr fainted!<br></div><div class="spacer battle-history"><br></div><div class="battle-history">Go! <strong>Vileplume</strong>!<br></div><div class="battle-history"><small>Vileplume was caught in a sticky web!</small><br></div><div class="battle-history"><small>Vileplume's Speed fell!</small><br></div><div class="battle-history"><small>Pointed stones dug into Vileplume!</small><br></div><div class="spacer battle-history"><br></div><h2 class="battle-history">Turn 13</h2><div class="chat"><small>Melodymania joined.</small></div><div class="spacer battle-history"><br></div><div class="battle-history">The opposing Floatzel used <strong>Ice Beam</strong>!<br></div><div class="battle-history"><small>It's super effective!</small><br></div><div class="battle-history"><small>(Vileplume lost <abbr title="−244/354">68.9%</abbr> of its health!)</small><br></div><div class="battle-history"><small>The opposing Floatzel lost some of its HP!</small><br></div><div class="spacer battle-history"><br></div><div class="battle-history">Vileplume used <strong>Giga Drain</strong>!<br></div><div class="battle-history"><small>It's super effective!</small><br></div><div class="battle-history"><small>(The opposing Floatzel lost <abbr title="−150/311">48.2%</abbr> of its health!)</small><br></div><div class="battle-history"><small>The opposing Floatzel had its energy drained!</small><br></div><div class="spacer battle-history"><br></div><div class="battle-history">The opposing Floatzel fainted!<br></div><div class="spacer battle-history"><br></div><div class="battle-history"><small>Vileplume restored a little HP using its Black Sludge!</small><br></div><div class="spacer battle-history"><br></div><div class="battle-history">Shadestep sent out <strong>Combusken</strong>!<br></div><div class="spacer battle-history"><br></div><h2 class="battle-history">Turn 14</h2><div class="spacer battle-history"><br></div><div class="battle-history">The opposing Combusken used <strong>Swords Dance</strong>!<br></div><div class="battle-history"><small>The opposing Combusken's Attack rose sharply!</small><br></div><div class="spacer battle-history"><br></div><div class="battle-history">Vileplume used <strong>Sludge Bomb</strong>!<br></div><div class="battle-history"><small>(The opposing Combusken lost <abbr title="−117/261">44.8%</abbr> of its health!)</small><br></div><div class="spacer battle-history"><br></div><div class="battle-history"><small>Vileplume restored a little HP using its Black Sludge!</small><br></div><div class="battle-history"><small>[The opposing Combusken's Speed Boost]</small><br></div><div class="battle-history"><small>The opposing Combusken's Speed rose!</small><br></div><div class="spacer battle-history"><br></div><h2 class="battle-history">Turn 15</h2><div class="spacer battle-history"><br></div><div class="battle-history">The opposing Combusken used <strong>Flare Blitz</strong>!<br></div><div class="battle-history"><small>It's super effective!</small><br></div><div class="battle-history"><small>(Vileplume lost <abbr title="−185/354">52.3%</abbr> of its health!)</small><br></div><div class="battle-history"><small>[Vileplume's Effect Spore]</small><br><small>The opposing Combusken was poisoned!</small><br></div><div class="battle-history"><small>The opposing Combusken is damaged by the recoil!</small><br></div><div class="spacer battle-history"><br></div><div class="battle-history">Vileplume fainted!<br></div><div class="spacer battle-history"><br></div><div class="battle-history"><small>The opposing Combusken was hurt by poison!</small><br></div><div class="battle-history"><small>[The opposing Combusken's Speed Boost]</small><br></div><div class="battle-history"><small>The opposing Combusken's Speed rose!</small><br></div><div class="spacer battle-history"><br></div><div class="battle-history">Go! <strong>Xatu</strong>!<br></div><div class="battle-history"><small>Pointed stones dug into Xatu!</small><br></div><div class="spacer battle-history"><br></div><h2 class="battle-history">Turn 16</h2><div class="chat chatmessage-shadestep"><strong style="color:hsl(348,69%,49.13556749513967%)"><small>★</small><span class="username" data-name="Shadestep">Shadestep</span>:</strong> <em>f</em></div><div class="spacer battle-history"><br></div><div class="battle-history">The opposing Combusken used <strong>Flare Blitz</strong>!<br></div><div class="battle-history"><small>(Xatu lost <abbr title="−104/334">31.1%</abbr> of its health!)</small><br></div><div class="battle-history"><small>The opposing Combusken was hurt by the Rocky Helmet!</small><br></div><div class="battle-history"><small>The opposing Combusken is damaged by the recoil!</small><br></div><div class="spacer battle-history"><br></div><div class="battle-history">Xatu fainted!<br></div><div class="battle-history">The opposing Combusken fainted!<br></div><div class="chat chatmessage-eternally"><strong style="color:hsl(110,78%,33%)"><small>★</small><span class="username" data-name="eternally">eternally</span>:</strong> <em>f</em></div><div class="spacer battle-history"><br></div><div class="battle-history">Shadestep sent out <strong>Pinsir</strong>!<br></div><div class="spacer battle-history"><br></div><div class="battle-history">Go! <strong>Rhydon</strong>!<br></div><div class="battle-history"><small>[The opposing Pinsir's Mold Breaker]</small><br><small>The opposing Pinsir breaks the mold!</small><br></div><div class="battle-history"><small>Rhydon was caught in a sticky web!</small><br></div><div class="battle-history"><small>Rhydon's Speed fell!</small><br></div><div class="battle-history"><small>Pointed stones dug into Rhydon!</small><br></div><div class="spacer battle-history"><br></div><h2 class="battle-history">Turn 17</h2><div class="spacer battle-history"><br></div><div class="battle-history">The opposing Pinsir used <strong>Swords Dance</strong>!<br></div><div class="battle-history"><small>The opposing Pinsir's Attack rose sharply!</small><br></div><div class="spacer battle-history"><br></div><div class="battle-history">Rhydon used <strong>Stone Edge</strong>!<br></div><div class="battle-history"><small>It's super effective!</small><br></div><div class="battle-history"><small>(The opposing Pinsir lost <abbr title="−271/271">100%</abbr> of its health!)</small><br></div><div class="spacer battle-history"><br></div><div class="battle-history">The opposing Pinsir fainted!<br></div><div class="spacer battle-history"><br></div><div class="battle-history"><strong>eternally</strong> won the battle!<br></div><div class="chat chatmessage-shadestep"><strong style="color:hsl(348,69%,49.13556749513967%)"><small>★</small><span class="username" data-name="Shadestep">Shadestep</span>:</strong> <em>dodge</em></div><div class="chat chatmessage-eternally"><strong style="color:hsl(110,78%,33%)"><small>★</small><span class="username" data-name="eternally">eternally</span>:</strong> <em>gg</em></div><div class="chat chatmessage-shadestep"><strong style="color:hsl(348,69%,49.13556749513967%)"><small>★</small><span class="username" data-name="Shadestep">Shadestep</span>:</strong> <em>twice</em></div></div><div class="inner-preempt"></div></div></div>
</div>
<script>
let daily = Math.floor(Date.now()/1000/60/60/24);document.write('<script src="https://play.pokemonshowdown.com/js/replay-embed.js?version'+daily+'"></'+'script>');
</script>
