<!DOCTYPE html>
<meta charset="utf-8" />
<!-- version 1 -->
<title>NU replay: martinbon vs. Astam Tepes</title>
<style>
html,body {font-family:Verdana, sans-serif;font-size:10pt;margin:0;padding:0;}body{padding:12px 0;} .battle-log {font-family:Verdana, sans-serif;font-size:10pt;} .battle-log-inline {border:1px solid #AAAAAA;background:#EEF2F5;color:black;max-width:640px;margin:0 auto 80px;padding-bottom:5px;} .battle-log .inner {padding:4px 8px 0px 8px;} .battle-log .inner-preempt {padding:0 8px 4px 8px;} .battle-log .inner-after {margin-top:0.5em;} .battle-log h2 {margin:0.5em -8px;padding:4px 8px;border:1px solid #AAAAAA;background:#E0E7EA;border-left:0;border-right:0;font-family:Verdana, sans-serif;font-size:13pt;} .battle-log .chat {vertical-align:middle;padding:3px 0 3px 0;font-size:8pt;} .battle-log .chat strong {color:#40576A;} .battle-log .chat em {padding:1px 4px 1px 3px;color:#000000;font-style:normal;} .chat.mine {background:rgba(0,0,0,0.05);margin-left:-8px;margin-right:-8px;padding-left:8px;padding-right:8px;} .spoiler {color:#BBBBBB;background:#BBBBBB;padding:0px 3px;} .spoiler:hover, .spoiler:active, .spoiler-shown {color:#000000;background:#E2E2E2;padding:0px 3px;} .spoiler a {color:#BBBBBB;} .spoiler:hover a, .spoiler:active a, .spoiler-shown a {color:#2288CC;} .chat code, .chat .spoiler:hover code, .chat .spoiler:active code, .chat .spoiler-shown code {border:1px solid #C0C0C0;background:#EEEEEE;color:black;padding:0 2px;} .chat .spoiler code {border:1px solid #CCCCCC;background:#CCCCCC;color:#CCCCCC;} .battle-log .rated {padding:3px 4px;} .battle-log .rated strong {color:white;background:#89A;padding:1px 4px;border-radius:4px;} .spacer {margin-top:0.5em;} .message-announce {background:#6688AA;color:white;padding:1px 4px 2px;} .message-announce a, .broadcast-green a, .broadcast-blue a, .broadcast-red a {color:#DDEEFF;} .broadcast-green {background-color:#559955;color:white;padding:2px 4px;} .broadcast-blue {background-color:#6688AA;color:white;padding:2px 4px;} .infobox {border:1px solid #6688AA;padding:2px 4px;} .infobox-limited {max-height:200px;overflow:auto;overflow-x:hidden;} .broadcast-red {background-color:#AA5544;color:white;padding:2px 4px;} .message-learn-canlearn {font-weight:bold;color:#228822;text-decoration:underline;} .message-learn-cannotlearn {font-weight:bold;color:#CC2222;text-decoration:underline;} .message-effect-weak {font-weight:bold;color:#CC2222;} .message-effect-resist {font-weight:bold;color:#6688AA;} .message-effect-immune {font-weight:bold;color:#666666;} .message-learn-list {margin-top:0;margin-bottom:0;} .message-throttle-notice, .message-error {color:#992222;} .message-overflow, .chat small.message-overflow {font-size:0pt;} .message-overflow::before {font-size:9pt;content:'...';} .subtle {color:#3A4A66;}
</style>
<div class="wrapper replay-wrapper" style="max-width:1180px;margin:0 auto">
<input type="hidden" name="replayid" value="nu-513574152" />
<div class="battle"></div><div class="battle-log"></div><div class="replay-controls"></div><div class="replay-controls-2"></div>
<h1 style="font-weight:normal;text-align:center"><strong>NU</strong><br /><a href="http://pokemonshowdown.com/users/martinbon" class="subtle" target="_blank">martinbon</a> vs. <a href="http://pokemonshowdown.com/users/astamtepes" class="subtle" target="_blank">Astam Tepes</a></h1>
<script type="text/plain" class="battle-log-data">|j|martinbon
|j|Astam Tepes
|player|p1|martinbon|102
|player|p2|Astam Tepes|50
|gametype|singles
|gen|6
|tier|NU
|rated
|seed|7755,44308,26009,15737
|rule|Sleep Clause Mod: Limit one foe put to sleep
|rule|Species Clause: Limit one of each Pokémon
|rule|OHKO Clause: OHKO moves are banned
|rule|Moody Clause: Moody is banned
|rule|Evasion Moves Clause: Evasion moves are banned
|rule|Endless Battle Clause: Forcing endless battles is banned
|rule|HP Percentage Mod: HP is shown in percentages
|clearpoke
|poke|p1|Barbaracle, M, shiny|item
|poke|p1|Regirock, shiny|item
|poke|p1|Mantine, M, shiny|
|poke|p1|Magmortar, M, shiny|item
|poke|p1|Exeggutor, F, shiny|item
|poke|p1|Mesprit, shiny|item
|poke|p2|Torterra, M|item
|poke|p2|Magmortar, M|item
|poke|p2|Mismagius, M|item
|poke|p2|Skuntank, M|item
|poke|p2|Mantine, F|item
|poke|p2|Regirock, shiny|item
|rule|Swagger Clause: Swagger is banned
|rule|Baton Pass Clause: Limit one Baton Passer, can't pass Spe and other stats simultaneously
|teampreview
|choice|team 2, team 1, team 3, team 4, team 5, team 6|team 1, team 2, team 3, team 4, team 5, team 6
|
|start
|switch|p1a: Regirock|Regirock, shiny|364\/364
|switch|p2a: Torterra|Torterra, M|394\/394
|turn|1
|j|itrymybestto
|choice|switch 4|move stealthrock
|
|switch|p1a: Magmortar|Magmortar, M, shiny|291\/291
|move|p2a: Torterra|Stealth Rock|p1a: Magmortar
|-sidestart|p1: martinbon|move: Stealth Rock
|
|upkeep
|turn|2
|choice|move thunderbolt|switch 5
|
|switch|p2a: Démanta|Mantine, F|334\/334
|move|p1a: Magmortar|Thunderbolt|p2a: Démanta
|-supereffective|p2a: Démanta
|-crit|p2a: Démanta
|-damage|p2a: Démanta|0 fnt
|faint|p2a: Démanta
|
|upkeep
|choice||switch 6
|
|switch|p2a: Regirock|Regirock, shiny|364\/364
|turn|3
|choice|switch 3|move stoneedge
|
|switch|p1a: Mantine|Mantine, M, shiny|334\/334
|-damage|p1a: Mantine|251\/334|[from] Stealth Rock
|move|p2a: Regirock|Stone Edge|p1a: Mantine
|-supereffective|p1a: Mantine
|-crit|p1a: Mantine
|-damage|p1a: Mantine|0 fnt
|faint|p1a: Mantine
|
|upkeep
|choice|switch 5|
|
|switch|p1a: Exeggutor|Exeggutor, F, shiny|394\/394
|-damage|p1a: Exeggutor|345\/394|[from] Stealth Rock
|turn|4
|choice|move reflect|switch 4
|
|switch|p2a: Moufflair|Skuntank, M|347\/347
|move|p1a: Exeggutor|Reflect|p1a: Exeggutor
|-sidestart|p1: martinbon|Reflect
|
|upkeep
|turn|5
|choice|move lightscreen|move taunt
|
|move|p2a: Moufflair|Taunt|p1a: Exeggutor
|-start|p1a: Exeggutor|move: Taunt
|cant|p1a: Exeggutor|move: Taunt|Light Screen
|
|upkeep
|turn|6
|choice|move explosion|move suckerpunch
|
|move|p2a: Moufflair|Sucker Punch|p1a: Exeggutor
|-supereffective|p1a: Exeggutor
|-damage|p1a: Exeggutor|249\/394
|move|p1a: Exeggutor|Explosion|p2a: Moufflair
|-crit|p2a: Moufflair
|-damage|p2a: Moufflair|24\/347
|faint|p1a: Exeggutor
|
|-heal|p2a: Moufflair|45\/347|[from] item: Black Sludge
|upkeep
|choice|switch 2|
|
|switch|p1a: Barbaracle|Barbaracle, M, shiny|348\/348
|-damage|p1a: Barbaracle|305\/348|[from] Stealth Rock
|turn|7
|choice|move shellsmash|move suckerpunch
|
|move|p2a: Moufflair|Sucker Punch|p1a: Barbaracle|[still]
|-fail|p2a: Moufflair
|move|p1a: Barbaracle|Shell Smash|p1a: Barbaracle
|-unboost|p1a: Barbaracle|def|1
|-unboost|p1a: Barbaracle|spd|1
|-boost|p1a: Barbaracle|atk|2
|-boost|p1a: Barbaracle|spa|2
|-boost|p1a: Barbaracle|spe|2
|
|-heal|p2a: Moufflair|66\/347|[from] item: Black Sludge
|upkeep
|turn|8
|choice|move shellsmash|move suckerpunch
|
|move|p2a: Moufflair|Sucker Punch|p1a: Barbaracle|[still]
|-fail|p2a: Moufflair
|move|p1a: Barbaracle|Shell Smash|p1a: Barbaracle
|-unboost|p1a: Barbaracle|def|1
|-unboost|p1a: Barbaracle|spd|1
|-boost|p1a: Barbaracle|atk|2
|-boost|p1a: Barbaracle|spa|2
|-boost|p1a: Barbaracle|spe|2
|
|-heal|p2a: Moufflair|87\/347|[from] item: Black Sludge
|upkeep
|turn|9
|choice|move shellsmash|move suckerpunch
|
|move|p2a: Moufflair|Sucker Punch|p1a: Barbaracle|[still]
|-fail|p2a: Moufflair
|move|p1a: Barbaracle|Shell Smash|p1a: Barbaracle
|-unboost|p1a: Barbaracle|def|1
|-unboost|p1a: Barbaracle|spd|1
|-boost|p1a: Barbaracle|atk|2
|-boost|p1a: Barbaracle|spa|2
|-boost|p1a: Barbaracle|spe|2
|
|-heal|p2a: Moufflair|108\/347|[from] item: Black Sludge
|upkeep
|turn|10
|choice|move shellsmash|move suckerpunch
|
|move|p2a: Moufflair|Sucker Punch|p1a: Barbaracle|[still]
|-fail|p2a: Moufflair
|move|p1a: Barbaracle|Shell Smash|p1a: Barbaracle
|-unboost|p1a: Barbaracle|def|1
|-unboost|p1a: Barbaracle|spd|1
|-boost|p1a: Barbaracle|atk|0
|-boost|p1a: Barbaracle|spa|0
|-boost|p1a: Barbaracle|spe|0
|
|-heal|p2a: Moufflair|129\/347|[from] item: Black Sludge
|upkeep
|turn|11
|choice|move shellsmash|move suckerpunch
|
|move|p2a: Moufflair|Sucker Punch|p1a: Barbaracle|[still]
|-fail|p2a: Moufflair
|move|p1a: Barbaracle|Shell Smash|p1a: Barbaracle
|-unboost|p1a: Barbaracle|def|1
|-unboost|p1a: Barbaracle|spd|1
|-boost|p1a: Barbaracle|atk|0
|-boost|p1a: Barbaracle|spa|0
|-boost|p1a: Barbaracle|spe|0
|
|-heal|p2a: Moufflair|150\/347|[from] item: Black Sludge
|-sideend|p1: martinbon|Reflect
|upkeep
|turn|12
|choice|move shellsmash|move suckerpunch
|
|move|p2a: Moufflair|Sucker Punch|p1a: Barbaracle|[still]
|-fail|p2a: Moufflair
|move|p1a: Barbaracle|Shell Smash|p1a: Barbaracle
|-unboost|p1a: Barbaracle|def|1
|-unboost|p1a: Barbaracle|spd|1
|-boost|p1a: Barbaracle|atk|0
|-boost|p1a: Barbaracle|spa|0
|-boost|p1a: Barbaracle|spe|0
|
|-heal|p2a: Moufflair|171\/347|[from] item: Black Sludge
|upkeep
|turn|13
|choice|move earthquake|move suckerpunch
|
|move|p2a: Moufflair|Sucker Punch|p1a: Barbaracle
|-damage|p1a: Barbaracle|0 fnt
|faint|p1a: Barbaracle
|
|-heal|p2a: Moufflair|192\/347|[from] item: Black Sludge
|upkeep
|-message|martinbon forfeited.
|
|win|Astam Tepes
|player|p1
|player|p2
|l|martinbon</script>
</div>
<div class="battle-log battle-log-inline"><div class="inner"><div class="battle-options"></div><div class="inner"><div class="chat"><small>martinbon joined.</small></div><div class="chat"><small>Astam Tepes joined.</small></div><div class=""><small>Format:</small> <br><strong>NU</strong></div><div class="rated"><strong>Rated battle</strong></div><div class=""><small><em>Sleep Clause Mod:</em> Limit one foe put to sleep</small></div><div class=""><small><em>Species Clause:</em> Limit one of each Pokémon</small></div><div class=""><small><em>OHKO Clause:</em> OHKO moves are banned</small></div><div class=""><small><em>Moody Clause:</em> Moody is banned</small></div><div class=""><small><em>Evasion Moves Clause:</em> Evasion moves are banned</small></div><div class=""><small><em>Endless Battle Clause:</em> Forcing endless battles is banned</small></div><div class=""><small><em>HP Percentage Mod:</em> HP is shown in percentages</small></div><div class=""><small><em>Swagger Clause:</em> Swagger is banned</small></div><div class=""><small><em>Baton Pass Clause:</em> Limit one Baton Passer, can't pass Spe and other stats simultaneously</small></div><div class="chat battle-history"><strong>martinbon's team:</strong> <em style="color:#445566;display:block;">Barbaracle / Regirock / Mantine / Magmortar / Exeggutor / Mesprit</em></div><div class="chat battle-history"><strong>Astam Tepes's team:</strong> <em style="color:#445566;display:block;">Torterra / Magmortar / Mismagius / Skuntank / Mantine / Regirock</em></div><div class="spacer battle-history"><br></div><div class="battle-history">Battle started between martinbon and Astam Tepes!<br></div><div class="spacer battle-history"><br></div><div class="battle-history">Go! <strong>Regirock</strong>!<br></div><div class="spacer battle-history"><br></div><div class="battle-history">Astam Tepes sent out <strong>Torterra</strong>!<br></div><div class="spacer battle-history"><br></div><h2 class="battle-history">Turn 1</h2><div class="chat"><small>itrymybestto joined.</small></div><div class="spacer battle-history"><br></div><div class="battle-history">Regirock, come back!<br></div><div class="battle-history">Go! <strong>Magmortar</strong>!<br></div><div class="spacer battle-history"><br></div><div class="battle-history">The opposing Torterra used <strong>Stealth Rock</strong>!<br></div><div class="battle-history"><small>Pointed stones float in the air around your team!</small><br></div><div class="spacer battle-history"><br></div><h2 class="battle-history">Turn 2</h2><div class="spacer battle-history"><br></div><div class="battle-history">Astam Tepes withdrew Torterra!<br></div><div class="battle-history">Astam Tepes sent out Démanta (<strong>Mantine</strong>)!<br></div><div class="spacer battle-history"><br></div><div class="battle-history">Magmortar used <strong>Thunderbolt</strong>!<br></div><div class="battle-history"><small>It's super effective!</small><br></div><div class="battle-history"><small>A critical hit!</small><br></div><div class="battle-history"><small>(The opposing Démanta lost <abbr title="−334/334">100%</abbr> of its health!)</small><br></div><div class="spacer battle-history"><br></div><div class="battle-history">The opposing Démanta fainted!<br></div><div class="spacer battle-history"><br></div><div class="battle-history">Astam Tepes sent out <strong>Regirock</strong>!<br></div><div class="spacer battle-history"><br></div><h2 class="battle-history">Turn 3</h2><div class="spacer battle-history"><br></div><div class="battle-history">Magmortar, come back!<br></div><div class="battle-history">Go! <strong>Mantine</strong>!<br></div><div class="battle-history"><small>Pointed stones dug into Mantine!</small><br></div><div class="spacer battle-history"><br></div><div class="battle-history">The opposing Regirock used <strong>Stone Edge</strong>!<br></div><div class="battle-history"><small>It's super effective!</small><br></div><div class="battle-history"><small>A critical hit!</small><br></div><div class="battle-history"><small>(Mantine lost <abbr title="−251/334">75.1%</abbr> of its health!)</small><br></div><div class="spacer battle-history"><br></div><div class="battle-history">Mantine fainted!<br></div><div class="spacer battle-history"><br></div><div class="battle-history">Go! <strong>Exeggutor</strong>!<br></div><div class="battle-history"><small>Pointed stones dug into Exeggutor!</small><br></div><div class="spacer battle-history"><br></div><h2 class="battle-history">Turn 4</h2><div class="spacer battle-history"><br></div><div class="battle-history">Astam Tepes withdrew Regirock!<br></div><div class="battle-history">Astam Tepes sent out Moufflair (<strong>Skuntank</strong>)!<br></div><div class="spacer battle-history"><br></div><div class="battle-history">Exeggutor used <strong>Reflect</strong>!<br></div><div class="battle-history"><small>Reflect made your team stronger against physical moves!</small><br></div><div class="spacer battle-history"><br></div><h2 class="battle-history">Turn 5</h2><div class="spacer battle-history"><br></div><div class="battle-history">The opposing Moufflair used <strong>Taunt</strong>!<br></div><div class="battle-history"><small>Exeggutor fell for the taunt!</small><br></div><div class="spacer battle-history"><br></div><div class="battle-history">Exeggutor can't use Light Screen after the taunt!<br></div><div class="spacer battle-history"><br></div><h2 class="battle-history">Turn 6</h2><div class="spacer battle-history"><br></div><div class="battle-history">The opposing Moufflair used <strong>Sucker Punch</strong>!<br></div><div class="battle-history"><small>It's super effective!</small><br></div><div class="battle-history"><small>(Exeggutor lost <abbr title="−96/394">24.4%</abbr> of its health!)</small><br></div><div class="spacer battle-history"><br></div><div class="battle-history">Exeggutor used <strong>Explosion</strong>!<br></div><div class="battle-history"><small>A critical hit!</small><br></div><div class="battle-history"><small>(The opposing Moufflair lost <abbr title="−323/347">93.1%</abbr> of its health!)</small><br></div><div class="spacer battle-history"><br></div><div class="battle-history">Exeggutor fainted!<br></div><div class="spacer battle-history"><br></div><div class="battle-history"><small>The opposing Moufflair restored a little HP using its Black Sludge!</small><br></div><div class="spacer battle-history"><br></div><div class="battle-history">Go! <strong>Barbaracle</strong>!<br></div><div class="battle-history"><small>Pointed stones dug into Barbaracle!</small><br></div><div class="spacer battle-history"><br></div><h2 class="battle-history">Turn 7</h2><div class="spacer battle-history"><br></div><div class="battle-history">The opposing Moufflair used <strong>Sucker Punch</strong>!<br></div><div class="battle-history"><small>But it failed!</small><br></div><div class="spacer battle-history"><br></div><div class="battle-history">Barbaracle used <strong>Shell Smash</strong>!<br></div><div class="battle-history"><small>Barbaracle's Defense fell!</small><br></div><div class="battle-history"><small>Barbaracle's Special Defense fell!</small><br></div><div class="battle-history"><small>Barbaracle's Attack rose sharply!</small><br></div><div class="battle-history"><small>Barbaracle's Special Attack rose sharply!</small><br></div><div class="battle-history"><small>Barbaracle's Speed rose sharply!</small><br></div><div class="spacer battle-history"><br></div><div class="battle-history"><small>The opposing Moufflair restored a little HP using its Black Sludge!</small><br></div><div class="spacer battle-history"><br></div><h2 class="battle-history">Turn 8</h2><div class="spacer battle-history"><br></div><div class="battle-history">The opposing Moufflair used <strong>Sucker Punch</strong>!<br></div><div class="battle-history"><small>But it failed!</small><br></div><div class="spacer battle-history"><br></div><div class="battle-history">Barbaracle used <strong>Shell Smash</strong>!<br></div><div class="battle-history"><small>Barbaracle's Defense fell!</small><br></div><div class="battle-history"><small>Barbaracle's Special Defense fell!</small><br></div><div class="battle-history"><small>Barbaracle's Attack rose sharply!</small><br></div><div class="battle-history"><small>Barbaracle's Special Attack rose sharply!</small><br></div><div class="battle-history"><small>Barbaracle's Speed rose sharply!</small><br></div><div class="spacer battle-history"><br></div><div class="battle-history"><small>The opposing Moufflair restored a little HP using its Black Sludge!</small><br></div><div class="spacer battle-history"><br></div><h2 class="battle-history">Turn 9</h2><div class="spacer battle-history"><br></div><div class="battle-history">The opposing Moufflair used <strong>Sucker Punch</strong>!<br></div><div class="battle-history"><small>But it failed!</small><br></div><div class="spacer battle-history"><br></div><div class="battle-history">Barbaracle used <strong>Shell Smash</strong>!<br></div><div class="battle-history"><small>Barbaracle's Defense fell!</small><br></div><div class="battle-history"><small>Barbaracle's Special Defense fell!</small><br></div><div class="battle-history"><small>Barbaracle's Attack rose sharply!</small><br></div><div class="battle-history"><small>Barbaracle's Special Attack rose sharply!</small><br></div><div class="battle-history"><small>Barbaracle's Speed rose sharply!</small><br></div><div class="spacer battle-history"><br></div><div class="battle-history"><small>The opposing Moufflair restored a little HP using its Black Sludge!</small><br></div><div class="spacer battle-history"><br></div><h2 class="battle-history">Turn 10</h2><div class="spacer battle-history"><br></div><div class="battle-history">The opposing Moufflair used <strong>Sucker Punch</strong>!<br></div><div class="battle-history"><small>But it failed!</small><br></div><div class="spacer battle-history"><br></div><div class="battle-history">Barbaracle used <strong>Shell Smash</strong>!<br></div><div class="battle-history"><small>Barbaracle's Defense fell!</small><br></div><div class="battle-history"><small>Barbaracle's Special Defense fell!</small><br></div><div class="battle-history"><small>Barbaracle's Attack won't go any higher!</small><br></div><div class="battle-history"><small>Barbaracle's Special Attack won't go any higher!</small><br></div><div class="battle-history"><small>Barbaracle's Speed won't go any higher!</small><br></div><div class="spacer battle-history"><br></div><div class="battle-history"><small>The opposing Moufflair restored a little HP using its Black Sludge!</small><br></div><div class="spacer battle-history"><br></div><h2 class="battle-history">Turn 11</h2><div class="spacer battle-history"><br></div><div class="battle-history">The opposing Moufflair used <strong>Sucker Punch</strong>!<br></div><div class="battle-history"><small>But it failed!</small><br></div><div class="spacer battle-history"><br></div><div class="battle-history">Barbaracle used <strong>Shell Smash</strong>!<br></div><div class="battle-history"><small>Barbaracle's Defense fell!</small><br></div><div class="battle-history"><small>Barbaracle's Special Defense fell!</small><br></div><div class="battle-history"><small>Barbaracle's Attack won't go any higher!</small><br></div><div class="battle-history"><small>Barbaracle's Special Attack won't go any higher!</small><br></div><div class="battle-history"><small>Barbaracle's Speed won't go any higher!</small><br></div><div class="spacer battle-history"><br></div><div class="battle-history"><small>The opposing Moufflair restored a little HP using its Black Sludge!</small><br></div><div class="battle-history"><small>Your team's Reflect wore off!</small><br></div><div class="spacer battle-history"><br></div><h2 class="battle-history">Turn 12</h2><div class="spacer battle-history"><br></div><div class="battle-history">The opposing Moufflair used <strong>Sucker Punch</strong>!<br></div><div class="battle-history"><small>But it failed!</small><br></div><div class="spacer battle-history"><br></div><div class="battle-history">Barbaracle used <strong>Shell Smash</strong>!<br></div><div class="battle-history"><small>Barbaracle's Defense fell!</small><br></div><div class="battle-history"><small>Barbaracle's Special Defense fell!</small><br></div><div class="battle-history"><small>Barbaracle's Attack won't go any higher!</small><br></div><div class="battle-history"><small>Barbaracle's Special Attack won't go any higher!</small><br></div><div class="battle-history"><small>Barbaracle's Speed won't go any higher!</small><br></div><div class="spacer battle-history"><br></div><div class="battle-history"><small>The opposing Moufflair restored a little HP using its Black Sludge!</small><br></div><div class="spacer battle-history"><br></div><h2 class="battle-history">Turn 13</h2><div class="spacer battle-history"><br></div><div class="battle-history">The opposing Moufflair used <strong>Sucker Punch</strong>!<br></div><div class="battle-history"><small>(Barbaracle lost <abbr title="−305/348">87.6%</abbr> of its health!)</small><br></div><div class="spacer battle-history"><br></div><div class="battle-history">Barbaracle fainted!<br></div><div class="spacer battle-history"><br></div><div class="battle-history"><small>The opposing Moufflair restored a little HP using its Black Sludge!</small><br></div><div class="spacer battle-history"><br></div><div class="battle-history"><small>martinbon forfeited.</small><br></div><div class="spacer battle-history"><br></div><div class="battle-history"><strong>Astam Tepes</strong> won the battle!<br></div><div class="chat"><small>martinbon left.</small></div></div><div class="inner-preempt"></div></div></div>
</div>
<script>
let daily = Math.floor(Date.now()/1000/60/60/24);document.write('<script src="https://play.pokemonshowdown.com/js/replay-embed.js?version'+daily+'"></'+'script>');
</script>
