<!DOCTYPE html>
<meta charset="utf-8" />
<!-- version 1 -->
<title>NU replay: Shaymin756 vs. Andrew_Loquisho</title>
<style>
html,body {font-family:Verdana, sans-serif;font-size:10pt;margin:0;padding:0;}body{padding:12px 0;} .battle-log {font-family:Verdana, sans-serif;font-size:10pt;} .battle-log-inline {border:1px solid #AAAAAA;background:#EEF2F5;color:black;max-width:640px;margin:0 auto 80px;padding-bottom:5px;} .battle-log .inner {padding:4px 8px 0px 8px;} .battle-log .inner-preempt {padding:0 8px 4px 8px;} .battle-log .inner-after {margin-top:0.5em;} .battle-log h2 {margin:0.5em -8px;padding:4px 8px;border:1px solid #AAAAAA;background:#E0E7EA;border-left:0;border-right:0;font-family:Verdana, sans-serif;font-size:13pt;} .battle-log .chat {vertical-align:middle;padding:3px 0 3px 0;font-size:8pt;} .battle-log .chat strong {color:#40576A;} .battle-log .chat em {padding:1px 4px 1px 3px;color:#000000;font-style:normal;} .chat.mine {background:rgba(0,0,0,0.05);margin-left:-8px;margin-right:-8px;padding-left:8px;padding-right:8px;} .spoiler {color:#BBBBBB;background:#BBBBBB;padding:0px 3px;} .spoiler:hover, .spoiler:active, .spoiler-shown {color:#000000;background:#E2E2E2;padding:0px 3px;} .spoiler a {color:#BBBBBB;} .spoiler:hover a, .spoiler:active a, .spoiler-shown a {color:#2288CC;} .chat code, .chat .spoiler:hover code, .chat .spoiler:active code, .chat .spoiler-shown code {border:1px solid #C0C0C0;background:#EEEEEE;color:black;padding:0 2px;} .chat .spoiler code {border:1px solid #CCCCCC;background:#CCCCCC;color:#CCCCCC;} .battle-log .rated {padding:3px 4px;} .battle-log .rated strong {color:white;background:#89A;padding:1px 4px;border-radius:4px;} .spacer {margin-top:0.5em;} .message-announce {background:#6688AA;color:white;padding:1px 4px 2px;} .message-announce a, .broadcast-green a, .broadcast-blue a, .broadcast-red a {color:#DDEEFF;} .broadcast-green {background-color:#559955;color:white;padding:2px 4px;} .broadcast-blue {background-color:#6688AA;color:white;padding:2px 4px;} .infobox {border:1px solid #6688AA;padding:2px 4px;} .infobox-limited {max-height:200px;overflow:auto;overflow-x:hidden;} .broadcast-red {background-color:#AA5544;color:white;padding:2px 4px;} .message-learn-canlearn {font-weight:bold;color:#228822;text-decoration:underline;} .message-learn-cannotlearn {font-weight:bold;color:#CC2222;text-decoration:underline;} .message-effect-weak {font-weight:bold;color:#CC2222;} .message-effect-resist {font-weight:bold;color:#6688AA;} .message-effect-immune {font-weight:bold;color:#666666;} .message-learn-list {margin-top:0;margin-bottom:0;} .message-throttle-notice, .message-error {color:#992222;} .message-overflow, .chat small.message-overflow {font-size:0pt;} .message-overflow::before {font-size:9pt;content:'...';} .subtle {color:#3A4A66;}
</style>
<div class="wrapper replay-wrapper" style="max-width:1180px;margin:0 auto">
<input type="hidden" name="replayid" value="nu-510666153" />
<div class="battle"></div><div class="battle-log"></div><div class="replay-controls"></div><div class="replay-controls-2"></div>
<h1 style="font-weight:normal;text-align:center"><strong>NU</strong><br /><a href="http://pokemonshowdown.com/users/shaymin756" class="subtle" target="_blank">Shaymin756</a> vs. <a href="http://pokemonshowdown.com/users/andrewloquisho" class="subtle" target="_blank">Andrew_Loquisho</a></h1>
<script type="text/plain" class="battle-log-data">|j|Shaymin756
|j|Andrew_Loquisho
|player|p1|Shaymin756|23
|player|p2|Andrew_Loquisho|173
|gametype|singles
|gen|6
|tier|NU
|rated
|seed|62845,29312,22172,28686
|rule|Sleep Clause Mod: Limit one foe put to sleep
|rule|Species Clause: Limit one of each Pokémon
|rule|OHKO Clause: OHKO moves are banned
|rule|Moody Clause: Moody is banned
|rule|Evasion Moves Clause: Evasion moves are banned
|rule|Endless Battle Clause: Forcing endless battles is banned
|rule|HP Percentage Mod: HP is shown in percentages
|clearpoke
|poke|p1|Scyther, F, shiny|item
|poke|p1|Vivillon-Polar, M, shiny|item
|poke|p1|Ferroseed, F|item
|poke|p1|Swellow, F, shiny|item
|poke|p1|Crustle, F, shiny|item
|poke|p1|Audino, M|item
|poke|p2|Meowstic, M|item
|poke|p2|Cleffa, F|item
|rule|Swagger Clause: Swagger is banned
|rule|Baton Pass Clause: Limit one Baton Passer, can't pass Spe and other stats simultaneously
|teampreview
|choice|team 5, team 2, team 3, team 4, team 1, team 6|team 1, team 2
|
|start
|switch|p1a: Crustle|Crustle, F, shiny|344\/344
|switch|p2a: ニャオニクス|Meowstic, M|289\/289
|turn|1
|choice|move earthquake|move barrier
|
|move|p2a: ニャオニクス|Barrier|p2a: ニャオニクス
|-boost|p2a: ニャオニクス|def|2
|move|p1a: Crustle|Earthquake|p2a: ニャオニクス
|-damage|p2a: ニャオニクス|225\/289
|
|-heal|p2a: ニャオニクス|243\/289|[from] item: Leftovers
|upkeep
|turn|2
|choice|move poisonjab|move calmmind
|
|move|p2a: ニャオニクス|Calm Mind|p2a: ニャオニクス
|-boost|p2a: ニャオニクス|spa|1
|-boost|p2a: ニャオニクス|spd|1
|move|p1a: Crustle|Poison Jab|p2a: ニャオニクス
|-crit|p2a: ニャオニクス
|-damage|p2a: ニャオニクス|86\/289
|
|-heal|p2a: ニャオニクス|104\/289|[from] item: Leftovers
|upkeep
|turn|3
|choice|move poisonjab|move assist
|
|move|p2a: ニャオニクス|Assist|p2a: ニャオニクス
|move|p2a: ニャオニクス|Stored Power|p1a: Crustle|[from]Assist
|-damage|p1a: Crustle|148\/344
|move|p1a: Crustle|Poison Jab|p2a: ニャオニクス
|-damage|p2a: ニャオニクス|56\/289
|-status|p2a: ニャオニクス|psn
|
|-heal|p2a: ニャオニクス|74\/289 psn|[from] item: Leftovers
|-heal|p1a: Crustle|169\/344|[from] item: Leftovers
|-damage|p2a: ニャオニクス|38\/289 psn|[from] psn
|upkeep
|turn|4
|choice|move poisonjab|move assist
|
|move|p2a: ニャオニクス|Assist|p2a: ニャオニクス
|move|p2a: ニャオニクス|Stored Power|p1a: Crustle|[from]Assist
|-damage|p1a: Crustle|0 fnt
|faint|p1a: Crustle
|
|-heal|p2a: ニャオニクス|56\/289 psn|[from] item: Leftovers
|-damage|p2a: ニャオニクス|20\/289 psn|[from] psn
|upkeep
|choice|switch 6|
|
|switch|p1a: Audino|Audino, M|409\/409
|turn|5
|choice|move drainpunch mega|move assist
|
|detailschange|p1a: Audino|Audino-Mega, M
|-mega|p1a: Audino|Audino|Audinite
|move|p2a: ニャオニクス|Assist|p2a: ニャオニクス
|move|p2a: ニャオニクス|Stored Power|p1a: Audino|[from]Assist
|-damage|p1a: Audino|279\/409
|move|p1a: Audino|Drain Punch|p2a: ニャオニクス
|-resisted|p2a: ニャオニクス
|-damage|p2a: ニャオニクス|7\/289 psn
|-heal|p1a: Audino|286\/409|[from] drain|[of] p2a: ニャオニクス
|
|-heal|p2a: ニャオニクス|25\/289 psn|[from] item: Leftovers
|-damage|p2a: ニャオニクス|0 fnt|[from] psn
|upkeep
|faint|p2a: ニャオニクス
|choice||switch 2
|
|switch|p2a: ピィ|Cleffa, F|303\/303
|turn|6
|choice|move dazzlinggleam|move storedpower
|
|move|p1a: Audino|Dazzling Gleam|p2a: ピィ
|-damage|p2a: ピィ|182\/303
|move|p2a: ピィ|Stored Power|p1a: Audino
|-damage|p1a: Audino|276\/409
|-damage|p2a: ピィ|152\/303|[from] item: Life Orb
|
|upkeep
|turn|7
|-message|Andrew_Loquisho forfeited.
|
|win|Shaymin756
|player|p1
|player|p2
|l|Andrew_Loquisho
|c|★Shaymin756|why is this a thing that happenes</script>
</div>
<div class="battle-log battle-log-inline"><div class="inner"><div class="battle-options"></div><div class="inner"><div class="chat"><small>Shaymin756 joined.</small></div><div class="chat"><small>Andrew_Loquisho joined.</small></div><div class=""><small>Format:</small> <br><strong>NU</strong></div><div class="rated"><strong>Rated battle</strong></div><div class=""><small><em>Sleep Clause Mod:</em> Limit one foe put to sleep</small></div><div class=""><small><em>Species Clause:</em> Limit one of each Pokémon</small></div><div class=""><small><em>OHKO Clause:</em> OHKO moves are banned</small></div><div class=""><small><em>Moody Clause:</em> Moody is banned</small></div><div class=""><small><em>Evasion Moves Clause:</em> Evasion moves are banned</small></div><div class=""><small><em>Endless Battle Clause:</em> Forcing endless battles is banned</small></div><div class=""><small><em>HP Percentage Mod:</em> HP is shown in percentages</small></div><div class=""><small><em>Swagger Clause:</em> Swagger is banned</small></div><div class=""><small><em>Baton Pass Clause:</em> Limit one Baton Passer, can't pass Spe and other stats simultaneously</small></div><div class="chat battle-history"><strong>Shaymin756's team:</strong> <em style="color:#445566;display:block;">Scyther / Vivillon-Polar / Ferroseed / Swellow / Crustle / Audino</em></div><div class="chat battle-history"><strong>Andrew_Loquisho's team:</strong> <em style="color:#445566;display:block;">Meowstic / Cleffa</em></div><div class="spacer battle-history"><br></div><div class="battle-history">Battle started between Shaymin756 and Andrew_Loquisho!<br></div><div class="spacer battle-history"><br></div><div class="battle-history">Go! <strong>Crustle</strong>!<br></div><div class="spacer battle-history"><br></div><div class="battle-history">Andrew_Loquisho sent out ニャオニクス (<strong>Meowstic</strong>)!<br></div><div class="spacer battle-history"><br></div><h2 class="battle-history">Turn 1</h2><div class="spacer battle-history"><br></div><div class="battle-history">The opposing ニャオニクス used <strong>Barrier</strong>!<br></div><div class="battle-history"><small>The opposing ニャオニクス's Defense rose sharply!</small><br></div><div class="spacer battle-history"><br></div><div class="battle-history">Crustle used <strong>Earthquake</strong>!<br></div><div class="battle-history"><small>(The opposing ニャオニクス lost <abbr title="−64/289">22.1%</abbr> of its health!)</small><br></div><div class="spacer battle-history"><br></div><div class="battle-history"><small>The opposing ニャオニクス restored a little HP using its Leftovers!</small><br></div><div class="spacer battle-history"><br></div><h2 class="battle-history">Turn 2</h2><div class="spacer battle-history"><br></div><div class="battle-history">The opposing ニャオニクス used <strong>Calm Mind</strong>!<br></div><div class="battle-history"><small>The opposing ニャオニクス's Special Attack rose!</small><br></div><div class="battle-history"><small>The opposing ニャオニクス's Special Defense rose!</small><br></div><div class="spacer battle-history"><br></div><div class="battle-history">Crustle used <strong>Poison Jab</strong>!<br></div><div class="battle-history"><small>A critical hit!</small><br></div><div class="battle-history"><small>(The opposing ニャオニクス lost <abbr title="−157/289">54.3%</abbr> of its health!)</small><br></div><div class="spacer battle-history"><br></div><div class="battle-history"><small>The opposing ニャオニクス restored a little HP using its Leftovers!</small><br></div><div class="spacer battle-history"><br></div><h2 class="battle-history">Turn 3</h2><div class="spacer battle-history"><br></div><div class="battle-history">The opposing ニャオニクス used <strong>Assist</strong>!<br></div><div class="spacer battle-history"><br></div><div class="battle-history">The opposing ニャオニクス used <strong>Stored Power</strong>!<br></div><div class="battle-history"><small>(Crustle lost <abbr title="−196/344">57.0%</abbr> of its health!)</small><br></div><div class="spacer battle-history"><br></div><div class="battle-history">Crustle used <strong>Poison Jab</strong>!<br></div><div class="battle-history"><small>(The opposing ニャオニクス lost <abbr title="−48/289">16.6%</abbr> of its health!)</small><br></div><div class="battle-history"><small>The opposing ニャオニクス was poisoned!</small><br></div><div class="spacer battle-history"><br></div><div class="battle-history"><small>The opposing ニャオニクス restored a little HP using its Leftovers!</small><br></div><div class="battle-history"><small>Crustle restored a little HP using its Leftovers!</small><br></div><div class="battle-history"><small>The opposing ニャオニクス was hurt by poison!</small><br></div><div class="spacer battle-history"><br></div><h2 class="battle-history">Turn 4</h2><div class="spacer battle-history"><br></div><div class="battle-history">The opposing ニャオニクス used <strong>Assist</strong>!<br></div><div class="spacer battle-history"><br></div><div class="battle-history">The opposing ニャオニクス used <strong>Stored Power</strong>!<br></div><div class="battle-history"><small>(Crustle lost <abbr title="−169/344">49.1%</abbr> of its health!)</small><br></div><div class="spacer battle-history"><br></div><div class="battle-history">Crustle fainted!<br></div><div class="spacer battle-history"><br></div><div class="battle-history"><small>The opposing ニャオニクス restored a little HP using its Leftovers!</small><br></div><div class="battle-history"><small>The opposing ニャオニクス was hurt by poison!</small><br></div><div class="spacer battle-history"><br></div><div class="battle-history">Go! <strong>Audino</strong>!<br></div><div class="spacer battle-history"><br></div><h2 class="battle-history">Turn 5</h2><div class="spacer battle-history"><br></div><div class="battle-history"><small>Audino's Audinite is reacting to Shaymin756's Mega Bracelet!</small><br>Audino has Mega Evolved into Mega Audino!<br></div><div class="spacer battle-history"><br></div><div class="battle-history">The opposing ニャオニクス used <strong>Assist</strong>!<br></div><div class="spacer battle-history"><br></div><div class="battle-history">The opposing ニャオニクス used <strong>Stored Power</strong>!<br></div><div class="battle-history"><small>(Audino lost <abbr title="−130/409">31.8%</abbr> of its health!)</small><br></div><div class="spacer battle-history"><br></div><div class="battle-history">Audino used <strong>Drain Punch</strong>!<br></div><div class="battle-history"><small>It's not very effective...</small><br></div><div class="battle-history"><small>(The opposing ニャオニクス lost <abbr title="−13/289">4.5%</abbr> of its health!)</small><br></div><div class="battle-history"><small>The opposing ニャオニクス had its energy drained!</small><br></div><div class="spacer battle-history"><br></div><div class="battle-history"><small>The opposing ニャオニクス restored a little HP using its Leftovers!</small><br></div><div class="battle-history"><small>The opposing ニャオニクス was hurt by poison!</small><br></div><div class="spacer battle-history"><br></div><div class="battle-history">The opposing ニャオニクス fainted!<br></div><div class="spacer battle-history"><br></div><div class="battle-history">Andrew_Loquisho sent out ピィ (<strong>Cleffa</strong>)!<br></div><div class="spacer battle-history"><br></div><h2 class="battle-history">Turn 6</h2><div class="spacer battle-history"><br></div><div class="battle-history">Audino used <strong>Dazzling Gleam</strong>!<br></div><div class="battle-history"><small>(The opposing ピィ lost <abbr title="−121/303">39.9%</abbr> of its health!)</small><br></div><div class="spacer battle-history"><br></div><div class="battle-history">The opposing ピィ used <strong>Stored Power</strong>!<br></div><div class="battle-history"><small>(Audino lost <abbr title="−10/409">2.4%</abbr> of its health!)</small><br></div><div class="battle-history"><small>The opposing ピィ lost some of its HP!</small><br></div><div class="spacer battle-history"><br></div><h2 class="battle-history">Turn 7</h2><div class="spacer battle-history"><br></div><div class="battle-history"><small>Andrew_Loquisho forfeited.</small><br></div><div class="spacer battle-history"><br></div><div class="battle-history"><strong>Shaymin756</strong> won the battle!<br></div><div class="chat"><small>Andrew_Loquisho left.</small></div><div class="chat chatmessage-shaymin756"><strong style="color:hsl(130,68%,39.368081667240965%)"><small>★</small><span class="username" data-name="Shaymin756">Shaymin756</span>:</strong> <em>why is this a thing that happenes</em></div></div><div class="inner-preempt"></div></div></div>
</div>
<script>
let daily = Math.floor(Date.now()/1000/60/60/24);document.write('<script src="https://play.pokemonshowdown.com/js/replay-embed.js?version'+daily+'"></'+'script>');
</script>
