<!DOCTYPE html>
<meta charset="utf-8" />
<!-- version 1 -->
<title>NU replay: AwesomeGamerRed vs. kkonjiki</title>
<style>
html,body {font-family:Verdana, sans-serif;font-size:10pt;margin:0;padding:0;}body{padding:12px 0;} .battle-log {font-family:Verdana, sans-serif;font-size:10pt;} .battle-log-inline {border:1px solid #AAAAAA;background:#EEF2F5;color:black;max-width:640px;margin:0 auto 80px;padding-bottom:5px;} .battle-log .inner {padding:4px 8px 0px 8px;} .battle-log .inner-preempt {padding:0 8px 4px 8px;} .battle-log .inner-after {margin-top:0.5em;} .battle-log h2 {margin:0.5em -8px;padding:4px 8px;border:1px solid #AAAAAA;background:#E0E7EA;border-left:0;border-right:0;font-family:Verdana, sans-serif;font-size:13pt;} .battle-log .chat {vertical-align:middle;padding:3px 0 3px 0;font-size:8pt;} .battle-log .chat strong {color:#40576A;} .battle-log .chat em {padding:1px 4px 1px 3px;color:#000000;font-style:normal;} .chat.mine {background:rgba(0,0,0,0.05);margin-left:-8px;margin-right:-8px;padding-left:8px;padding-right:8px;} .spoiler {color:#BBBBBB;background:#BBBBBB;padding:0px 3px;} .spoiler:hover, .spoiler:active, .spoiler-shown {color:#000000;background:#E2E2E2;padding:0px 3px;} .spoiler a {color:#BBBBBB;} .spoiler:hover a, .spoiler:active a, .spoiler-shown a {color:#2288CC;} .chat code, .chat .spoiler:hover code, .chat .spoiler:active code, .chat .spoiler-shown code {border:1px solid #C0C0C0;background:#EEEEEE;color:black;padding:0 2px;} .chat .spoiler code {border:1px solid #CCCCCC;background:#CCCCCC;color:#CCCCCC;} .battle-log .rated {padding:3px 4px;} .battle-log .rated strong {color:white;background:#89A;padding:1px 4px;border-radius:4px;} .spacer {margin-top:0.5em;} .message-announce {background:#6688AA;color:white;padding:1px 4px 2px;} .message-announce a, .broadcast-green a, .broadcast-blue a, .broadcast-red a {color:#DDEEFF;} .broadcast-green {background-color:#559955;color:white;padding:2px 4px;} .broadcast-blue {background-color:#6688AA;color:white;padding:2px 4px;} .infobox {border:1px solid #6688AA;padding:2px 4px;} .infobox-limited {max-height:200px;overflow:auto;overflow-x:hidden;} .broadcast-red {background-color:#AA5544;color:white;padding:2px 4px;} .message-learn-canlearn {font-weight:bold;color:#228822;text-decoration:underline;} .message-learn-cannotlearn {font-weight:bold;color:#CC2222;text-decoration:underline;} .message-effect-weak {font-weight:bold;color:#CC2222;} .message-effect-resist {font-weight:bold;color:#6688AA;} .message-effect-immune {font-weight:bold;color:#666666;} .message-learn-list {margin-top:0;margin-bottom:0;} .message-throttle-notice, .message-error {color:#992222;} .message-overflow, .chat small.message-overflow {font-size:0pt;} .message-overflow::before {font-size:9pt;content:'...';} .subtle {color:#3A4A66;}
</style>
<div class="wrapper replay-wrapper" style="max-width:1180px;margin:0 auto">
<input type="hidden" name="replayid" value="nu-504718891" />
<div class="battle"></div><div class="battle-log"></div><div class="replay-controls"></div><div class="replay-controls-2"></div>
<h1 style="font-weight:normal;text-align:center"><strong>NU</strong><br /><a href="http://pokemonshowdown.com/users/awesomegamerred" class="subtle" target="_blank">AwesomeGamerRed</a> vs. <a href="http://pokemonshowdown.com/users/kkonjiki" class="subtle" target="_blank">kkonjiki</a></h1>
<script type="text/plain" class="battle-log-data">|j|AwesomeGamerRed
|j|kkonjiki
|player|p1|AwesomeGamerRed|224
|player|p2|kkonjiki|80
|gametype|singles
|gen|6
|tier|NU
|rated
|seed|5226,10271,46626,36976
|rule|Baton Pass Speed Clause: Limit one Baton Passer, can't pass Speed
|rule|Sleep Clause Mod: Limit one foe put to sleep
|rule|Species Clause: Limit one of each Pokémon
|rule|OHKO Clause: OHKO moves are banned
|rule|Moody Clause: Moody is banned
|rule|Evasion Moves Clause: Evasion moves are banned
|rule|Endless Battle Clause: Forcing endless battles is banned
|rule|HP Percentage Mod: HP is shown in percentages
|clearpoke
|poke|p1|Charizard, F, shiny|item
|poke|p1|Gastrodon, F|item
|poke|p1|Scyther, F|item
|poke|p1|Cryogonal|item
|poke|p1|Swellow, M|item
|poke|p1|Steelix, F, shiny|item
|poke|p2|Floatzel, M|item
|poke|p2|Gourgeist-*, M|item
|poke|p2|Pelipper, M|
|poke|p2|Clefairy, M|item
|poke|p2|Grumpig, M|item
|poke|p2|Articuno|item
|rule|Swagger Clause: Swagger is banned
|rule|Baton Pass Clause: Limit one Baton Passer, can't pass Spe and other stats simultaneously
|teampreview
|choice|team 3, team 2, team 1, team 4, team 5, team 6|team 4, team 2, team 3, team 1, team 5, team 6
|
|start
|switch|p1a: Scyther|Scyther, F|281\/281
|switch|p2a: Clefairy|Clefairy, M|344\/344
|turn|1
|choice|move uturn|move thunderwave
|
|move|p1a: Scyther|U-turn|p2a: Clefairy
|-resisted|p2a: Clefairy
|-damage|p2a: Clefairy|272\/344
|choice|switch 6|
|
|switch|p1a: Steelix|Steelix, F, shiny|354\/354
|move|p2a: Clefairy|Thunder Wave|p1a: Steelix
|-immune|p1a: Steelix|[msg]
|
|upkeep
|turn|2
|choice|move stealthrock|switch 2
|
|switch|p2a: Gourgeist|Gourgeist-Super, M|374\/374
|-item|p1a: Steelix|Leftovers|[from] ability: Frisk|[of] p2a: Gourgeist|[identify]
|move|p1a: Steelix|Stealth Rock|p2a: Gourgeist
|-sidestart|p2: kkonjiki|move: Stealth Rock
|
|upkeep
|turn|3
|choice|switch 3|move willowisp
|
|switch|p1a: Charizard|Charizard, F, shiny|297\/297
|move|p2a: Gourgeist|Will-O-Wisp|p1a: Charizard
|-immune|p1a: Charizard|[msg]
|
|upkeep
|turn|4
|choice|move airslash|switch 4
|
|switch|p2a: Floatzel|Floatzel, M|311\/311
|-damage|p2a: Floatzel|273\/311|[from] Stealth Rock
|move|p1a: Charizard|Air Slash|p2a: Floatzel
|-damage|p2a: Floatzel|0 fnt
|faint|p2a: Floatzel
|
|upkeep
|choice||switch 3
|
|switch|p2a: Pelipper|Pelipper, M|323\/323
|-damage|p2a: Pelipper|243\/323|[from] Stealth Rock
|turn|5
|choice|move airslash|move roost
|
|move|p1a: Charizard|Air Slash|p2a: Pelipper
|-damage|p2a: Pelipper|0 fnt
|faint|p2a: Pelipper
|
|upkeep
|choice||switch 6
|
|switch|p2a: Articuno|Articuno|321\/321
|-damage|p2a: Articuno|161\/321|[from] Stealth Rock
|-ability|p2a: Articuno|Pressure
|turn|6
|choice|move airslash|move roost
|
|move|p1a: Charizard|Air Slash|p2a: Articuno
|-damage|p2a: Articuno|14\/321
|cant|p2a: Articuno|flinch
|
|upkeep
|turn|7
|choice|move airslash|move roost
|
|move|p1a: Charizard|Air Slash|p2a: Articuno
|-damage|p2a: Articuno|0 fnt
|faint|p2a: Articuno
|
|upkeep
|choice||switch 2
|
|switch|p2a: Clefairy|Clefairy, M|272\/344
|turn|8
|choice|move airslash|move thunderwave
|
|move|p1a: Charizard|Air Slash|p2a: Clefairy
|-damage|p2a: Clefairy|164\/344
|move|p2a: Clefairy|Thunder Wave|p1a: Charizard
|-status|p1a: Charizard|par
|
|upkeep
|turn|9
|choice|switch 3|move softboiled
|
|switch|p1a: Steelix|Steelix, F, shiny|354\/354
|move|p2a: Clefairy|Soft-Boiled|p2a: Clefairy
|-heal|p2a: Clefairy|336\/344
|
|upkeep
|turn|10
|choice|move heavyslam|switch 4
|
|switch|p2a: Gourgeist|Gourgeist-Super, M|374\/374
|-damage|p2a: Gourgeist|328\/374|[from] Stealth Rock
|-item|p1a: Steelix|Leftovers|[from] ability: Frisk|[of] p2a: Gourgeist|[identify]
|move|p1a: Steelix|Heavy Slam|p2a: Gourgeist
|-damage|p2a: Gourgeist|252\/374
|
|upkeep
|turn|11
|choice|switch 3|move leechseed
|
|switch|p1a: Charizard|Charizard, F, shiny|297\/297 par
|move|p2a: Gourgeist|Leech Seed|p1a: Charizard
|-start|p1a: Charizard|move: Leech Seed
|
|-damage|p1a: Charizard|260\/297 par|[from] Leech Seed|[of] p2a: Gourgeist
|-heal|p2a: Gourgeist|289\/374|[silent]
|upkeep
|turn|12
|choice|move airslash|switch 5
|
|switch|p2a: Grumpig|Grumpig, M|301\/301
|-damage|p2a: Grumpig|264\/301|[from] Stealth Rock
|move|p1a: Charizard|Air Slash|p2a: Grumpig
|-damage|p2a: Grumpig|111\/301
|
|-heal|p2a: Grumpig|129\/301|[from] item: Leftovers
|-damage|p1a: Charizard|223\/297 par|[from] Leech Seed|[of] p2a: Grumpig
|-heal|p2a: Grumpig|166\/301|[silent]
|upkeep
|turn|13
|choice|switch 6|move psyshock
|
|switch|p1a: Scyther|Scyther, F|281\/281
|move|p2a: Grumpig|Psyshock|p1a: Scyther
|-damage|p1a: Scyther|127\/281
|
|-heal|p2a: Grumpig|184\/301|[from] item: Leftovers
|upkeep
|turn|14
|choice|move knockoff|switch 4
|
|switch|p2a: Clefairy|Clefairy, M|336\/344
|move|p1a: Scyther|Knock Off|p2a: Clefairy
|-resisted|p2a: Clefairy
|-damage|p2a: Clefairy|270\/344
|-enditem|p2a: Clefairy|Eviolite|[from] move: Knock Off|[of] p1a: Scyther
|
|upkeep
|turn|15
|choice|switch 3|move thunderwave
|
|switch|p1a: Steelix|Steelix, F, shiny|354\/354
|move|p2a: Clefairy|Thunder Wave|p1a: Steelix
|-immune|p1a: Steelix|[msg]
|
|upkeep
|turn|16
|choice|move heavyslam|move softboiled
|
|move|p2a: Clefairy|Soft-Boiled|p2a: Clefairy
|-heal|p2a: Clefairy|344\/344
|move|p1a: Steelix|Heavy Slam|p2a: Clefairy
|-supereffective|p2a: Clefairy
|-damage|p2a: Clefairy|0 fnt
|faint|p2a: Clefairy
|
|upkeep
|choice||switch 5
|
|switch|p2a: Gourgeist|Gourgeist-Super, M|289\/374
|-damage|p2a: Gourgeist|243\/374|[from] Stealth Rock
|-item|p1a: Steelix|Leftovers|[from] ability: Frisk|[of] p2a: Gourgeist|[identify]
|turn|17
|choice|switch 5|move leechseed
|
|switch|p1a: Swellow|Swellow, M|261\/261
|move|p2a: Gourgeist|Leech Seed|p1a: Swellow
|-start|p1a: Swellow|move: Leech Seed
|
|-damage|p1a: Swellow|229\/261|[from] Leech Seed|[of] p2a: Gourgeist
|-heal|p2a: Gourgeist|275\/374|[silent]
|-status|p1a: Swellow|brn|[from] item: Flame Orb
|upkeep
|turn|18
|choice|move bravebird|move foulplay
|
|move|p1a: Swellow|Brave Bird|p2a: Gourgeist
|-supereffective|p2a: Gourgeist
|-damage|p2a: Gourgeist|0 fnt
|-damage|p1a: Swellow|138\/261 brn|[from] recoil|[of] p2a: Gourgeist
|faint|p2a: Gourgeist
|
|-damage|p1a: Swellow|106\/261 brn|[from] brn
|upkeep
|choice||switch 4
|
|switch|p2a: Grumpig|Grumpig, M|184\/301
|-damage|p2a: Grumpig|147\/301|[from] Stealth Rock
|turn|19
|choice|move uturn|move psyshock
|
|move|p1a: Swellow|U-turn|p2a: Grumpig
|-supereffective|p2a: Grumpig
|-damage|p2a: Grumpig|0 fnt
|faint|p2a: Grumpig
|
|win|AwesomeGamerRed
|player|p1
|player|p2
|l|AwesomeGamerRed</script>
</div>
<div class="battle-log battle-log-inline"><div class="inner"><div class="battle-options"></div><div class="inner"><div class="chat"><small>AwesomeGamerRed joined.</small></div><div class="chat"><small>kkonjiki joined.</small></div><div class=""><small>Format:</small> <br><strong>NU</strong></div><div class="rated"><strong>Rated battle</strong></div><div class=""><small><em>Baton Pass Speed Clause:</em> Limit one Baton Passer, can't pass Speed</small></div><div class=""><small><em>Sleep Clause Mod:</em> Limit one foe put to sleep</small></div><div class=""><small><em>Species Clause:</em> Limit one of each Pokémon</small></div><div class=""><small><em>OHKO Clause:</em> OHKO moves are banned</small></div><div class=""><small><em>Moody Clause:</em> Moody is banned</small></div><div class=""><small><em>Evasion Moves Clause:</em> Evasion moves are banned</small></div><div class=""><small><em>Endless Battle Clause:</em> Forcing endless battles is banned</small></div><div class=""><small><em>HP Percentage Mod:</em> HP is shown in percentages</small></div><div class=""><small><em>Swagger Clause:</em> Swagger is banned</small></div><div class=""><small><em>Baton Pass Clause:</em> Limit one Baton Passer, can't pass Spe and other stats simultaneously</small></div><div class="chat battle-history"><strong>AwesomeGamerRed's team:</strong> <em style="color:#445566;display:block;">Charizard / Gastrodon / Scyther / Cryogonal / Swellow / Steelix</em></div><div class="chat battle-history"><strong>kkonjiki's team:</strong> <em style="color:#445566;display:block;">Floatzel / Gourgeist-* / Pelipper / Clefairy / Grumpig / Articuno</em></div><div class="spacer battle-history"><br></div><div class="battle-history">Battle started between AwesomeGamerRed and kkonjiki!<br></div><div class="spacer battle-history"><br></div><div class="battle-history">Go! <strong>Scyther</strong>!<br></div><div class="spacer battle-history"><br></div><div class="battle-history">kkonjiki sent out <strong>Clefairy</strong>!<br></div><div class="spacer battle-history"><br></div><h2 class="battle-history">Turn 1</h2><div class="spacer battle-history"><br></div><div class="battle-history">Scyther used <strong>U-turn</strong>!<br></div><div class="battle-history"><small>It's not very effective...</small><br></div><div class="battle-history"><small>(The opposing Clefairy lost <abbr title="−72/344">20.9%</abbr> of its health!)</small><br></div><div class="spacer battle-history"><br></div><div class="battle-history">Scyther went back to AwesomeGamerRed!<br></div><div class="battle-history">Go! <strong>Steelix</strong>!<br></div><div class="spacer battle-history"><br></div><div class="battle-history">The opposing Clefairy used <strong>Thunder Wave</strong>!<br></div><div class="battle-history"><small>It doesn't affect Steelix...</small><br></div><div class="spacer battle-history"><br></div><h2 class="battle-history">Turn 2</h2><div class="spacer battle-history"><br></div><div class="battle-history">kkonjiki withdrew Clefairy!<br></div><div class="battle-history">kkonjiki sent out Gourgeist (<strong>Gourgeist-Super</strong>)!<br></div><div class="battle-history"><small>[The opposing Gourgeist's Frisk]</small><br><small>The opposing Gourgeist frisked Steelix and found its Leftovers!</small><br></div><div class="spacer battle-history"><br></div><div class="battle-history">Steelix used <strong>Stealth Rock</strong>!<br></div><div class="battle-history"><small>Pointed stones float in the air around the opposing team!</small><br></div><div class="spacer battle-history"><br></div><h2 class="battle-history">Turn 3</h2><div class="spacer battle-history"><br></div><div class="battle-history">Steelix, come back!<br></div><div class="battle-history">Go! <strong>Charizard</strong>!<br></div><div class="spacer battle-history"><br></div><div class="battle-history">The opposing Gourgeist used <strong>Will-O-Wisp</strong>!<br></div><div class="battle-history"><small>It doesn't affect Charizard...</small><br></div><div class="spacer battle-history"><br></div><h2 class="battle-history">Turn 4</h2><div class="spacer battle-history"><br></div><div class="battle-history">kkonjiki withdrew Gourgeist!<br></div><div class="battle-history">kkonjiki sent out <strong>Floatzel</strong>!<br></div><div class="battle-history"><small>Pointed stones dug into the opposing Floatzel!</small><br></div><div class="spacer battle-history"><br></div><div class="battle-history">Charizard used <strong>Air Slash</strong>!<br></div><div class="battle-history"><small>(The opposing Floatzel lost <abbr title="−273/311">87.8%</abbr> of its health!)</small><br></div><div class="spacer battle-history"><br></div><div class="battle-history">The opposing Floatzel fainted!<br></div><div class="spacer battle-history"><br></div><div class="battle-history">kkonjiki sent out <strong>Pelipper</strong>!<br></div><div class="battle-history"><small>Pointed stones dug into the opposing Pelipper!</small><br></div><div class="spacer battle-history"><br></div><h2 class="battle-history">Turn 5</h2><div class="spacer battle-history"><br></div><div class="battle-history">Charizard used <strong>Air Slash</strong>!<br></div><div class="battle-history"><small>(The opposing Pelipper lost <abbr title="−243/323">75.2%</abbr> of its health!)</small><br></div><div class="spacer battle-history"><br></div><div class="battle-history">The opposing Pelipper fainted!<br></div><div class="spacer battle-history"><br></div><div class="battle-history">kkonjiki sent out <strong>Articuno</strong>!<br></div><div class="battle-history"><small>Pointed stones dug into the opposing Articuno!</small><br></div><div class="battle-history"><small>[The opposing Articuno's Pressure]</small><br><small>The opposing Articuno is exerting its pressure!</small><br></div><div class="spacer battle-history"><br></div><h2 class="battle-history">Turn 6</h2><div class="spacer battle-history"><br></div><div class="battle-history">Charizard used <strong>Air Slash</strong>!<br></div><div class="battle-history"><small>(The opposing Articuno lost <abbr title="−147/321">45.8%</abbr> of its health!)</small><br></div><div class="spacer battle-history"><br></div><div class="battle-history">The opposing Articuno flinched and couldn't move!<br></div><div class="spacer battle-history"><br></div><h2 class="battle-history">Turn 7</h2><div class="spacer battle-history"><br></div><div class="battle-history">Charizard used <strong>Air Slash</strong>!<br></div><div class="battle-history"><small>(The opposing Articuno lost <abbr title="−14/321">4.4%</abbr> of its health!)</small><br></div><div class="spacer battle-history"><br></div><div class="battle-history">The opposing Articuno fainted!<br></div><div class="spacer battle-history"><br></div><div class="battle-history">kkonjiki sent out <strong>Clefairy</strong>!<br></div><div class="spacer battle-history"><br></div><h2 class="battle-history">Turn 8</h2><div class="spacer battle-history"><br></div><div class="battle-history">Charizard used <strong>Air Slash</strong>!<br></div><div class="battle-history"><small>(The opposing Clefairy lost <abbr title="−108/344">31.4%</abbr> of its health!)</small><br></div><div class="spacer battle-history"><br></div><div class="battle-history">The opposing Clefairy used <strong>Thunder Wave</strong>!<br></div><div class="battle-history"><small>Charizard is paralyzed! It may be unable to move!</small><br></div><div class="spacer battle-history"><br></div><h2 class="battle-history">Turn 9</h2><div class="spacer battle-history"><br></div><div class="battle-history">Charizard, come back!<br></div><div class="battle-history">Go! <strong>Steelix</strong>!<br></div><div class="spacer battle-history"><br></div><div class="battle-history">The opposing Clefairy used <strong>Soft-Boiled</strong>!<br></div><div class="battle-history"><small>The opposing Clefairy restored its HP.</small><br></div><div class="spacer battle-history"><br></div><h2 class="battle-history">Turn 10</h2><div class="spacer battle-history"><br></div><div class="battle-history">kkonjiki withdrew Clefairy!<br></div><div class="battle-history">kkonjiki sent out Gourgeist (<strong>Gourgeist-Super</strong>)!<br></div><div class="battle-history"><small>Pointed stones dug into the opposing Gourgeist!</small><br></div><div class="battle-history"><small>[The opposing Gourgeist's Frisk]</small><br><small>The opposing Gourgeist frisked Steelix and found its Leftovers!</small><br></div><div class="spacer battle-history"><br></div><div class="battle-history">Steelix used <strong>Heavy Slam</strong>!<br></div><div class="battle-history"><small>(The opposing Gourgeist lost <abbr title="−76/374">20.3%</abbr> of its health!)</small><br></div><div class="spacer battle-history"><br></div><h2 class="battle-history">Turn 11</h2><div class="spacer battle-history"><br></div><div class="battle-history">Steelix, come back!<br></div><div class="battle-history">Go! <strong>Charizard</strong>!<br></div><div class="spacer battle-history"><br></div><div class="battle-history">The opposing Gourgeist used <strong>Leech Seed</strong>!<br></div><div class="battle-history"><small>Charizard was seeded!</small><br></div><div class="spacer battle-history"><br></div><div class="battle-history"><small>Charizard's health is sapped by Leech Seed!</small><br></div><div class="spacer battle-history"><br></div><h2 class="battle-history">Turn 12</h2><div class="spacer battle-history"><br></div><div class="battle-history">kkonjiki withdrew Gourgeist!<br></div><div class="battle-history">kkonjiki sent out <strong>Grumpig</strong>!<br></div><div class="battle-history"><small>Pointed stones dug into the opposing Grumpig!</small><br></div><div class="spacer battle-history"><br></div><div class="battle-history">Charizard used <strong>Air Slash</strong>!<br></div><div class="battle-history"><small>(The opposing Grumpig lost <abbr title="−153/301">50.8%</abbr> of its health!)</small><br></div><div class="spacer battle-history"><br></div><div class="battle-history"><small>The opposing Grumpig restored a little HP using its Leftovers!</small><br></div><div class="battle-history"><small>Charizard's health is sapped by Leech Seed!</small><br></div><div class="spacer battle-history"><br></div><h2 class="battle-history">Turn 13</h2><div class="spacer battle-history"><br></div><div class="battle-history">Charizard, come back!<br></div><div class="battle-history">Go! <strong>Scyther</strong>!<br></div><div class="spacer battle-history"><br></div><div class="battle-history">The opposing Grumpig used <strong>Psyshock</strong>!<br></div><div class="battle-history"><small>(Scyther lost <abbr title="−154/281">54.8%</abbr> of its health!)</small><br></div><div class="spacer battle-history"><br></div><div class="battle-history"><small>The opposing Grumpig restored a little HP using its Leftovers!</small><br></div><div class="spacer battle-history"><br></div><h2 class="battle-history">Turn 14</h2><div class="spacer battle-history"><br></div><div class="battle-history">kkonjiki withdrew Grumpig!<br></div><div class="battle-history">kkonjiki sent out <strong>Clefairy</strong>!<br></div><div class="spacer battle-history"><br></div><div class="battle-history">Scyther used <strong>Knock Off</strong>!<br></div><div class="battle-history"><small>It's not very effective...</small><br></div><div class="battle-history"><small>(The opposing Clefairy lost <abbr title="−66/344">19.2%</abbr> of its health!)</small><br></div><div class="battle-history"><small>Scyther knocked off the opposing Clefairy's Eviolite!</small><br></div><div class="spacer battle-history"><br></div><h2 class="battle-history">Turn 15</h2><div class="spacer battle-history"><br></div><div class="battle-history">Scyther, come back!<br></div><div class="battle-history">Go! <strong>Steelix</strong>!<br></div><div class="spacer battle-history"><br></div><div class="battle-history">The opposing Clefairy used <strong>Thunder Wave</strong>!<br></div><div class="battle-history"><small>It doesn't affect Steelix...</small><br></div><div class="spacer battle-history"><br></div><h2 class="battle-history">Turn 16</h2><div class="spacer battle-history"><br></div><div class="battle-history">The opposing Clefairy used <strong>Soft-Boiled</strong>!<br></div><div class="battle-history"><small>The opposing Clefairy restored its HP.</small><br></div><div class="spacer battle-history"><br></div><div class="battle-history">Steelix used <strong>Heavy Slam</strong>!<br></div><div class="battle-history"><small>It's super effective!</small><br></div><div class="battle-history"><small>(The opposing Clefairy lost <abbr title="−344/344">100%</abbr> of its health!)</small><br></div><div class="spacer battle-history"><br></div><div class="battle-history">The opposing Clefairy fainted!<br></div><div class="spacer battle-history"><br></div><div class="battle-history">kkonjiki sent out Gourgeist (<strong>Gourgeist-Super</strong>)!<br></div><div class="battle-history"><small>Pointed stones dug into the opposing Gourgeist!</small><br></div><div class="battle-history"><small>[The opposing Gourgeist's Frisk]</small><br><small>The opposing Gourgeist frisked Steelix and found its Leftovers!</small><br></div><div class="spacer battle-history"><br></div><h2 class="battle-history">Turn 17</h2><div class="spacer battle-history"><br></div><div class="battle-history">Steelix, come back!<br></div><div class="battle-history">Go! <strong>Swellow</strong>!<br></div><div class="spacer battle-history"><br></div><div class="battle-history">The opposing Gourgeist used <strong>Leech Seed</strong>!<br></div><div class="battle-history"><small>Swellow was seeded!</small><br></div><div class="spacer battle-history"><br></div><div class="battle-history"><small>Swellow's health is sapped by Leech Seed!</small><br></div><div class="battle-history"><small>Swellow was burned!</small><br></div><div class="spacer battle-history"><br></div><h2 class="battle-history">Turn 18</h2><div class="spacer battle-history"><br></div><div class="battle-history">Swellow used <strong>Brave Bird</strong>!<br></div><div class="battle-history"><small>It's super effective!</small><br></div><div class="battle-history"><small>(The opposing Gourgeist lost <abbr title="−275/374">73.5%</abbr> of its health!)</small><br></div><div class="battle-history"><small>Swellow is damaged by the recoil!</small><br></div><div class="spacer battle-history"><br></div><div class="battle-history">The opposing Gourgeist fainted!<br></div><div class="spacer battle-history"><br></div><div class="battle-history"><small>Swellow was hurt by its burn!</small><br></div><div class="spacer battle-history"><br></div><div class="battle-history">kkonjiki sent out <strong>Grumpig</strong>!<br></div><div class="battle-history"><small>Pointed stones dug into the opposing Grumpig!</small><br></div><div class="spacer battle-history"><br></div><h2 class="battle-history">Turn 19</h2><div class="spacer battle-history"><br></div><div class="battle-history">Swellow used <strong>U-turn</strong>!<br></div><div class="battle-history"><small>It's super effective!</small><br></div><div class="battle-history"><small>(The opposing Grumpig lost <abbr title="−147/301">48.8%</abbr> of its health!)</small><br></div><div class="spacer battle-history"><br></div><div class="battle-history">The opposing Grumpig fainted!<br></div><div class="spacer battle-history"><br></div><div class="battle-history"><strong>AwesomeGamerRed</strong> won the battle!<br></div><div class="chat"><small>AwesomeGamerRed left.</small></div></div><div class="inner-preempt"></div></div></div>
</div>
<script>
let daily = Math.floor(Date.now()/1000/60/60/24);document.write('<script src="https://play.pokemonshowdown.com/js/replay-embed.js?version'+daily+'"></'+'script>');
</script>
