<!DOCTYPE html>
<meta charset="utf-8" />
<!-- version 1 -->
<title>NU replay: Nu deity vs. Arnik</title>
<style>
html,body {font-family:Verdana, sans-serif;font-size:10pt;margin:0;padding:0;}body{padding:12px 0;} .battle-log {font-family:Verdana, sans-serif;font-size:10pt;} .battle-log-inline {border:1px solid #AAAAAA;background:#EEF2F5;color:black;max-width:640px;margin:0 auto 80px;padding-bottom:5px;} .battle-log .inner {padding:4px 8px 0px 8px;} .battle-log .inner-preempt {padding:0 8px 4px 8px;} .battle-log .inner-after {margin-top:0.5em;} .battle-log h2 {margin:0.5em -8px;padding:4px 8px;border:1px solid #AAAAAA;background:#E0E7EA;border-left:0;border-right:0;font-family:Verdana, sans-serif;font-size:13pt;} .battle-log .chat {vertical-align:middle;padding:3px 0 3px 0;font-size:8pt;} .battle-log .chat strong {color:#40576A;} .battle-log .chat em {padding:1px 4px 1px 3px;color:#000000;font-style:normal;} .chat.mine {background:rgba(0,0,0,0.05);margin-left:-8px;margin-right:-8px;padding-left:8px;padding-right:8px;} .spoiler {color:#BBBBBB;background:#BBBBBB;padding:0px 3px;} .spoiler:hover, .spoiler:active, .spoiler-shown {color:#000000;background:#E2E2E2;padding:0px 3px;} .spoiler a {color:#BBBBBB;} .spoiler:hover a, .spoiler:active a, .spoiler-shown a {color:#2288CC;} .chat code, .chat .spoiler:hover code, .chat .spoiler:active code, .chat .spoiler-shown code {border:1px solid #C0C0C0;background:#EEEEEE;color:black;padding:0 2px;} .chat .spoiler code {border:1px solid #CCCCCC;background:#CCCCCC;color:#CCCCCC;} .battle-log .rated {padding:3px 4px;} .battle-log .rated strong {color:white;background:#89A;padding:1px 4px;border-radius:4px;} .spacer {margin-top:0.5em;} .message-announce {background:#6688AA;color:white;padding:1px 4px 2px;} .message-announce a, .broadcast-green a, .broadcast-blue a, .broadcast-red a {color:#DDEEFF;} .broadcast-green {background-color:#559955;color:white;padding:2px 4px;} .broadcast-blue {background-color:#6688AA;color:white;padding:2px 4px;} .infobox {border:1px solid #6688AA;padding:2px 4px;} .infobox-limited {max-height:200px;overflow:auto;overflow-x:hidden;} .broadcast-red {background-color:#AA5544;color:white;padding:2px 4px;} .message-learn-canlearn {font-weight:bold;color:#228822;text-decoration:underline;} .message-learn-cannotlearn {font-weight:bold;color:#CC2222;text-decoration:underline;} .message-effect-weak {font-weight:bold;color:#CC2222;} .message-effect-resist {font-weight:bold;color:#6688AA;} .message-effect-immune {font-weight:bold;color:#666666;} .message-learn-list {margin-top:0;margin-bottom:0;} .message-throttle-notice, .message-error {color:#992222;} .message-overflow, .chat small.message-overflow {font-size:0pt;} .message-overflow::before {font-size:9pt;content:'...';} .subtle {color:#3A4A66;}
</style>
<div class="wrapper replay-wrapper" style="max-width:1180px;margin:0 auto">
<input type="hidden" name="replayid" value="nu-530533595" />
<div class="battle"></div><div class="battle-log"></div><div class="replay-controls"></div><div class="replay-controls-2"></div>
<h1 style="font-weight:normal;text-align:center"><strong>NU</strong><br /><a href="http://pokemonshowdown.com/users/nudeity" class="subtle" target="_blank">Nu deity</a> vs. <a href="http://pokemonshowdown.com/users/arnik" class="subtle" target="_blank">Arnik</a></h1>
<script type="text/plain" class="battle-log-data">|j|Nu deity
|j|Arnik
|player|p1|Nu deity|13
|player|p2|Arnik|186
|gametype|singles
|gen|6
|tier|NU
|rated
|seed|378,19551,10624,19128
|rule|Sleep Clause Mod: Limit one foe put to sleep
|rule|Species Clause: Limit one of each Pokémon
|rule|OHKO Clause: OHKO moves are banned
|rule|Moody Clause: Moody is banned
|rule|Evasion Moves Clause: Evasion moves are banned
|rule|Endless Battle Clause: Forcing endless battles is banned
|rule|HP Percentage Mod: HP is shown in percentages
|clearpoke
|poke|p1|Sandslash, M|item
|poke|p1|Shiftry, F|item
|poke|p1|Jynx, F|item
|poke|p1|Primeape, M|item
|poke|p1|Weezing, M|item
|poke|p1|Regirock|item
|poke|p2|Archeops, F|
|poke|p2|Pyroar, M|item
|poke|p2|Audino, F|item
|poke|p2|Leafeon, M, shiny|item
|poke|p2|Skuntank, F|item
|poke|p2|Gastrodon-East, F|item
|rule|Swagger Clause: Swagger is banned
|rule|Baton Pass Clause: Limit one Baton Passer, can't pass Spe and other stats simultaneously
|teampreview
|j|GreninjaW0rrior21
|choice|team 6, team 2, team 3, team 4, team 5, team 1|team 6, team 2, team 3, team 4, team 5, team 1
|
|start
|switch|p1a: Regirock|Regirock|364\/364
|switch|p2a: Tritosor|Gastrodon-East, F|413\/413
|turn|1
|choice|switch 2|move toxic
|
|switch|p1a: Shiftry|Shiftry, F|321\/321
|move|p2a: Tritosor|Toxic|p1a: Shiftry
|-status|p1a: Shiftry|tox
|
|-damage|p1a: Shiftry|301\/321 tox|[from] psn
|upkeep
|turn|2
|choice|move leafstorm|switch 3
|
|switch|p2a: Nanméouïe|Audino, F|389\/389
|move|p1a: Shiftry|Leaf Storm|p2a: Nanméouïe
|-damage|p2a: Nanméouïe|173\/389
|-unboost|p1a: Shiftry|spa|2
|-damage|p1a: Shiftry|269\/321 tox|[from] item: Life Orb
|
|-damage|p1a: Shiftry|229\/321 tox|[from] psn
|upkeep
|turn|3
|choice|switch 6|switch 5
|
|switch|p1a: Sandslash|Sandslash, M|354\/354
|switch|p2a: Moufflair|Skuntank, F|347\/347
|
|upkeep
|turn|4
|c|★Nu deity|O I thought u doubled into gastro
|choice|move stealthrock|switch 3
|
|switch|p2a: Tritosor|Gastrodon-East, F|413\/413
|move|p1a: Sandslash|Stealth Rock|p2a: Tritosor
|-sidestart|p2: Arnik|move: Stealth Rock
|
|upkeep
|turn|5
|choice|switch 6|move scald
|
|switch|p1a: Shiftry|Shiftry, F|229\/321 tox
|move|p2a: Tritosor|Scald|p1a: Shiftry
|-resisted|p1a: Shiftry
|-damage|p1a: Shiftry|158\/321 tox
|
|-damage|p1a: Shiftry|138\/321 tox|[from] psn
|upkeep
|turn|6
|choice|switch 4|switch 5
|
|switch|p1a: Primeape|Primeape, M|271\/271
|switch|p2a: Nanméouïe|Audino, F|302\/389
|-damage|p2a: Nanméouïe|254\/389|[from] Stealth Rock
|
|upkeep
|turn|7
|choice|move uturn|switch 5
|
|switch|p2a: Tritosor|Gastrodon-East, F|413\/413
|-damage|p2a: Tritosor|388\/413|[from] Stealth Rock
|move|p1a: Primeape|U-turn|p2a: Tritosor
|-damage|p2a: Tritosor|296\/413
|choice|switch 3|
|
|switch|p1a: Jynx|Jynx, F|271\/271
|
|-heal|p2a: Tritosor|321\/413|[from] item: Leftovers
|upkeep
|turn|8
|choice|move trick|move toxic
|
|move|p1a: Jynx|Trick|p2a: Tritosor
|-activate|p1a: Jynx|move: Trick|[of] p2a: Tritosor
|-item|p2a: Tritosor|Choice Scarf|[from] move: Trick
|-item|p1a: Jynx|Leftovers|[from] move: Trick
|move|p2a: Tritosor|Toxic|p1a: Jynx
|-status|p1a: Jynx|tox
|
|-damage|p1a: Jynx|255\/271 tox|[from] psn
|upkeep
|turn|9
|choice|move icebeam|switch 5
|
|switch|p2a: Nanméouïe|Audino, F|383\/389
|-damage|p2a: Nanméouïe|335\/389|[from] Stealth Rock
|move|p1a: Jynx|Ice Beam|p2a: Nanméouïe
|-damage|p2a: Nanméouïe|199\/389
|
|-heal|p1a: Jynx|271\/271 tox|[from] item: Leftovers
|-damage|p1a: Jynx|239\/271 tox|[from] psn
|upkeep
|turn|10
|choice|move focusblast|switch 2
|
|switch|p2a: Némélios|Pyroar, M|313\/313
|-ability|p2a: Némélios|Unnerve|p1: Nu deity
|-damage|p2a: Némélios|235\/313|[from] Stealth Rock
|move|p1a: Jynx|Focus Blast|p2a: Némélios
|-supereffective|p2a: Némélios
|-damage|p2a: Némélios|0 fnt
|faint|p2a: Némélios
|
|-heal|p1a: Jynx|255\/271 tox|[from] item: Leftovers
|-damage|p1a: Jynx|207\/271 tox|[from] psn
|upkeep
|choice||switch 6
|
|switch|p2a: Aéroptérix|Archeops, F|291\/291
|-damage|p2a: Aéroptérix|219\/291|[from] Stealth Rock
|turn|11
|choice|switch 2|move knockoff
|
|switch|p1a: Regirock|Regirock|364\/364
|move|p2a: Aéroptérix|Knock Off|p1a: Regirock
|-damage|p1a: Regirock|295\/364
|-enditem|p1a: Regirock|Choice Band|[from] move: Knock Off|[of] p2a: Aéroptérix
|
|upkeep
|turn|12
|choice|move earthquake|move uturn
|
|move|p2a: Aéroptérix|U-turn|p1a: Regirock
|-damage|p1a: Regirock|244\/364
|choice||switch 5
|
|switch|p2a: Tritosor|Gastrodon-East, F|321\/413
|-damage|p2a: Tritosor|296\/413|[from] Stealth Rock
|move|p1a: Regirock|Earthquake|p2a: Tritosor
|-damage|p2a: Tritosor|195\/413
|
|upkeep
|turn|13
|choice|move superpower|move recover
|
|move|p2a: Tritosor|Recover|p2a: Tritosor
|-heal|p2a: Tritosor|402\/413
|move|p1a: Regirock|Superpower|p2a: Tritosor
|-damage|p2a: Tritosor|275\/413
|-unboost|p1a: Regirock|atk|1
|-unboost|p1a: Regirock|def|1
|
|upkeep
|turn|14
|choice|switch 5|switch 3
|
|switch|p2a: Moufflair|Skuntank, F|347\/347
|-damage|p2a: Moufflair|304\/347|[from] Stealth Rock
|switch|p1a: Weezing|Weezing, M|333\/333
|
|-heal|p2a: Moufflair|325\/347|[from] item: Black Sludge
|upkeep
|turn|15
|choice|move willowisp|move darkpulse
|
|move|p2a: Moufflair|Dark Pulse|p1a: Weezing
|-damage|p1a: Weezing|198\/333
|move|p1a: Weezing|Will-O-Wisp|p2a: Moufflair
|-status|p2a: Moufflair|brn
|
|-heal|p2a: Moufflair|346\/347 brn|[from] item: Black Sludge
|-damage|p2a: Moufflair|303\/347 brn|[from] brn
|upkeep
|turn|16
|choice|switch 3|move defog
|
|switch|p1a: Primeape|Primeape, M|271\/271
|move|p2a: Moufflair|Defog|p1a: Primeape
|-unboost|p1a: Primeape|evasion|1
|-ability|p1a: Primeape|Defiant|boost
|-boost|p1a: Primeape|atk|2
|-sideend|p2: Arnik|Stealth Rock|[from] move: Defog|[of] p2a: Moufflair
|
|-heal|p2a: Moufflair|324\/347 brn|[from] item: Black Sludge
|-damage|p2a: Moufflair|281\/347 brn|[from] brn
|upkeep
|turn|17
|choice|move closecombat|move fireblast
|
|move|p1a: Primeape|Close Combat|p2a: Moufflair
|-damage|p2a: Moufflair|0 fnt
|-damage|p1a: Primeape|204\/271|[from] ability: Aftermath|[of] p2a: Moufflair
|-unboost|p1a: Primeape|def|1
|-unboost|p1a: Primeape|spd|1
|faint|p2a: Moufflair
|
|upkeep
|choice||switch 2
|
|switch|p2a: Nanméouïe|Audino, F|328\/389
|turn|18
|choice|move closecombat|move drainingkiss mega
|
|detailschange|p2a: Nanméouïe|Audino-Mega, F
|-mega|p2a: Nanméouïe|Audino|Audinite
|move|p1a: Primeape|Close Combat|p2a: Nanméouïe
|-damage|p2a: Nanméouïe|0 fnt
|-unboost|p1a: Primeape|def|1
|-unboost|p1a: Primeape|spd|1
|faint|p2a: Nanméouïe
|
|upkeep
|choice||switch 3
|
|switch|p2a: Tritosor|Gastrodon-East, F|275\/413
|turn|19
|choice|move closecombat|move counter
|
|move|p1a: Primeape|Close Combat|p2a: Tritosor
|-damage|p2a: Tritosor|0 fnt
|-unboost|p1a: Primeape|def|1
|-unboost|p1a: Primeape|spd|1
|faint|p2a: Tritosor
|
|upkeep
|c|★Arnik|last hope?
|choice||switch 4
|
|switch|p2a: Jade|Leafeon, M, shiny|271\/271
|turn|20
|choice|move closecombat|move endure
|
|move|p2a: Jade|Endure|p2a: Jade
|-singleturn|p2a: Jade|move: Endure
|move|p1a: Primeape|Close Combat|p2a: Jade
|-activate|p2a: Jade|move: Endure
|-damage|p2a: Jade|1\/271
|-unboost|p1a: Primeape|def|1
|-unboost|p1a: Primeape|spd|1
|-enditem|p2a: Jade|Salac Berry|[eat]
|-boost|p2a: Jade|spe|1
|
|upkeep
|turn|21
|choice|switch 3|move flail
|
|switch|p1a: Weezing|Weezing, M|198\/333
|move|p2a: Jade|Flail|p1a: Weezing
|-crit|p1a: Weezing
|-damage|p1a: Weezing|0 fnt
|-damage|p2a: Jade|0 fnt|[from] item: Rocky Helmet|[of] p1a: Weezing
|faint|p2a: Jade
|faint|p1a: Weezing
|
|upkeep
|choice|switch 5|switch 5
|
|switch|p2a: Aéroptérix|Archeops, F|219\/291
|switch|p1a: Regirock|Regirock|244\/364
|turn|22
|choice|move stoneedge|move knockoff
|
|move|p2a: Aéroptérix|Knock Off|p1a: Regirock
|-damage|p1a: Regirock|196\/364
|move|p1a: Regirock|Stone Edge|p2a: Aéroptérix
|-supereffective|p2a: Aéroptérix
|-damage|p2a: Aéroptérix|0 fnt
|faint|p2a: Aéroptérix
|
|win|Nu deity
|player|p1
|player|p2
|raw|Nu deity's rating: 1226 &rarr; <strong>1263<\/strong><br \/>(+37 for winning)
|raw|Arnik's rating: 1404 &rarr; <strong>1375<\/strong><br \/>(-29 for losing)
|c|★Arnik|gg
|l|Arnik
|c|★Nu deity|gg</script>
</div>
<div class="battle-log battle-log-inline"><div class="inner"><div class="battle-options"></div><div class="inner"><div class="chat"><small>Nu deity joined.</small></div><div class="chat"><small>Arnik joined.</small></div><div class=""><small>Format:</small> <br><strong>NU</strong></div><div class="rated"><strong>Rated battle</strong></div><div class=""><small><em>Sleep Clause Mod:</em> Limit one foe put to sleep</small></div><div class=""><small><em>Species Clause:</em> Limit one of each Pokémon</small></div><div class=""><small><em>OHKO Clause:</em> OHKO moves are banned</small></div><div class=""><small><em>Moody Clause:</em> Moody is banned</small></div><div class=""><small><em>Evasion Moves Clause:</em> Evasion moves are banned</small></div><div class=""><small><em>Endless Battle Clause:</em> Forcing endless battles is banned</small></div><div class=""><small><em>HP Percentage Mod:</em> HP is shown in percentages</small></div><div class=""><small><em>Swagger Clause:</em> Swagger is banned</small></div><div class=""><small><em>Baton Pass Clause:</em> Limit one Baton Passer, can't pass Spe and other stats simultaneously</small></div><div class="chat battle-history"><strong>Nu deity's team:</strong> <em style="color:#445566;display:block;">Sandslash / Shiftry / Jynx / Primeape / Weezing / Regirock</em></div><div class="chat battle-history"><strong>Arnik's team:</strong> <em style="color:#445566;display:block;">Archeops / Pyroar / Audino / Leafeon / Skuntank / Gastrodon-East</em></div><div class="chat"><small>GreninjaW0rrior21 joined.</small></div><div class="spacer battle-history"><br></div><div class="battle-history">Battle started between Nu deity and Arnik!<br></div><div class="spacer battle-history"><br></div><div class="battle-history">Go! <strong>Regirock</strong>!<br></div><div class="spacer battle-history"><br></div><div class="battle-history">Arnik sent out Tritosor (<strong>Gastrodon-East</strong>)!<br></div><div class="spacer battle-history"><br></div><h2 class="battle-history">Turn 1</h2><div class="spacer battle-history"><br></div><div class="battle-history">Regirock, come back!<br></div><div class="battle-history">Go! <strong>Shiftry</strong>!<br></div><div class="spacer battle-history"><br></div><div class="battle-history">The opposing Tritosor used <strong>Toxic</strong>!<br></div><div class="battle-history"><small>Shiftry was badly poisoned!</small><br></div><div class="spacer battle-history"><br></div><div class="battle-history"><small>Shiftry was hurt by poison!</small><br></div><div class="spacer battle-history"><br></div><h2 class="battle-history">Turn 2</h2><div class="spacer battle-history"><br></div><div class="battle-history">Arnik withdrew Tritosor!<br></div><div class="battle-history">Arnik sent out Nanméouïe (<strong>Audino</strong>)!<br></div><div class="spacer battle-history"><br></div><div class="battle-history">Shiftry used <strong>Leaf Storm</strong>!<br></div><div class="battle-history"><small>(The opposing Nanméouïe lost <abbr title="−216/389">55.5%</abbr> of its health!)</small><br></div><div class="battle-history"><small>Shiftry's Special Attack fell harshly!</small><br></div><div class="battle-history"><small>Shiftry lost some of its HP!</small><br></div><div class="spacer battle-history"><br></div><div class="battle-history"><small>Shiftry was hurt by poison!</small><br></div><div class="spacer battle-history"><br></div><h2 class="battle-history">Turn 3</h2><div class="spacer battle-history"><br></div><div class="battle-history">Shiftry, come back!<br></div><div class="battle-history">Go! <strong>Sandslash</strong>!<br></div><div class="spacer battle-history"><br></div><div class="battle-history">Arnik withdrew Nanméouïe!<br></div><div class="battle-history">Arnik sent out Moufflair (<strong>Skuntank</strong>)!<br></div><div class="spacer battle-history"><br></div><h2 class="battle-history">Turn 4</h2><div class="chat chatmessage-nudeity"><strong style="color:hsl(109,69%,35%)"><small>★</small><span class="username" data-name="Nu deity">Nu deity</span>:</strong> <em>O I thought u doubled into gastro</em></div><div class="spacer battle-history"><br></div><div class="battle-history">Arnik withdrew Moufflair!<br></div><div class="battle-history">Arnik sent out Tritosor (<strong>Gastrodon-East</strong>)!<br></div><div class="spacer battle-history"><br></div><div class="battle-history">Sandslash used <strong>Stealth Rock</strong>!<br></div><div class="battle-history"><small>Pointed stones float in the air around the opposing team!</small><br></div><div class="spacer battle-history"><br></div><h2 class="battle-history">Turn 5</h2><div class="spacer battle-history"><br></div><div class="battle-history">Sandslash, come back!<br></div><div class="battle-history">Go! <strong>Shiftry</strong>!<br></div><div class="spacer battle-history"><br></div><div class="battle-history">The opposing Tritosor used <strong>Scald</strong>!<br></div><div class="battle-history"><small>It's not very effective...</small><br></div><div class="battle-history"><small>(Shiftry lost <abbr title="−71/321">22.1%</abbr> of its health!)</small><br></div><div class="spacer battle-history"><br></div><div class="battle-history"><small>Shiftry was hurt by poison!</small><br></div><div class="spacer battle-history"><br></div><h2 class="battle-history">Turn 6</h2><div class="spacer battle-history"><br></div><div class="battle-history">Shiftry, come back!<br></div><div class="battle-history">Go! <strong>Primeape</strong>!<br></div><div class="spacer battle-history"><br></div><div class="battle-history">Arnik withdrew Tritosor!<br></div><div class="battle-history">Arnik sent out Nanméouïe (<strong>Audino</strong>)!<br></div><div class="battle-history"><small>Pointed stones dug into the opposing Nanméouïe!</small><br></div><div class="spacer battle-history"><br></div><h2 class="battle-history">Turn 7</h2><div class="spacer battle-history"><br></div><div class="battle-history">Arnik withdrew Nanméouïe!<br></div><div class="battle-history">Arnik sent out Tritosor (<strong>Gastrodon-East</strong>)!<br></div><div class="battle-history"><small>Pointed stones dug into the opposing Tritosor!</small><br></div><div class="spacer battle-history"><br></div><div class="battle-history">Primeape used <strong>U-turn</strong>!<br></div><div class="battle-history"><small>(The opposing Tritosor lost <abbr title="−92/413">22.3%</abbr> of its health!)</small><br></div><div class="spacer battle-history"><br></div><div class="battle-history">Primeape went back to Nu deity!<br></div><div class="battle-history">Go! <strong>Jynx</strong>!<br></div><div class="spacer battle-history"><br></div><div class="battle-history"><small>The opposing Tritosor restored a little HP using its Leftovers!</small><br></div><div class="spacer battle-history"><br></div><h2 class="battle-history">Turn 8</h2><div class="spacer battle-history"><br></div><div class="battle-history">Jynx used <strong>Trick</strong>!<br></div><div class="battle-history"><small>Jynx switched items with its target!</small><br></div><div class="battle-history"><small>The opposing Tritosor obtained one Choice Scarf.</small><br></div><div class="battle-history"><small>Jynx obtained one Leftovers.</small><br></div><div class="spacer battle-history"><br></div><div class="battle-history">The opposing Tritosor used <strong>Toxic</strong>!<br></div><div class="battle-history"><small>Jynx was badly poisoned!</small><br></div><div class="spacer battle-history"><br></div><div class="battle-history"><small>Jynx was hurt by poison!</small><br></div><div class="spacer battle-history"><br></div><h2 class="battle-history">Turn 9</h2><div class="spacer battle-history"><br></div><div class="battle-history">Arnik withdrew Tritosor!<br></div><div class="battle-history">Arnik sent out Nanméouïe (<strong>Audino</strong>)!<br></div><div class="battle-history"><small>Pointed stones dug into the opposing Nanméouïe!</small><br></div><div class="spacer battle-history"><br></div><div class="battle-history">Jynx used <strong>Ice Beam</strong>!<br></div><div class="battle-history"><small>(The opposing Nanméouïe lost <abbr title="−136/389">35.0%</abbr> of its health!)</small><br></div><div class="spacer battle-history"><br></div><div class="battle-history"><small>Jynx restored a little HP using its Leftovers!</small><br></div><div class="battle-history"><small>Jynx was hurt by poison!</small><br></div><div class="spacer battle-history"><br></div><h2 class="battle-history">Turn 10</h2><div class="spacer battle-history"><br></div><div class="battle-history">Arnik withdrew Nanméouïe!<br></div><div class="battle-history">Arnik sent out Némélios (<strong>Pyroar</strong>)!<br></div><div class="battle-history"><small>[The opposing Némélios's Unnerve]</small><br><small>Your team is too nervous to eat Berries!</small><br></div><div class="battle-history"><small>Pointed stones dug into the opposing Némélios!</small><br></div><div class="spacer battle-history"><br></div><div class="battle-history">Jynx used <strong>Focus Blast</strong>!<br></div><div class="battle-history"><small>It's super effective!</small><br></div><div class="battle-history"><small>(The opposing Némélios lost <abbr title="−235/313">75.1%</abbr> of its health!)</small><br></div><div class="spacer battle-history"><br></div><div class="battle-history">The opposing Némélios fainted!<br></div><div class="spacer battle-history"><br></div><div class="battle-history"><small>Jynx restored a little HP using its Leftovers!</small><br></div><div class="battle-history"><small>Jynx was hurt by poison!</small><br></div><div class="spacer battle-history"><br></div><div class="battle-history">Arnik sent out Aéroptérix (<strong>Archeops</strong>)!<br></div><div class="battle-history"><small>Pointed stones dug into the opposing Aéroptérix!</small><br></div><div class="spacer battle-history"><br></div><h2 class="battle-history">Turn 11</h2><div class="spacer battle-history"><br></div><div class="battle-history">Jynx, come back!<br></div><div class="battle-history">Go! <strong>Regirock</strong>!<br></div><div class="spacer battle-history"><br></div><div class="battle-history">The opposing Aéroptérix used <strong>Knock Off</strong>!<br></div><div class="battle-history"><small>(Regirock lost <abbr title="−69/364">19.0%</abbr> of its health!)</small><br></div><div class="battle-history"><small>The opposing Aéroptérix knocked off Regirock's Choice Band!</small><br></div><div class="spacer battle-history"><br></div><h2 class="battle-history">Turn 12</h2><div class="spacer battle-history"><br></div><div class="battle-history">The opposing Aéroptérix used <strong>U-turn</strong>!<br></div><div class="battle-history"><small>(Regirock lost <abbr title="−51/364">14.0%</abbr> of its health!)</small><br></div><div class="spacer battle-history"><br></div><div class="battle-history">The opposing Aéroptérix went back to Arnik!<br></div><div class="battle-history">Arnik sent out Tritosor (<strong>Gastrodon-East</strong>)!<br></div><div class="battle-history"><small>Pointed stones dug into the opposing Tritosor!</small><br></div><div class="spacer battle-history"><br></div><div class="battle-history">Regirock used <strong>Earthquake</strong>!<br></div><div class="battle-history"><small>(The opposing Tritosor lost <abbr title="−101/413">24.5%</abbr> of its health!)</small><br></div><div class="spacer battle-history"><br></div><h2 class="battle-history">Turn 13</h2><div class="spacer battle-history"><br></div><div class="battle-history">The opposing Tritosor used <strong>Recover</strong>!<br></div><div class="battle-history"><small>The opposing Tritosor restored its HP.</small><br></div><div class="spacer battle-history"><br></div><div class="battle-history">Regirock used <strong>Superpower</strong>!<br></div><div class="battle-history"><small>(The opposing Tritosor lost <abbr title="−127/413">30.8%</abbr> of its health!)</small><br></div><div class="battle-history"><small>Regirock's Attack fell!</small><br></div><div class="battle-history"><small>Regirock's Defense fell!</small><br></div><div class="spacer battle-history"><br></div><h2 class="battle-history">Turn 14</h2><div class="spacer battle-history"><br></div><div class="battle-history">Arnik withdrew Tritosor!<br></div><div class="battle-history">Arnik sent out Moufflair (<strong>Skuntank</strong>)!<br></div><div class="battle-history"><small>Pointed stones dug into the opposing Moufflair!</small><br></div><div class="spacer battle-history"><br></div><div class="battle-history">Regirock, come back!<br></div><div class="battle-history">Go! <strong>Weezing</strong>!<br></div><div class="spacer battle-history"><br></div><div class="battle-history"><small>The opposing Moufflair restored a little HP using its Black Sludge!</small><br></div><div class="spacer battle-history"><br></div><h2 class="battle-history">Turn 15</h2><div class="spacer battle-history"><br></div><div class="battle-history">The opposing Moufflair used <strong>Dark Pulse</strong>!<br></div><div class="battle-history"><small>(Weezing lost <abbr title="−135/333">40.5%</abbr> of its health!)</small><br></div><div class="spacer battle-history"><br></div><div class="battle-history">Weezing used <strong>Will-O-Wisp</strong>!<br></div><div class="battle-history"><small>The opposing Moufflair was burned!</small><br></div><div class="spacer battle-history"><br></div><div class="battle-history"><small>The opposing Moufflair restored a little HP using its Black Sludge!</small><br></div><div class="battle-history"><small>The opposing Moufflair was hurt by its burn!</small><br></div><div class="spacer battle-history"><br></div><h2 class="battle-history">Turn 16</h2><div class="spacer battle-history"><br></div><div class="battle-history">Weezing, come back!<br></div><div class="battle-history">Go! <strong>Primeape</strong>!<br></div><div class="spacer battle-history"><br></div><div class="battle-history">The opposing Moufflair used <strong>Defog</strong>!<br></div><div class="battle-history"><small>Primeape's evasiveness fell!</small><br></div><div class="battle-history"><small>[Primeape's Defiant]</small><br></div><div class="battle-history"><small>Primeape's Attack rose sharply!</small><br></div><div class="battle-history"><small>The pointed stones disappeared from around the opposing team!</small><br></div><div class="spacer battle-history"><br></div><div class="battle-history"><small>The opposing Moufflair restored a little HP using its Black Sludge!</small><br></div><div class="battle-history"><small>The opposing Moufflair was hurt by its burn!</small><br></div><div class="spacer battle-history"><br></div><h2 class="battle-history">Turn 17</h2><div class="spacer battle-history"><br></div><div class="battle-history">Primeape used <strong>Close Combat</strong>!<br></div><div class="battle-history"><small>(The opposing Moufflair lost <abbr title="−281/347">81.0%</abbr> of its health!)</small><br></div><div class="battle-history"><small>[The opposing Moufflair's Aftermath]</small><br><small>Primeape is hurt!</small><br></div><div class="battle-history"><small>Primeape's Defense fell!</small><br></div><div class="battle-history"><small>Primeape's Special Defense fell!</small><br></div><div class="spacer battle-history"><br></div><div class="battle-history">The opposing Moufflair fainted!<br></div><div class="spacer battle-history"><br></div><div class="battle-history">Arnik sent out Nanméouïe (<strong>Audino</strong>)!<br></div><div class="spacer battle-history"><br></div><h2 class="battle-history">Turn 18</h2><div class="spacer battle-history"><br></div><div class="battle-history"><small>The opposing Nanméouïe's Audinite is reacting to Arnik's Mega Bracelet!</small><br>The opposing Nanméouïe has Mega Evolved into Mega Audino!<br></div><div class="spacer battle-history"><br></div><div class="battle-history">Primeape used <strong>Close Combat</strong>!<br></div><div class="battle-history"><small>(The opposing Nanméouïe lost <abbr title="−328/389">84.3%</abbr> of its health!)</small><br></div><div class="battle-history"><small>Primeape's Defense fell!</small><br></div><div class="battle-history"><small>Primeape's Special Defense fell!</small><br></div><div class="spacer battle-history"><br></div><div class="battle-history">The opposing Nanméouïe fainted!<br></div><div class="spacer battle-history"><br></div><div class="battle-history">Arnik sent out Tritosor (<strong>Gastrodon-East</strong>)!<br></div><div class="spacer battle-history"><br></div><h2 class="battle-history">Turn 19</h2><div class="spacer battle-history"><br></div><div class="battle-history">Primeape used <strong>Close Combat</strong>!<br></div><div class="battle-history"><small>(The opposing Tritosor lost <abbr title="−275/413">66.6%</abbr> of its health!)</small><br></div><div class="battle-history"><small>Primeape's Defense fell!</small><br></div><div class="battle-history"><small>Primeape's Special Defense fell!</small><br></div><div class="spacer battle-history"><br></div><div class="battle-history">The opposing Tritosor fainted!<br></div><div class="chat chatmessage-arnik"><strong style="color:hsl(337,42%,52.11716754624703%)"><small>★</small><span class="username" data-name="Arnik">Arnik</span>:</strong> <em>last hope?</em></div><div class="spacer battle-history"><br></div><div class="battle-history">Arnik sent out Jade (<strong>Leafeon</strong>)!<br></div><div class="spacer battle-history"><br></div><h2 class="battle-history">Turn 20</h2><div class="spacer battle-history"><br></div><div class="battle-history">The opposing Jade used <strong>Endure</strong>!<br></div><div class="battle-history"><small>The opposing Jade braced itself!</small><br></div><div class="spacer battle-history"><br></div><div class="battle-history">Primeape used <strong>Close Combat</strong>!<br></div><div class="battle-history"><small>The opposing Jade endured the hit!</small><br></div><div class="battle-history"><small>(The opposing Jade lost <abbr title="−270/271">99.6%</abbr> of its health!)</small><br></div><div class="battle-history"><small>Primeape's Defense fell!</small><br></div><div class="battle-history"><small>Primeape's Special Defense fell!</small><br></div><div class="battle-history"><small>The opposing Jade ate its Salac Berry!</small><br></div><div class="battle-history"><small>The opposing Jade's Speed rose!</small><br></div><div class="spacer battle-history"><br></div><h2 class="battle-history">Turn 21</h2><div class="spacer battle-history"><br></div><div class="battle-history">Primeape, come back!<br></div><div class="battle-history">Go! <strong>Weezing</strong>!<br></div><div class="spacer battle-history"><br></div><div class="battle-history">The opposing Jade used <strong>Flail</strong>!<br></div><div class="battle-history"><small>A critical hit!</small><br></div><div class="battle-history"><small>(Weezing lost <abbr title="−198/333">59.5%</abbr> of its health!)</small><br></div><div class="battle-history"><small>The opposing Jade was hurt by the Rocky Helmet!</small><br></div><div class="spacer battle-history"><br></div><div class="battle-history">The opposing Jade fainted!<br></div><div class="battle-history">Weezing fainted!<br></div><div class="spacer battle-history"><br></div><div class="battle-history">Arnik sent out Aéroptérix (<strong>Archeops</strong>)!<br></div><div class="spacer battle-history"><br></div><div class="battle-history">Go! <strong>Regirock</strong>!<br></div><div class="spacer battle-history"><br></div><h2 class="battle-history">Turn 22</h2><div class="spacer battle-history"><br></div><div class="battle-history">The opposing Aéroptérix used <strong>Knock Off</strong>!<br></div><div class="battle-history"><small>(Regirock lost <abbr title="−48/364">13.2%</abbr> of its health!)</small><br></div><div class="spacer battle-history"><br></div><div class="battle-history">Regirock used <strong>Stone Edge</strong>!<br></div><div class="battle-history"><small>It's super effective!</small><br></div><div class="battle-history"><small>(The opposing Aéroptérix lost <abbr title="−219/291">75.3%</abbr> of its health!)</small><br></div><div class="spacer battle-history"><br></div><div class="battle-history">The opposing Aéroptérix fainted!<br></div><div class="spacer battle-history"><br></div><div class="battle-history"><strong>Nu deity</strong> won the battle!<br></div><div class="chat">Nu deity's rating: 1226 → <strong>1263</strong><br>(+37 for winning)</div><div class="chat">Arnik's rating: 1404 → <strong>1375</strong><br>(-29 for losing)</div><div class="chat chatmessage-arnik"><strong style="color:hsl(337,42%,52.11716754624703%)"><small>★</small><span class="username" data-name="Arnik">Arnik</span>:</strong> <em>gg</em></div><div class="chat"><small>Arnik left.</small></div><div class="chat chatmessage-nudeity"><strong style="color:hsl(109,69%,35%)"><small>★</small><span class="username" data-name="Nu deity">Nu deity</span>:</strong> <em>gg</em></div></div><div class="inner-preempt"></div></div></div>
</div>
<script>
let daily = Math.floor(Date.now()/1000/60/60/24);document.write('<script src="https://play.pokemonshowdown.com/js/replay-embed.js?version'+daily+'"></'+'script>');
</script>
