<!DOCTYPE html>
<meta charset="utf-8" />
<!-- version 1 -->
<title>NU replay: CLANDREW vs. Jesspro404</title>
<style>
html,body {font-family:Verdana, sans-serif;font-size:10pt;margin:0;padding:0;}body{padding:12px 0;} .battle-log {font-family:Verdana, sans-serif;font-size:10pt;} .battle-log-inline {border:1px solid #AAAAAA;background:#EEF2F5;color:black;max-width:640px;margin:0 auto 80px;padding-bottom:5px;} .battle-log .inner {padding:4px 8px 0px 8px;} .battle-log .inner-preempt {padding:0 8px 4px 8px;} .battle-log .inner-after {margin-top:0.5em;} .battle-log h2 {margin:0.5em -8px;padding:4px 8px;border:1px solid #AAAAAA;background:#E0E7EA;border-left:0;border-right:0;font-family:Verdana, sans-serif;font-size:13pt;} .battle-log .chat {vertical-align:middle;padding:3px 0 3px 0;font-size:8pt;} .battle-log .chat strong {color:#40576A;} .battle-log .chat em {padding:1px 4px 1px 3px;color:#000000;font-style:normal;} .chat.mine {background:rgba(0,0,0,0.05);margin-left:-8px;margin-right:-8px;padding-left:8px;padding-right:8px;} .spoiler {color:#BBBBBB;background:#BBBBBB;padding:0px 3px;} .spoiler:hover, .spoiler:active, .spoiler-shown {color:#000000;background:#E2E2E2;padding:0px 3px;} .spoiler a {color:#BBBBBB;} .spoiler:hover a, .spoiler:active a, .spoiler-shown a {color:#2288CC;} .chat code, .chat .spoiler:hover code, .chat .spoiler:active code, .chat .spoiler-shown code {border:1px solid #C0C0C0;background:#EEEEEE;color:black;padding:0 2px;} .chat .spoiler code {border:1px solid #CCCCCC;background:#CCCCCC;color:#CCCCCC;} .battle-log .rated {padding:3px 4px;} .battle-log .rated strong {color:white;background:#89A;padding:1px 4px;border-radius:4px;} .spacer {margin-top:0.5em;} .message-announce {background:#6688AA;color:white;padding:1px 4px 2px;} .message-announce a, .broadcast-green a, .broadcast-blue a, .broadcast-red a {color:#DDEEFF;} .broadcast-green {background-color:#559955;color:white;padding:2px 4px;} .broadcast-blue {background-color:#6688AA;color:white;padding:2px 4px;} .infobox {border:1px solid #6688AA;padding:2px 4px;} .infobox-limited {max-height:200px;overflow:auto;overflow-x:hidden;} .broadcast-red {background-color:#AA5544;color:white;padding:2px 4px;} .message-learn-canlearn {font-weight:bold;color:#228822;text-decoration:underline;} .message-learn-cannotlearn {font-weight:bold;color:#CC2222;text-decoration:underline;} .message-effect-weak {font-weight:bold;color:#CC2222;} .message-effect-resist {font-weight:bold;color:#6688AA;} .message-effect-immune {font-weight:bold;color:#666666;} .message-learn-list {margin-top:0;margin-bottom:0;} .message-throttle-notice, .message-error {color:#992222;} .message-overflow, .chat small.message-overflow {font-size:0pt;} .message-overflow::before {font-size:9pt;content:'...';} .subtle {color:#3A4A66;}
</style>
<div class="wrapper replay-wrapper" style="max-width:1180px;margin:0 auto">
<input type="hidden" name="replayid" value="nu-514320261" />
<div class="battle"></div><div class="battle-log"></div><div class="replay-controls"></div><div class="replay-controls-2"></div>
<h1 style="font-weight:normal;text-align:center"><strong>NU</strong><br /><a href="http://pokemonshowdown.com/users/clandrew" class="subtle" target="_blank">CLANDREW</a> vs. <a href="http://pokemonshowdown.com/users/jesspro404" class="subtle" target="_blank">Jesspro404</a></h1>
<script type="text/plain" class="battle-log-data">|j|CLANDREW
|j|Jesspro404
|player|p1|CLANDREW|257
|player|p2|Jesspro404|163
|gametype|singles
|gen|6
|tier|NU
|rated
|seed|28162,12851,40287,21123
|rule|Sleep Clause Mod: Limit one foe put to sleep
|rule|Species Clause: Limit one of each Pokémon
|rule|OHKO Clause: OHKO moves are banned
|rule|Moody Clause: Moody is banned
|rule|Evasion Moves Clause: Evasion moves are banned
|rule|Endless Battle Clause: Forcing endless battles is banned
|rule|HP Percentage Mod: HP is shown in percentages
|clearpoke
|poke|p1|Scyther, M|item
|poke|p1|Aggron, F|item
|poke|p1|Gastrodon, F|item
|poke|p1|Malamar, F, shiny|item
|poke|p1|Xatu, M|item
|poke|p1|Ferroseed, M|item
|poke|p2|Vileplume, F, shiny|item
|poke|p2|Vivillon, M|item
|poke|p2|Weezing, M|item
|poke|p2|Xatu, F|item
|poke|p2|Zangoose, M, shiny|item
|poke|p2|Carracosta, F, shiny|item
|rule|Swagger Clause: Swagger is banned
|rule|Baton Pass Clause: Limit one Baton Passer, can't pass Spe and other stats simultaneously
|teampreview
|choice|team 5, team 2, team 3, team 4, team 1, team 6|team 1, team 2, team 3, team 4, team 5, team 6
|
|start
|switch|p1a: Xatu|Xatu, M|271\/271
|switch|p2a: Zpore|Vileplume, F, shiny|354\/354
|turn|1
|choice|move calmmind|move worryseed
|
|move|p1a: Xatu|Calm Mind|p1a: Xatu
|-boost|p1a: Xatu|spa|1
|-boost|p1a: Xatu|spd|1
|move|p2a: Zpore|Worry Seed|p1a: Xatu
|move|p1a: Xatu|Worry Seed|p2a: Zpore|[from]Magic Bounce
|-endability|p2a: Zpore|Chlorophyll|[from] move: Worry Seed
|-ability|p2a: Zpore|Insomnia|[from] move: Worry Seed
|
|upkeep
|turn|2
|choice|move calmmind|switch 5
|
|switch|p2a: Scar|Zangoose, M, shiny|287\/287
|move|p1a: Xatu|Calm Mind|p1a: Xatu
|-boost|p1a: Xatu|spa|1
|-boost|p1a: Xatu|spd|1
|
|-status|p2a: Scar|tox|[from] item: Toxic Orb
|upkeep
|turn|3
|choice|move airslash|move swordsdance
|
|move|p1a: Xatu|Air Slash|p2a: Scar
|-damage|p2a: Scar|0 fnt
|-damage|p1a: Xatu|244\/271|[from] item: Life Orb
|faint|p2a: Scar
|
|upkeep
|choice||switch 6
|
|switch|p2a: Shelly|Carracosta, F, shiny|289\/289
|turn|4
|choice|move psychic|move shellsmash
|
|move|p1a: Xatu|Psychic|p2a: Shelly
|-crit|p2a: Shelly
|-damage|p2a: Shelly|0 fnt
|-damage|p1a: Xatu|217\/271|[from] item: Life Orb
|faint|p2a: Shelly
|
|upkeep
|choice||switch 2
|
|switch|p2a: Marshall|Vivillon, M|301\/301
|turn|5
|choice|move airslash|move sleeppowder
|
|move|p1a: Xatu|Air Slash|p2a: Marshall
|-supereffective|p2a: Marshall
|-enditem|p2a: Marshall|Focus Sash
|-damage|p2a: Marshall|1\/301
|-damage|p1a: Xatu|190\/271|[from] item: Life Orb
|move|p2a: Marshall|Sleep Powder|p1a: Xatu
|move|p1a: Xatu|Sleep Powder|p2a: Marshall|[from]Magic Bounce
|-status|p2a: Marshall|slp
|
|upkeep
|turn|6
|choice|move airslash|move hurricane
|
|move|p1a: Xatu|Air Slash|p2a: Marshall
|-supereffective|p2a: Marshall
|-damage|p2a: Marshall|0 fnt
|-damage|p1a: Xatu|163\/271|[from] item: Life Orb
|faint|p2a: Marshall
|
|upkeep
|choice||switch 5
|
|switch|p2a: Zpore|Vileplume, F, shiny|354\/354
|turn|7
|choice|move airslash|move sludgebomb
|
|move|p1a: Xatu|Air Slash|p2a: Zpore
|-supereffective|p2a: Zpore
|-damage|p2a: Zpore|0 fnt
|-damage|p1a: Xatu|136\/271|[from] item: Life Orb
|faint|p2a: Zpore
|
|upkeep
|choice||switch 3
|
|switch|p2a: Argo & Monstro|Weezing, M|328\/328
|turn|8
|choice|move psychic|move willowisp
|
|move|p1a: Xatu|Psychic|p2a: Argo & Monstro
|-supereffective|p2a: Argo & Monstro
|-damage|p2a: Argo & Monstro|0 fnt
|-damage|p1a: Xatu|109\/271|[from] item: Life Orb
|faint|p2a: Argo & Monstro
|
|upkeep
|choice||switch 4
|
|switch|p2a: No Mercy Allowed|Xatu, F|271\/271
|turn|9
|choice|move airslash|move calmmind
|
|move|p1a: Xatu|Air Slash|p2a: No Mercy Allowed
|-crit|p2a: No Mercy Allowed
|-damage|p2a: No Mercy Allowed|0 fnt
|-damage|p1a: Xatu|82\/271|[from] item: Life Orb
|faint|p2a: No Mercy Allowed
|
|win|CLANDREW
|player|p1
|player|p2
|l|Jesspro404</script>
</div>
<div class="battle-log battle-log-inline"><div class="inner"><div class="battle-options"></div><div class="inner"><div class="chat"><small>CLANDREW joined.</small></div><div class="chat"><small>Jesspro404 joined.</small></div><div class=""><small>Format:</small> <br><strong>NU</strong></div><div class="rated"><strong>Rated battle</strong></div><div class=""><small><em>Sleep Clause Mod:</em> Limit one foe put to sleep</small></div><div class=""><small><em>Species Clause:</em> Limit one of each Pokémon</small></div><div class=""><small><em>OHKO Clause:</em> OHKO moves are banned</small></div><div class=""><small><em>Moody Clause:</em> Moody is banned</small></div><div class=""><small><em>Evasion Moves Clause:</em> Evasion moves are banned</small></div><div class=""><small><em>Endless Battle Clause:</em> Forcing endless battles is banned</small></div><div class=""><small><em>HP Percentage Mod:</em> HP is shown in percentages</small></div><div class=""><small><em>Swagger Clause:</em> Swagger is banned</small></div><div class=""><small><em>Baton Pass Clause:</em> Limit one Baton Passer, can't pass Spe and other stats simultaneously</small></div><div class="chat battle-history"><strong>CLANDREW's team:</strong> <em style="color:#445566;display:block;">Scyther / Aggron / Gastrodon / Malamar / Xatu / Ferroseed</em></div><div class="chat battle-history"><strong>Jesspro404's team:</strong> <em style="color:#445566;display:block;">Vileplume / Vivillon / Weezing / Xatu / Zangoose / Carracosta</em></div><div class="spacer battle-history"><br></div><div class="battle-history">Battle started between CLANDREW and Jesspro404!<br></div><div class="spacer battle-history"><br></div><div class="battle-history">Go! <strong>Xatu</strong>!<br></div><div class="spacer battle-history"><br></div><div class="battle-history">Jesspro404 sent out Zpore (<strong>Vileplume</strong>)!<br></div><div class="spacer battle-history"><br></div><h2 class="battle-history">Turn 1</h2><div class="spacer battle-history"><br></div><div class="battle-history">Xatu used <strong>Calm Mind</strong>!<br></div><div class="battle-history"><small>Xatu's Special Attack rose!</small><br></div><div class="battle-history"><small>Xatu's Special Defense rose!</small><br></div><div class="spacer battle-history"><br></div><div class="battle-history">The opposing Zpore used <strong>Worry Seed</strong>!<br></div><div class="spacer battle-history"><br></div><div class="battle-history"><small>[Xatu's Magic Bounce]</small><br>Xatu bounced the Worry Seed back!<br></div><div class="battle-history"><small>[The opposing Zpore's Chlorophyll]</small><br></div><div class="battle-history"><small>[The opposing Zpore's Insomnia]</small><br><small>The opposing Zpore acquired Insomnia!</small><br></div><div class="spacer battle-history"><br></div><h2 class="battle-history">Turn 2</h2><div class="spacer battle-history"><br></div><div class="battle-history">Jesspro404 withdrew Zpore!<br></div><div class="battle-history">Jesspro404 sent out Scar (<strong>Zangoose</strong>)!<br></div><div class="spacer battle-history"><br></div><div class="battle-history">Xatu used <strong>Calm Mind</strong>!<br></div><div class="battle-history"><small>Xatu's Special Attack rose!</small><br></div><div class="battle-history"><small>Xatu's Special Defense rose!</small><br></div><div class="spacer battle-history"><br></div><div class="battle-history"><small>The opposing Scar was badly poisoned!</small><br></div><div class="spacer battle-history"><br></div><h2 class="battle-history">Turn 3</h2><div class="spacer battle-history"><br></div><div class="battle-history">Xatu used <strong>Air Slash</strong>!<br></div><div class="battle-history"><small>(The opposing Scar lost <abbr title="−287/287">100%</abbr> of its health!)</small><br></div><div class="battle-history"><small>Xatu lost some of its HP!</small><br></div><div class="spacer battle-history"><br></div><div class="battle-history">The opposing Scar fainted!<br></div><div class="spacer battle-history"><br></div><div class="battle-history">Jesspro404 sent out Shelly (<strong>Carracosta</strong>)!<br></div><div class="spacer battle-history"><br></div><h2 class="battle-history">Turn 4</h2><div class="spacer battle-history"><br></div><div class="battle-history">Xatu used <strong>Psychic</strong>!<br></div><div class="battle-history"><small>A critical hit!</small><br></div><div class="battle-history"><small>(The opposing Shelly lost <abbr title="−289/289">100%</abbr> of its health!)</small><br></div><div class="battle-history"><small>Xatu lost some of its HP!</small><br></div><div class="spacer battle-history"><br></div><div class="battle-history">The opposing Shelly fainted!<br></div><div class="spacer battle-history"><br></div><div class="battle-history">Jesspro404 sent out Marshall (<strong>Vivillon</strong>)!<br></div><div class="spacer battle-history"><br></div><h2 class="battle-history">Turn 5</h2><div class="spacer battle-history"><br></div><div class="battle-history">Xatu used <strong>Air Slash</strong>!<br></div><div class="battle-history"><small>It's super effective!</small><br></div><div class="battle-history"><small>The opposing Marshall hung on using its Focus Sash!</small><br></div><div class="battle-history"><small>(The opposing Marshall lost <abbr title="−300/301">99.7%</abbr> of its health!)</small><br></div><div class="battle-history"><small>Xatu lost some of its HP!</small><br></div><div class="spacer battle-history"><br></div><div class="battle-history">The opposing Marshall used <strong>Sleep Powder</strong>!<br></div><div class="spacer battle-history"><br></div><div class="battle-history"><small>[Xatu's Magic Bounce]</small><br>Xatu bounced the Sleep Powder back!<br></div><div class="battle-history"><small>The opposing Marshall fell asleep!</small><br></div><div class="spacer battle-history"><br></div><h2 class="battle-history">Turn 6</h2><div class="spacer battle-history"><br></div><div class="battle-history">Xatu used <strong>Air Slash</strong>!<br></div><div class="battle-history"><small>It's super effective!</small><br></div><div class="battle-history"><small>(The opposing Marshall lost <abbr title="−1/301">0.3%</abbr> of its health!)</small><br></div><div class="battle-history"><small>Xatu lost some of its HP!</small><br></div><div class="spacer battle-history"><br></div><div class="battle-history">The opposing Marshall fainted!<br></div><div class="spacer battle-history"><br></div><div class="battle-history">Jesspro404 sent out Zpore (<strong>Vileplume</strong>)!<br></div><div class="spacer battle-history"><br></div><h2 class="battle-history">Turn 7</h2><div class="spacer battle-history"><br></div><div class="battle-history">Xatu used <strong>Air Slash</strong>!<br></div><div class="battle-history"><small>It's super effective!</small><br></div><div class="battle-history"><small>(The opposing Zpore lost <abbr title="−354/354">100%</abbr> of its health!)</small><br></div><div class="battle-history"><small>Xatu lost some of its HP!</small><br></div><div class="spacer battle-history"><br></div><div class="battle-history">The opposing Zpore fainted!<br></div><div class="spacer battle-history"><br></div><div class="battle-history">Jesspro404 sent out Argo &amp; Monstro (<strong>Weezing</strong>)!<br></div><div class="spacer battle-history"><br></div><h2 class="battle-history">Turn 8</h2><div class="spacer battle-history"><br></div><div class="battle-history">Xatu used <strong>Psychic</strong>!<br></div><div class="battle-history"><small>It's super effective!</small><br></div><div class="battle-history"><small>(The opposing Argo &amp; Monstro lost <abbr title="−328/328">100%</abbr> of its health!)</small><br></div><div class="battle-history"><small>Xatu lost some of its HP!</small><br></div><div class="spacer battle-history"><br></div><div class="battle-history">The opposing Argo &amp; Monstro fainted!<br></div><div class="spacer battle-history"><br></div><div class="battle-history">Jesspro404 sent out No Mercy Allowed (<strong>Xatu</strong>)!<br></div><div class="spacer battle-history"><br></div><h2 class="battle-history">Turn 9</h2><div class="spacer battle-history"><br></div><div class="battle-history">Xatu used <strong>Air Slash</strong>!<br></div><div class="battle-history"><small>A critical hit!</small><br></div><div class="battle-history"><small>(The opposing No Mercy Allowed lost <abbr title="−271/271">100%</abbr> of its health!)</small><br></div><div class="battle-history"><small>Xatu lost some of its HP!</small><br></div><div class="spacer battle-history"><br></div><div class="battle-history">The opposing No Mercy Allowed fainted!<br></div><div class="spacer battle-history"><br></div><div class="battle-history"><strong>CLANDREW</strong> won the battle!<br></div><div class="chat"><small>Jesspro404 left.</small></div></div><div class="inner-preempt"></div></div></div>
</div>
<script>
let daily = Math.floor(Date.now()/1000/60/60/24);document.write('<script src="https://play.pokemonshowdown.com/js/replay-embed.js?version'+daily+'"></'+'script>');
</script>
