<!DOCTYPE html>
<meta charset="utf-8" />
<!-- version 1 -->
<title>NU replay: shadowtags vs. Shadestep</title>
<style>
html,body {font-family:Verdana, sans-serif;font-size:10pt;margin:0;padding:0;}body{padding:12px 0;} .battle-log {font-family:Verdana, sans-serif;font-size:10pt;} .battle-log-inline {border:1px solid #AAAAAA;background:#EEF2F5;color:black;max-width:640px;margin:0 auto 80px;padding-bottom:5px;} .battle-log .inner {padding:4px 8px 0px 8px;} .battle-log .inner-preempt {padding:0 8px 4px 8px;} .battle-log .inner-after {margin-top:0.5em;} .battle-log h2 {margin:0.5em -8px;padding:4px 8px;border:1px solid #AAAAAA;background:#E0E7EA;border-left:0;border-right:0;font-family:Verdana, sans-serif;font-size:13pt;} .battle-log .chat {vertical-align:middle;padding:3px 0 3px 0;font-size:8pt;} .battle-log .chat strong {color:#40576A;} .battle-log .chat em {padding:1px 4px 1px 3px;color:#000000;font-style:normal;} .chat.mine {background:rgba(0,0,0,0.05);margin-left:-8px;margin-right:-8px;padding-left:8px;padding-right:8px;} .spoiler {color:#BBBBBB;background:#BBBBBB;padding:0px 3px;} .spoiler:hover, .spoiler:active, .spoiler-shown {color:#000000;background:#E2E2E2;padding:0px 3px;} .spoiler a {color:#BBBBBB;} .spoiler:hover a, .spoiler:active a, .spoiler-shown a {color:#2288CC;} .chat code, .chat .spoiler:hover code, .chat .spoiler:active code, .chat .spoiler-shown code {border:1px solid #C0C0C0;background:#EEEEEE;color:black;padding:0 2px;} .chat .spoiler code {border:1px solid #CCCCCC;background:#CCCCCC;color:#CCCCCC;} .battle-log .rated {padding:3px 4px;} .battle-log .rated strong {color:white;background:#89A;padding:1px 4px;border-radius:4px;} .spacer {margin-top:0.5em;} .message-announce {background:#6688AA;color:white;padding:1px 4px 2px;} .message-announce a, .broadcast-green a, .broadcast-blue a, .broadcast-red a {color:#DDEEFF;} .broadcast-green {background-color:#559955;color:white;padding:2px 4px;} .broadcast-blue {background-color:#6688AA;color:white;padding:2px 4px;} .infobox {border:1px solid #6688AA;padding:2px 4px;} .infobox-limited {max-height:200px;overflow:auto;overflow-x:hidden;} .broadcast-red {background-color:#AA5544;color:white;padding:2px 4px;} .message-learn-canlearn {font-weight:bold;color:#228822;text-decoration:underline;} .message-learn-cannotlearn {font-weight:bold;color:#CC2222;text-decoration:underline;} .message-effect-weak {font-weight:bold;color:#CC2222;} .message-effect-resist {font-weight:bold;color:#6688AA;} .message-effect-immune {font-weight:bold;color:#666666;} .message-learn-list {margin-top:0;margin-bottom:0;} .message-throttle-notice, .message-error {color:#992222;} .message-overflow, .chat small.message-overflow {font-size:0pt;} .message-overflow::before {font-size:9pt;content:'...';} .subtle {color:#3A4A66;}
</style>
<div class="wrapper replay-wrapper" style="max-width:1180px;margin:0 auto">
<input type="hidden" name="replayid" value="nu-518860564" />
<div class="battle"></div><div class="battle-log"></div><div class="replay-controls"></div><div class="replay-controls-2"></div>
<h1 style="font-weight:normal;text-align:center"><strong>NU</strong><br /><a href="http://pokemonshowdown.com/users/shadowtags" class="subtle" target="_blank">shadowtags</a> vs. <a href="http://pokemonshowdown.com/users/shadestep" class="subtle" target="_blank">Shadestep</a></h1>
<script type="text/plain" class="battle-log-data">|j|shadowtags
|j|Shadestep
|player|p1|shadowtags|#shadowtags
|player|p2|Shadestep|237
|gametype|singles
|gen|6
|tier|NU
|seed|62465,37962,56855,35299
|rule|Sleep Clause Mod: Limit one foe put to sleep
|rule|Species Clause: Limit one of each Pokémon
|rule|OHKO Clause: OHKO moves are banned
|rule|Moody Clause: Moody is banned
|rule|Evasion Moves Clause: Evasion moves are banned
|rule|Endless Battle Clause: Forcing endless battles is banned
|rule|HP Percentage Mod: HP is shown in percentages
|clearpoke
|poke|p1|Gorebyss, M|item
|poke|p1|Rhydon, F|item
|poke|p1|Tauros, M|item
|poke|p1|Shiftry, F|item
|poke|p1|Xatu, M|item
|poke|p1|Hariyama, M|item
|poke|p2|Pyroar, M|item
|poke|p2|Shiftry, F|item
|poke|p2|Mesprit|item
|poke|p2|Rhydon, F|item
|poke|p2|Lanturn, F|item
|poke|p2|Gurdurr, F|item
|rule|Swagger Clause: Swagger is banned
|rule|Baton Pass Clause: Limit one Baton Passer, can't pass Spe and other stats simultaneously
|teampreview
|c|★Shadestep|dope squad
|c|★shadowtags|tnx
|choice|team 4, team 2, team 3, team 1, team 5, team 6|team 4, team 2, team 3, team 1, team 5, team 6
|
|start
|switch|p1a: $$$|Shiftry, F|321\/321
|switch|p2a: Rhydon|Rhydon, F|351\/351
|turn|1
|choice|move leafblade|switch 4
|
|switch|p2a: Pyroar|Pyroar, M|313\/313
|-ability|p2a: Pyroar|Unnerve|p1: shadowtags
|move|p1a: $$$|Leaf Blade|p2a: Pyroar
|-resisted|p2a: Pyroar
|-damage|p2a: Pyroar|225\/313
|
|upkeep
|turn|2
|j|Robin Keaton
|l|Robin Keaton
|choice|switch 2|move willowisp
|
|switch|p1a: Rhydon|Rhydon, F|414\/414
|move|p2a: Pyroar|Will-O-Wisp|p1a: Rhydon
|-status|p1a: Rhydon|brn
|
|-damage|p1a: Rhydon|363\/414 brn|[from] brn
|upkeep
|turn|3
|choice|move stealthrock|switch 3
|
|switch|p2a: Mesprit|Mesprit|364\/364
|move|p1a: Rhydon|Stealth Rock|p2a: Mesprit
|-sidestart|p2: Shadestep|move: Stealth Rock
|
|-damage|p1a: Rhydon|312\/414 brn|[from] brn
|upkeep
|turn|4
|choice|switch 5|move uturn
|
|switch|p1a: Xatu|Xatu, M|333\/333
|move|p2a: Mesprit|U-turn|p1a: Xatu
|-damage|p1a: Xatu|274\/333
|choice||switch 3
|
|switch|p2a: Pyroar|Pyroar, M|225\/313
|-ability|p2a: Pyroar|Unnerve|p1: shadowtags
|-damage|p2a: Pyroar|147\/313|[from] Stealth Rock
|
|upkeep
|turn|5
|choice|switch 5|move fireblast
|
|switch|p1a: Rhydon|Rhydon, F|312\/414 brn
|move|p2a: Pyroar|Fire Blast|p1a: Rhydon
|-resisted|p1a: Rhydon
|-damage|p1a: Rhydon|220\/414 brn
|-damage|p2a: Pyroar|116\/313|[from] item: Life Orb
|
|-damage|p1a: Rhydon|169\/414 brn|[from] brn
|upkeep
|turn|6
|choice|move megahorn|move hiddenpower
|
|move|p2a: Pyroar|Hidden Power|p1a: Rhydon
|-supereffective|p1a: Rhydon
|-damage|p1a: Rhydon|0 fnt
|-damage|p2a: Pyroar|85\/313|[from] item: Life Orb
|faint|p1a: Rhydon
|
|upkeep
|choice|switch 3|
|
|switch|p1a: Tauros|Tauros, M|291\/291
|-ability|p1a: Tauros|Intimidate|boost
|-unboost|p2a: Pyroar|atk|1
|turn|7
|choice|move earthquake|switch 4
|
|switch|p2a: Rhydon|Rhydon, F|351\/351
|-damage|p2a: Rhydon|330\/351|[from] Stealth Rock
|move|p1a: Tauros|Earthquake|p2a: Rhydon
|-supereffective|p2a: Rhydon
|-damage|p2a: Rhydon|152\/351
|
|upkeep
|turn|8
|choice|move earthquake|switch 6
|
|switch|p2a: Gurdurr|Gurdurr, F|374\/374
|-damage|p2a: Gurdurr|351\/374|[from] Stealth Rock
|move|p1a: Tauros|Earthquake|p2a: Gurdurr
|-damage|p2a: Gurdurr|251\/374
|
|upkeep
|turn|9
|choice|switch 5|move knockoff
|
|switch|p1a: Xatu|Xatu, M|274\/333
|move|p2a: Gurdurr|Knock Off|p1a: Xatu
|-supereffective|p1a: Xatu
|-enditem|p1a: Xatu|Colbur Berry|[eat]
|-enditem|p1a: Xatu|Colbur Berry|[weaken]
|-damage|p1a: Xatu|159\/333
|
|upkeep
|turn|10
|choice|move roost|switch 5
|
|switch|p2a: Lanturn|Lanturn, F|391\/391
|-damage|p2a: Lanturn|343\/391|[from] Stealth Rock
|move|p1a: Xatu|Roost|p1a: Xatu
|-heal|p1a: Xatu|326\/333
|
|upkeep
|turn|11
|choice|switch 2|move voltswitch
|
|switch|p1a: $$$|Shiftry, F|321\/321
|move|p2a: Lanturn|Volt Switch|p1a: $$$
|-resisted|p1a: $$$
|-damage|p1a: $$$|255\/321
|choice||switch 3
|
|switch|p2a: Mesprit|Mesprit|364\/364
|-damage|p2a: Mesprit|319\/364|[from] Stealth Rock
|
|upkeep
|turn|12
|c|★Shadestep|vortex
|choice|move explosion|move uturn
|
|move|p1a: $$$|Explosion|p2a: Mesprit
|-damage|p2a: Mesprit|113\/364
|faint|p1a: $$$
|move|p2a: Mesprit|U-turn|p1: $$$|[notarget]
|-notarget
|
|upkeep
|c|★Shadestep|f
|choice|switch 4|
|
|switch|p1a: Gorebyss|Gorebyss, M|251\/251
|turn|13
|c|★Shadestep|guess not
|choice|move shellsmash|move energyball
|
|move|p2a: Mesprit|Energy Ball|p1a: Gorebyss
|-supereffective|p1a: Gorebyss
|-damage|p1a: Gorebyss|55\/251
|move|p1a: Gorebyss|Shell Smash|p1a: Gorebyss
|-unboost|p1a: Gorebyss|def|1
|-unboost|p1a: Gorebyss|spd|1
|-boost|p1a: Gorebyss|atk|2
|-boost|p1a: Gorebyss|spa|2
|-boost|p1a: Gorebyss|spe|2
|-enditem|p1a: Gorebyss|White Herb
|-clearnegativeboost|p1a: Gorebyss|[silent]
|
|upkeep
|turn|14
|choice|move surf|move energyball
|
|move|p1a: Gorebyss|Surf|p2a: Mesprit
|-damage|p2a: Mesprit|0 fnt
|faint|p2a: Mesprit
|
|upkeep
|choice||switch 5
|
|switch|p2a: Gurdurr|Gurdurr, F|251\/374
|-damage|p2a: Gurdurr|228\/374|[from] Stealth Rock
|turn|15
|choice|switch 2|move machpunch
|
|switch|p1a: Xatu|Xatu, M|326\/333
|move|p2a: Gurdurr|Mach Punch|p1a: Xatu
|-resisted|p1a: Xatu
|-damage|p1a: Xatu|308\/333
|
|upkeep
|turn|16
|choice|move uturn|switch 2
|
|switch|p2a: Shiftry|Shiftry, F|321\/321
|-damage|p2a: Shiftry|281\/321|[from] Stealth Rock
|move|p1a: Xatu|U-turn|p2a: Shiftry
|-supereffective|p2a: Shiftry
|-damage|p2a: Shiftry|37\/321
|choice|switch 5|
|
|switch|p1a: Tauros|Tauros, M|291\/291
|-ability|p1a: Tauros|Intimidate|boost
|-unboost|p2a: Shiftry|atk|1
|
|upkeep
|turn|17
|choice|move earthquake|move suckerpunch
|
|move|p2a: Shiftry|Sucker Punch|p1a: Tauros
|-damage|p1a: Tauros|174\/291
|-damage|p2a: Shiftry|5\/321|[from] item: Life Orb
|move|p1a: Tauros|Earthquake|p2a: Shiftry
|-resisted|p2a: Shiftry
|-damage|p2a: Shiftry|0 fnt
|faint|p2a: Shiftry
|
|upkeep
|choice||switch 2
|
|switch|p2a: Gurdurr|Gurdurr, F|228\/374
|-damage|p2a: Gurdurr|205\/374|[from] Stealth Rock
|turn|18
|choice|switch 2|move knockoff
|
|switch|p1a: Gorebyss|Gorebyss, M|55\/251
|move|p2a: Gurdurr|Knock Off|p1a: Gorebyss
|-damage|p1a: Gorebyss|0 fnt
|faint|p1a: Gorebyss
|
|upkeep
|choice|switch 5|
|
|switch|p1a: Xatu|Xatu, M|308\/333
|turn|19
|choice|move psychic|switch 3
|
|switch|p2a: Lanturn|Lanturn, F|343\/391
|-damage|p2a: Lanturn|295\/391|[from] Stealth Rock
|move|p1a: Xatu|Psychic|p2a: Lanturn
|-damage|p2a: Lanturn|223\/391
|
|upkeep
|turn|20
|choice|move roost|move scald
|
|move|p1a: Xatu|Roost|p1a: Xatu
|-heal|p1a: Xatu|333\/333
|move|p2a: Lanturn|Scald|p1a: Xatu
|-damage|p1a: Xatu|192\/333
|
|upkeep
|turn|21
|choice|move uturn|move scald
|
|move|p1a: Xatu|U-turn|p2a: Lanturn
|-damage|p2a: Lanturn|158\/391
|choice|switch 6|
|
|switch|p1a: Hariyama|Hariyama, M|429\/429
|move|p2a: Lanturn|Scald|p1a: Hariyama
|-damage|p1a: Hariyama|344\/429
|-status|p1a: Hariyama|brn
|
|-damage|p1a: Hariyama|291\/429 brn|[from] brn
|upkeep
|turn|22
|c|★Shadestep|f
|c|★Shadestep|my bad
|choice|move knockoff|move voltswitch
|
|move|p2a: Lanturn|Volt Switch|p1a: Hariyama
|-damage|p1a: Hariyama|219\/429 brn
|choice||switch 4
|
|switch|p2a: Pyroar|Pyroar, M|85\/313
|-ability|p2a: Pyroar|Unnerve|p1: shadowtags
|-damage|p2a: Pyroar|7\/313|[from] Stealth Rock
|move|p1a: Hariyama|Knock Off|p2a: Pyroar
|-damage|p2a: Pyroar|0 fnt
|-enditem|p2a: Pyroar|Life Orb|[from] move: Knock Off|[of] p1a: Hariyama
|faint|p2a: Pyroar
|
|-damage|p1a: Hariyama|166\/429 brn|[from] brn
|upkeep
|choice||switch 6
|
|switch|p2a: Rhydon|Rhydon, F|152\/351
|-damage|p2a: Rhydon|131\/351|[from] Stealth Rock
|turn|23
|choice|move closecombat|move earthquake
|
|move|p2a: Rhydon|Earthquake|p1a: Hariyama
|-damage|p1a: Hariyama|0 fnt
|faint|p1a: Hariyama
|
|upkeep
|choice|switch 2|
|
|switch|p1a: Tauros|Tauros, M|174\/291
|-ability|p1a: Tauros|Intimidate|boost
|-unboost|p2a: Rhydon|atk|1
|turn|24
|choice|move earthquake|move stoneedge
|
|move|p1a: Tauros|Earthquake|p2a: Rhydon
|-supereffective|p2a: Rhydon
|-damage|p2a: Rhydon|0 fnt
|faint|p2a: Rhydon
|
|upkeep
|choice||switch 3
|
|switch|p2a: Gurdurr|Gurdurr, F|205\/374
|-damage|p2a: Gurdurr|182\/374|[from] Stealth Rock
|turn|25
|choice|switch 6|move knockoff
|
|switch|p1a: Xatu|Xatu, M|192\/333
|move|p2a: Gurdurr|Knock Off|p1a: Xatu
|-supereffective|p1a: Xatu
|-damage|p1a: Xatu|36\/333
|
|upkeep
|turn|26
|choice|move psychic|move knockoff
|
|move|p1a: Xatu|Psychic|p2a: Gurdurr
|-supereffective|p2a: Gurdurr
|-damage|p2a: Gurdurr|0 fnt
|faint|p2a: Gurdurr
|
|upkeep
|choice||switch 4
|
|switch|p2a: Lanturn|Lanturn, F|158\/391
|-damage|p2a: Lanturn|110\/391|[from] Stealth Rock
|turn|27
|c|★Shadestep|gg boi
|c|★Shadestep|Bless Up.
|choice|move psychic|move scald
|
|move|p1a: Xatu|Psychic|p2a: Lanturn
|-damage|p2a: Lanturn|31\/391
|move|p2a: Lanturn|Scald|p1a: Xatu
|-damage|p1a: Xatu|0 fnt
|faint|p1a: Xatu
|
|upkeep
|c|★shadowtags|gg chump
|choice|switch 6|
|
|switch|p1a: Tauros|Tauros, M|174\/291
|-ability|p1a: Tauros|Intimidate|boost
|-unboost|p2a: Lanturn|atk|1
|turn|28
|c|★Shadestep|OVO
|choice|move facade|move scald
|
|move|p1a: Tauros|Facade|p2a: Lanturn
|-crit|p2a: Lanturn
|-damage|p2a: Lanturn|0 fnt
|faint|p2a: Lanturn
|
|win|shadowtags
|player|p1
|player|p2
|l|Shadestep</script>
</div>
<div class="battle-log battle-log-inline"><div class="inner"><div class="battle-options"></div><div class="inner"><div class="chat"><small>shadowtags joined.</small></div><div class="chat"><small>Shadestep joined.</small></div><div class=""><small>Format:</small> <br><strong>NU</strong></div><div class=""><small><em>Sleep Clause Mod:</em> Limit one foe put to sleep</small></div><div class=""><small><em>Species Clause:</em> Limit one of each Pokémon</small></div><div class=""><small><em>OHKO Clause:</em> OHKO moves are banned</small></div><div class=""><small><em>Moody Clause:</em> Moody is banned</small></div><div class=""><small><em>Evasion Moves Clause:</em> Evasion moves are banned</small></div><div class=""><small><em>Endless Battle Clause:</em> Forcing endless battles is banned</small></div><div class=""><small><em>HP Percentage Mod:</em> HP is shown in percentages</small></div><div class=""><small><em>Swagger Clause:</em> Swagger is banned</small></div><div class=""><small><em>Baton Pass Clause:</em> Limit one Baton Passer, can't pass Spe and other stats simultaneously</small></div><div class="chat battle-history"><strong>shadowtags's team:</strong> <em style="color:#445566;display:block;">Gorebyss / Rhydon / Tauros / Shiftry / Xatu / Hariyama</em></div><div class="chat battle-history"><strong>Shadestep's team:</strong> <em style="color:#445566;display:block;">Pyroar / Shiftry / Mesprit / Rhydon / Lanturn / Gurdurr</em></div><div class="chat chatmessage-shadestep"><strong style="color:hsl(348,69%,49.13556749513967%)"><small>★</small><span class="username" data-name="Shadestep">Shadestep</span>:</strong> <em>dope squad</em></div><div class="chat chatmessage-shadowtags"><strong style="color:hsl(126,46%,34%)"><small>★</small><span class="username" data-name="shadowtags">shadowtags</span>:</strong> <em>tnx</em></div><div class="spacer battle-history"><br></div><div class="battle-history">Battle started between shadowtags and Shadestep!<br></div><div class="spacer battle-history"><br></div><div class="battle-history">Go! $$ (<strong>Shiftry</strong>)!<br></div><div class="spacer battle-history"><br></div><div class="battle-history">Shadestep sent out <strong>Rhydon</strong>!<br></div><div class="spacer battle-history"><br></div><h2 class="battle-history">Turn 1</h2><div class="spacer battle-history"><br></div><div class="battle-history">Shadestep withdrew Rhydon!<br></div><div class="battle-history">Shadestep sent out <strong>Pyroar</strong>!<br></div><div class="battle-history"><small>[The opposing Pyroar's Unnerve]</small><br><small>Your team is too nervous to eat Berries!</small><br></div><div class="spacer battle-history"><br></div><div class="battle-history">$ used <strong>Leaf Blade</strong>!<br></div><div class="battle-history"><small>It's not very effective...</small><br></div><div class="battle-history"><small>(The opposing Pyroar lost <abbr title="−88/313">28.1%</abbr> of its health!)</small><br></div><div class="spacer battle-history"><br></div><h2 class="battle-history">Turn 2</h2><div class="chat"><small>Robin Keaton joined.</small></div><div class="chat"><small>Robin Keaton left.</small></div><div class="spacer battle-history"><br></div><div class="battle-history">$$, come back!<br></div><div class="battle-history">Go! <strong>Rhydon</strong>!<br></div><div class="spacer battle-history"><br></div><div class="battle-history">The opposing Pyroar used <strong>Will-O-Wisp</strong>!<br></div><div class="battle-history"><small>Rhydon was burned!</small><br></div><div class="spacer battle-history"><br></div><div class="battle-history"><small>Rhydon was hurt by its burn!</small><br></div><div class="spacer battle-history"><br></div><h2 class="battle-history">Turn 3</h2><div class="spacer battle-history"><br></div><div class="battle-history">Shadestep withdrew Pyroar!<br></div><div class="battle-history">Shadestep sent out <strong>Mesprit</strong>!<br></div><div class="spacer battle-history"><br></div><div class="battle-history">Rhydon used <strong>Stealth Rock</strong>!<br></div><div class="battle-history"><small>Pointed stones float in the air around the opposing team!</small><br></div><div class="spacer battle-history"><br></div><div class="battle-history"><small>Rhydon was hurt by its burn!</small><br></div><div class="spacer battle-history"><br></div><h2 class="battle-history">Turn 4</h2><div class="spacer battle-history"><br></div><div class="battle-history">Rhydon, come back!<br></div><div class="battle-history">Go! <strong>Xatu</strong>!<br></div><div class="spacer battle-history"><br></div><div class="battle-history">The opposing Mesprit used <strong>U-turn</strong>!<br></div><div class="battle-history"><small>(Xatu lost <abbr title="−59/333">17.7%</abbr> of its health!)</small><br></div><div class="spacer battle-history"><br></div><div class="battle-history">The opposing Mesprit went back to Shadestep!<br></div><div class="battle-history">Shadestep sent out <strong>Pyroar</strong>!<br></div><div class="battle-history"><small>[The opposing Pyroar's Unnerve]</small><br><small>Your team is too nervous to eat Berries!</small><br></div><div class="battle-history"><small>Pointed stones dug into the opposing Pyroar!</small><br></div><div class="spacer battle-history"><br></div><h2 class="battle-history">Turn 5</h2><div class="spacer battle-history"><br></div><div class="battle-history">Xatu, come back!<br></div><div class="battle-history">Go! <strong>Rhydon</strong>!<br></div><div class="spacer battle-history"><br></div><div class="battle-history">The opposing Pyroar used <strong>Fire Blast</strong>!<br></div><div class="battle-history"><small>It's not very effective...</small><br></div><div class="battle-history"><small>(Rhydon lost <abbr title="−92/414">22.2%</abbr> of its health!)</small><br></div><div class="battle-history"><small>The opposing Pyroar lost some of its HP!</small><br></div><div class="spacer battle-history"><br></div><div class="battle-history"><small>Rhydon was hurt by its burn!</small><br></div><div class="spacer battle-history"><br></div><h2 class="battle-history">Turn 6</h2><div class="spacer battle-history"><br></div><div class="battle-history">The opposing Pyroar used <strong>Hidden Power</strong>!<br></div><div class="battle-history"><small>It's super effective!</small><br></div><div class="battle-history"><small>(Rhydon lost <abbr title="−169/414">40.8%</abbr> of its health!)</small><br></div><div class="battle-history"><small>The opposing Pyroar lost some of its HP!</small><br></div><div class="spacer battle-history"><br></div><div class="battle-history">Rhydon fainted!<br></div><div class="spacer battle-history"><br></div><div class="battle-history">Go! <strong>Tauros</strong>!<br></div><div class="battle-history"><small>[Tauros's Intimidate]</small><br></div><div class="battle-history"><small>The opposing Pyroar's Attack fell!</small><br></div><div class="spacer battle-history"><br></div><h2 class="battle-history">Turn 7</h2><div class="spacer battle-history"><br></div><div class="battle-history">Shadestep withdrew Pyroar!<br></div><div class="battle-history">Shadestep sent out <strong>Rhydon</strong>!<br></div><div class="battle-history"><small>Pointed stones dug into the opposing Rhydon!</small><br></div><div class="spacer battle-history"><br></div><div class="battle-history">Tauros used <strong>Earthquake</strong>!<br></div><div class="battle-history"><small>It's super effective!</small><br></div><div class="battle-history"><small>(The opposing Rhydon lost <abbr title="−178/351">50.7%</abbr> of its health!)</small><br></div><div class="spacer battle-history"><br></div><h2 class="battle-history">Turn 8</h2><div class="spacer battle-history"><br></div><div class="battle-history">Shadestep withdrew Rhydon!<br></div><div class="battle-history">Shadestep sent out <strong>Gurdurr</strong>!<br></div><div class="battle-history"><small>Pointed stones dug into the opposing Gurdurr!</small><br></div><div class="spacer battle-history"><br></div><div class="battle-history">Tauros used <strong>Earthquake</strong>!<br></div><div class="battle-history"><small>(The opposing Gurdurr lost <abbr title="−100/374">26.7%</abbr> of its health!)</small><br></div><div class="spacer battle-history"><br></div><h2 class="battle-history">Turn 9</h2><div class="spacer battle-history"><br></div><div class="battle-history">Tauros, come back!<br></div><div class="battle-history">Go! <strong>Xatu</strong>!<br></div><div class="spacer battle-history"><br></div><div class="battle-history">The opposing Gurdurr used <strong>Knock Off</strong>!<br></div><div class="battle-history"><small>It's super effective!</small><br></div><div class="battle-history"><small>Xatu ate its Colbur Berry!</small><br></div><div class="battle-history"><small>The Colbur Berry weakened the damage to Xatu!</small><br></div><div class="battle-history"><small>(Xatu lost <abbr title="−115/333">34.5%</abbr> of its health!)</small><br></div><div class="spacer battle-history"><br></div><h2 class="battle-history">Turn 10</h2><div class="spacer battle-history"><br></div><div class="battle-history">Shadestep withdrew Gurdurr!<br></div><div class="battle-history">Shadestep sent out <strong>Lanturn</strong>!<br></div><div class="battle-history"><small>Pointed stones dug into the opposing Lanturn!</small><br></div><div class="spacer battle-history"><br></div><div class="battle-history">Xatu used <strong>Roost</strong>!<br></div><div class="battle-history"><small>Xatu restored its HP.</small><br></div><div class="spacer battle-history"><br></div><h2 class="battle-history">Turn 11</h2><div class="spacer battle-history"><br></div><div class="battle-history">Xatu, come back!<br></div><div class="battle-history">Go! $$ (<strong>Shiftry</strong>)!<br></div><div class="spacer battle-history"><br></div><div class="battle-history">The opposing Lanturn used <strong>Volt Switch</strong>!<br></div><div class="battle-history"><small>It's not very effective...</small><br></div><div class="battle-history"><small>($ lost <abbr title="−66/321">20.6%</abbr> of its health!)</small><br></div><div class="spacer battle-history"><br></div><div class="battle-history">The opposing Lanturn went back to Shadestep!<br></div><div class="battle-history">Shadestep sent out <strong>Mesprit</strong>!<br></div><div class="battle-history"><small>Pointed stones dug into the opposing Mesprit!</small><br></div><div class="spacer battle-history"><br></div><h2 class="battle-history">Turn 12</h2><div class="chat chatmessage-shadestep"><strong style="color:hsl(348,69%,49.13556749513967%)"><small>★</small><span class="username" data-name="Shadestep">Shadestep</span>:</strong> <em>vortex</em></div><div class="spacer battle-history"><br></div><div class="battle-history">$ used <strong>Explosion</strong>!<br></div><div class="battle-history"><small>(The opposing Mesprit lost <abbr title="−206/364">56.6%</abbr> of its health!)</small><br></div><div class="spacer battle-history"><br></div><div class="battle-history">$ fainted!<br></div><div class="battle-history">The opposing Mesprit used <strong>U-turn</strong>!<br></div><div class="battle-history"><small>But there was no target...</small><br></div><div class="chat chatmessage-shadestep"><strong style="color:hsl(348,69%,49.13556749513967%)"><small>★</small><span class="username" data-name="Shadestep">Shadestep</span>:</strong> <em>f</em></div><div class="spacer battle-history"><br></div><div class="battle-history">Go! <strong>Gorebyss</strong>!<br></div><div class="spacer battle-history"><br></div><h2 class="battle-history">Turn 13</h2><div class="chat chatmessage-shadestep"><strong style="color:hsl(348,69%,49.13556749513967%)"><small>★</small><span class="username" data-name="Shadestep">Shadestep</span>:</strong> <em>guess not</em></div><div class="spacer battle-history"><br></div><div class="battle-history">The opposing Mesprit used <strong>Energy Ball</strong>!<br></div><div class="battle-history"><small>It's super effective!</small><br></div><div class="battle-history"><small>(Gorebyss lost <abbr title="−196/251">78.1%</abbr> of its health!)</small><br></div><div class="spacer battle-history"><br></div><div class="battle-history">Gorebyss used <strong>Shell Smash</strong>!<br></div><div class="battle-history"><small>Gorebyss's Defense fell!</small><br></div><div class="battle-history"><small>Gorebyss's Special Defense fell!</small><br></div><div class="battle-history"><small>Gorebyss's Attack rose sharply!</small><br></div><div class="battle-history"><small>Gorebyss's Special Attack rose sharply!</small><br></div><div class="battle-history"><small>Gorebyss's Speed rose sharply!</small><br></div><div class="battle-history"><small>Gorebyss returned its status to normal using its White Herb!</small><br></div><div class="spacer battle-history"><br></div><h2 class="battle-history">Turn 14</h2><div class="spacer battle-history"><br></div><div class="battle-history">Gorebyss used <strong>Surf</strong>!<br></div><div class="battle-history"><small>(The opposing Mesprit lost <abbr title="−113/364">31.0%</abbr> of its health!)</small><br></div><div class="spacer battle-history"><br></div><div class="battle-history">The opposing Mesprit fainted!<br></div><div class="spacer battle-history"><br></div><div class="battle-history">Shadestep sent out <strong>Gurdurr</strong>!<br></div><div class="battle-history"><small>Pointed stones dug into the opposing Gurdurr!</small><br></div><div class="spacer battle-history"><br></div><h2 class="battle-history">Turn 15</h2><div class="spacer battle-history"><br></div><div class="battle-history">Gorebyss, come back!<br></div><div class="battle-history">Go! <strong>Xatu</strong>!<br></div><div class="spacer battle-history"><br></div><div class="battle-history">The opposing Gurdurr used <strong>Mach Punch</strong>!<br></div><div class="battle-history"><small>It's not very effective...</small><br></div><div class="battle-history"><small>(Xatu lost <abbr title="−18/333">5.4%</abbr> of its health!)</small><br></div><div class="spacer battle-history"><br></div><h2 class="battle-history">Turn 16</h2><div class="spacer battle-history"><br></div><div class="battle-history">Shadestep withdrew Gurdurr!<br></div><div class="battle-history">Shadestep sent out <strong>Shiftry</strong>!<br></div><div class="battle-history"><small>Pointed stones dug into the opposing Shiftry!</small><br></div><div class="spacer battle-history"><br></div><div class="battle-history">Xatu used <strong>U-turn</strong>!<br></div><div class="battle-history"><small>It's super effective!</small><br></div><div class="battle-history"><small>(The opposing Shiftry lost <abbr title="−244/321">76.0%</abbr> of its health!)</small><br></div><div class="spacer battle-history"><br></div><div class="battle-history">Xatu went back to shadowtags!<br></div><div class="battle-history">Go! <strong>Tauros</strong>!<br></div><div class="battle-history"><small>[Tauros's Intimidate]</small><br></div><div class="battle-history"><small>The opposing Shiftry's Attack fell!</small><br></div><div class="spacer battle-history"><br></div><h2 class="battle-history">Turn 17</h2><div class="spacer battle-history"><br></div><div class="battle-history">The opposing Shiftry used <strong>Sucker Punch</strong>!<br></div><div class="battle-history"><small>(Tauros lost <abbr title="−117/291">40.2%</abbr> of its health!)</small><br></div><div class="battle-history"><small>The opposing Shiftry lost some of its HP!</small><br></div><div class="spacer battle-history"><br></div><div class="battle-history">Tauros used <strong>Earthquake</strong>!<br></div><div class="battle-history"><small>It's not very effective...</small><br></div><div class="battle-history"><small>(The opposing Shiftry lost <abbr title="−5/321">1.6%</abbr> of its health!)</small><br></div><div class="spacer battle-history"><br></div><div class="battle-history">The opposing Shiftry fainted!<br></div><div class="spacer battle-history"><br></div><div class="battle-history">Shadestep sent out <strong>Gurdurr</strong>!<br></div><div class="battle-history"><small>Pointed stones dug into the opposing Gurdurr!</small><br></div><div class="spacer battle-history"><br></div><h2 class="battle-history">Turn 18</h2><div class="spacer battle-history"><br></div><div class="battle-history">Tauros, come back!<br></div><div class="battle-history">Go! <strong>Gorebyss</strong>!<br></div><div class="spacer battle-history"><br></div><div class="battle-history">The opposing Gurdurr used <strong>Knock Off</strong>!<br></div><div class="battle-history"><small>(Gorebyss lost <abbr title="−55/251">21.9%</abbr> of its health!)</small><br></div><div class="spacer battle-history"><br></div><div class="battle-history">Gorebyss fainted!<br></div><div class="spacer battle-history"><br></div><div class="battle-history">Go! <strong>Xatu</strong>!<br></div><div class="spacer battle-history"><br></div><h2 class="battle-history">Turn 19</h2><div class="spacer battle-history"><br></div><div class="battle-history">Shadestep withdrew Gurdurr!<br></div><div class="battle-history">Shadestep sent out <strong>Lanturn</strong>!<br></div><div class="battle-history"><small>Pointed stones dug into the opposing Lanturn!</small><br></div><div class="spacer battle-history"><br></div><div class="battle-history">Xatu used <strong>Psychic</strong>!<br></div><div class="battle-history"><small>(The opposing Lanturn lost <abbr title="−72/391">18.4%</abbr> of its health!)</small><br></div><div class="spacer battle-history"><br></div><h2 class="battle-history">Turn 20</h2><div class="spacer battle-history"><br></div><div class="battle-history">Xatu used <strong>Roost</strong>!<br></div><div class="battle-history"><small>Xatu restored its HP.</small><br></div><div class="spacer battle-history"><br></div><div class="battle-history">The opposing Lanturn used <strong>Scald</strong>!<br></div><div class="battle-history"><small>(Xatu lost <abbr title="−141/333">42.3%</abbr> of its health!)</small><br></div><div class="spacer battle-history"><br></div><h2 class="battle-history">Turn 21</h2><div class="spacer battle-history"><br></div><div class="battle-history">Xatu used <strong>U-turn</strong>!<br></div><div class="battle-history"><small>(The opposing Lanturn lost <abbr title="−65/391">16.6%</abbr> of its health!)</small><br></div><div class="spacer battle-history"><br></div><div class="battle-history">Xatu went back to shadowtags!<br></div><div class="battle-history">Go! <strong>Hariyama</strong>!<br></div><div class="spacer battle-history"><br></div><div class="battle-history">The opposing Lanturn used <strong>Scald</strong>!<br></div><div class="battle-history"><small>(Hariyama lost <abbr title="−85/429">19.8%</abbr> of its health!)</small><br></div><div class="battle-history"><small>Hariyama was burned!</small><br></div><div class="spacer battle-history"><br></div><div class="battle-history"><small>Hariyama was hurt by its burn!</small><br></div><div class="spacer battle-history"><br></div><h2 class="battle-history">Turn 22</h2><div class="chat chatmessage-shadestep"><strong style="color:hsl(348,69%,49.13556749513967%)"><small>★</small><span class="username" data-name="Shadestep">Shadestep</span>:</strong> <em>f</em></div><div class="chat chatmessage-shadestep"><strong style="color:hsl(348,69%,49.13556749513967%)"><small>★</small><span class="username" data-name="Shadestep">Shadestep</span>:</strong> <em>my bad</em></div><div class="spacer battle-history"><br></div><div class="battle-history">The opposing Lanturn used <strong>Volt Switch</strong>!<br></div><div class="battle-history"><small>(Hariyama lost <abbr title="−72/429">16.8%</abbr> of its health!)</small><br></div><div class="spacer battle-history"><br></div><div class="battle-history">The opposing Lanturn went back to Shadestep!<br></div><div class="battle-history">Shadestep sent out <strong>Pyroar</strong>!<br></div><div class="battle-history"><small>[The opposing Pyroar's Unnerve]</small><br><small>Your team is too nervous to eat Berries!</small><br></div><div class="battle-history"><small>Pointed stones dug into the opposing Pyroar!</small><br></div><div class="spacer battle-history"><br></div><div class="battle-history">Hariyama used <strong>Knock Off</strong>!<br></div><div class="battle-history"><small>(The opposing Pyroar lost <abbr title="−7/313">2.2%</abbr> of its health!)</small><br></div><div class="battle-history"><small>Hariyama knocked off the opposing Pyroar's Life Orb!</small><br></div><div class="spacer battle-history"><br></div><div class="battle-history">The opposing Pyroar fainted!<br></div><div class="spacer battle-history"><br></div><div class="battle-history"><small>Hariyama was hurt by its burn!</small><br></div><div class="spacer battle-history"><br></div><div class="battle-history">Shadestep sent out <strong>Rhydon</strong>!<br></div><div class="battle-history"><small>Pointed stones dug into the opposing Rhydon!</small><br></div><div class="spacer battle-history"><br></div><h2 class="battle-history">Turn 23</h2><div class="spacer battle-history"><br></div><div class="battle-history">The opposing Rhydon used <strong>Earthquake</strong>!<br></div><div class="battle-history"><small>(Hariyama lost <abbr title="−166/429">38.7%</abbr> of its health!)</small><br></div><div class="spacer battle-history"><br></div><div class="battle-history">Hariyama fainted!<br></div><div class="spacer battle-history"><br></div><div class="battle-history">Go! <strong>Tauros</strong>!<br></div><div class="battle-history"><small>[Tauros's Intimidate]</small><br></div><div class="battle-history"><small>The opposing Rhydon's Attack fell!</small><br></div><div class="spacer battle-history"><br></div><h2 class="battle-history">Turn 24</h2><div class="spacer battle-history"><br></div><div class="battle-history">Tauros used <strong>Earthquake</strong>!<br></div><div class="battle-history"><small>It's super effective!</small><br></div><div class="battle-history"><small>(The opposing Rhydon lost <abbr title="−131/351">37.3%</abbr> of its health!)</small><br></div><div class="spacer battle-history"><br></div><div class="battle-history">The opposing Rhydon fainted!<br></div><div class="spacer battle-history"><br></div><div class="battle-history">Shadestep sent out <strong>Gurdurr</strong>!<br></div><div class="battle-history"><small>Pointed stones dug into the opposing Gurdurr!</small><br></div><div class="spacer battle-history"><br></div><h2 class="battle-history">Turn 25</h2><div class="spacer battle-history"><br></div><div class="battle-history">Tauros, come back!<br></div><div class="battle-history">Go! <strong>Xatu</strong>!<br></div><div class="spacer battle-history"><br></div><div class="battle-history">The opposing Gurdurr used <strong>Knock Off</strong>!<br></div><div class="battle-history"><small>It's super effective!</small><br></div><div class="battle-history"><small>(Xatu lost <abbr title="−156/333">46.8%</abbr> of its health!)</small><br></div><div class="spacer battle-history"><br></div><h2 class="battle-history">Turn 26</h2><div class="spacer battle-history"><br></div><div class="battle-history">Xatu used <strong>Psychic</strong>!<br></div><div class="battle-history"><small>It's super effective!</small><br></div><div class="battle-history"><small>(The opposing Gurdurr lost <abbr title="−182/374">48.7%</abbr> of its health!)</small><br></div><div class="spacer battle-history"><br></div><div class="battle-history">The opposing Gurdurr fainted!<br></div><div class="spacer battle-history"><br></div><div class="battle-history">Shadestep sent out <strong>Lanturn</strong>!<br></div><div class="battle-history"><small>Pointed stones dug into the opposing Lanturn!</small><br></div><div class="spacer battle-history"><br></div><h2 class="battle-history">Turn 27</h2><div class="chat chatmessage-shadestep"><strong style="color:hsl(348,69%,49.13556749513967%)"><small>★</small><span class="username" data-name="Shadestep">Shadestep</span>:</strong> <em>gg boi</em></div><div class="chat chatmessage-shadestep"><strong style="color:hsl(348,69%,49.13556749513967%)"><small>★</small><span class="username" data-name="Shadestep">Shadestep</span>:</strong> <em>Bless Up.</em></div><div class="spacer battle-history"><br></div><div class="battle-history">Xatu used <strong>Psychic</strong>!<br></div><div class="battle-history"><small>(The opposing Lanturn lost <abbr title="−79/391">20.2%</abbr> of its health!)</small><br></div><div class="spacer battle-history"><br></div><div class="battle-history">The opposing Lanturn used <strong>Scald</strong>!<br></div><div class="battle-history"><small>(Xatu lost <abbr title="−36/333">10.8%</abbr> of its health!)</small><br></div><div class="spacer battle-history"><br></div><div class="battle-history">Xatu fainted!<br></div><div class="chat chatmessage-shadowtags"><strong style="color:hsl(126,46%,34%)"><small>★</small><span class="username" data-name="shadowtags">shadowtags</span>:</strong> <em>gg chump</em></div><div class="spacer battle-history"><br></div><div class="battle-history">Go! <strong>Tauros</strong>!<br></div><div class="battle-history"><small>[Tauros's Intimidate]</small><br></div><div class="battle-history"><small>The opposing Lanturn's Attack fell!</small><br></div><div class="spacer battle-history"><br></div><h2 class="battle-history">Turn 28</h2><div class="chat chatmessage-shadestep"><strong style="color:hsl(348,69%,49.13556749513967%)"><small>★</small><span class="username" data-name="Shadestep">Shadestep</span>:</strong> <em>OVO</em></div><div class="spacer battle-history"><br></div><div class="battle-history">Tauros used <strong>Facade</strong>!<br></div><div class="battle-history"><small>A critical hit!</small><br></div><div class="battle-history"><small>(The opposing Lanturn lost <abbr title="−31/391">7.9%</abbr> of its health!)</small><br></div><div class="spacer battle-history"><br></div><div class="battle-history">The opposing Lanturn fainted!<br></div><div class="spacer battle-history"><br></div><div class="battle-history"><strong>shadowtags</strong> won the battle!<br></div><div class="chat"><small>Shadestep left.</small></div></div><div class="inner-preempt"></div></div></div>
</div>
<script>
let daily = Math.floor(Date.now()/1000/60/60/24);document.write('<script src="https://play.pokemonshowdown.com/js/replay-embed.js?version'+daily+'"></'+'script>');
</script>
