<!DOCTYPE html>
<meta charset="utf-8" />
<!-- version 1 -->
<title>NU replay: hyeah vs. Danian42</title>
<style>
html,body {font-family:Verdana, sans-serif;font-size:10pt;margin:0;padding:0;}body{padding:12px 0;} .battle-log {font-family:Verdana, sans-serif;font-size:10pt;} .battle-log-inline {border:1px solid #AAAAAA;background:#EEF2F5;color:black;max-width:640px;margin:0 auto 80px;padding-bottom:5px;} .battle-log .inner {padding:4px 8px 0px 8px;} .battle-log .inner-preempt {padding:0 8px 4px 8px;} .battle-log .inner-after {margin-top:0.5em;} .battle-log h2 {margin:0.5em -8px;padding:4px 8px;border:1px solid #AAAAAA;background:#E0E7EA;border-left:0;border-right:0;font-family:Verdana, sans-serif;font-size:13pt;} .battle-log .chat {vertical-align:middle;padding:3px 0 3px 0;font-size:8pt;} .battle-log .chat strong {color:#40576A;} .battle-log .chat em {padding:1px 4px 1px 3px;color:#000000;font-style:normal;} .chat.mine {background:rgba(0,0,0,0.05);margin-left:-8px;margin-right:-8px;padding-left:8px;padding-right:8px;} .spoiler {color:#BBBBBB;background:#BBBBBB;padding:0px 3px;} .spoiler:hover, .spoiler:active, .spoiler-shown {color:#000000;background:#E2E2E2;padding:0px 3px;} .spoiler a {color:#BBBBBB;} .spoiler:hover a, .spoiler:active a, .spoiler-shown a {color:#2288CC;} .chat code, .chat .spoiler:hover code, .chat .spoiler:active code, .chat .spoiler-shown code {border:1px solid #C0C0C0;background:#EEEEEE;color:black;padding:0 2px;} .chat .spoiler code {border:1px solid #CCCCCC;background:#CCCCCC;color:#CCCCCC;} .battle-log .rated {padding:3px 4px;} .battle-log .rated strong {color:white;background:#89A;padding:1px 4px;border-radius:4px;} .spacer {margin-top:0.5em;} .message-announce {background:#6688AA;color:white;padding:1px 4px 2px;} .message-announce a, .broadcast-green a, .broadcast-blue a, .broadcast-red a {color:#DDEEFF;} .broadcast-green {background-color:#559955;color:white;padding:2px 4px;} .broadcast-blue {background-color:#6688AA;color:white;padding:2px 4px;} .infobox {border:1px solid #6688AA;padding:2px 4px;} .infobox-limited {max-height:200px;overflow:auto;overflow-x:hidden;} .broadcast-red {background-color:#AA5544;color:white;padding:2px 4px;} .message-learn-canlearn {font-weight:bold;color:#228822;text-decoration:underline;} .message-learn-cannotlearn {font-weight:bold;color:#CC2222;text-decoration:underline;} .message-effect-weak {font-weight:bold;color:#CC2222;} .message-effect-resist {font-weight:bold;color:#6688AA;} .message-effect-immune {font-weight:bold;color:#666666;} .message-learn-list {margin-top:0;margin-bottom:0;} .message-throttle-notice, .message-error {color:#992222;} .message-overflow, .chat small.message-overflow {font-size:0pt;} .message-overflow::before {font-size:9pt;content:'...';} .subtle {color:#3A4A66;}
</style>
<div class="wrapper replay-wrapper" style="max-width:1180px;margin:0 auto">
<input type="hidden" name="replayid" value="nu-515590908" />
<div class="battle"></div><div class="battle-log"></div><div class="replay-controls"></div><div class="replay-controls-2"></div>
<h1 style="font-weight:normal;text-align:center"><strong>NU</strong><br /><a href="http://pokemonshowdown.com/users/hyeah" class="subtle" target="_blank">hyeah</a> vs. <a href="http://pokemonshowdown.com/users/danian42" class="subtle" target="_blank">Danian42</a></h1>
<script type="text/plain" class="battle-log-data">|j|hyeah
|j|Danian42
|player|p1|hyeah|286
|player|p2|Danian42|2
|gametype|singles
|gen|6
|tier|NU
|rated
|seed|58508,48278,16212,48942
|rule|Sleep Clause Mod: Limit one foe put to sleep
|rule|Species Clause: Limit one of each Pokémon
|rule|OHKO Clause: OHKO moves are banned
|rule|Moody Clause: Moody is banned
|rule|Evasion Moves Clause: Evasion moves are banned
|rule|Endless Battle Clause: Forcing endless battles is banned
|rule|HP Percentage Mod: HP is shown in percentages
|clearpoke
|poke|p1|Cradily, F|item
|poke|p1|Claydol|item
|poke|p1|Primeape, F|item
|poke|p1|Jynx, F|item
|poke|p1|Muk, M|item
|poke|p1|Pyroar, M|item
|poke|p2|Archeops, F|item
|poke|p2|Mismagius, M|item
|poke|p2|Electivire, M|item
|poke|p2|Articuno|item
|poke|p2|Weezing, F|item
|poke|p2|Audino, F|item
|rule|Swagger Clause: Swagger is banned
|rule|Baton Pass Clause: Limit one Baton Passer, can't pass Spe and other stats simultaneously
|teampreview
|choice|team 3, team 2, team 1, team 4, team 5, team 6|team 1, team 2, team 3, team 4, team 5, team 6
|
|start
|switch|p1a: Primeape|Primeape, F|272\/272
|switch|p2a: Archeops|Archeops, F|292\/292
|turn|1
|choice|switch 2|move stealthrock
|
|switch|p1a: Claydol|Claydol|300\/300
|move|p2a: Archeops|Stealth Rock|p1a: Claydol
|-sidestart|p1: hyeah|move: Stealth Rock
|
|upkeep
|turn|2
|choice|move rapidspin|move uturn
|
|move|p2a: Archeops|U-turn|p1a: Claydol
|-supereffective|p1a: Claydol
|-crit|p1a: Claydol
|-damage|p1a: Claydol|108\/300
|choice||switch 4
|
|switch|p2a: Articuno|Articuno|384\/384
|-ability|p2a: Articuno|Pressure
|move|p1a: Claydol|Rapid Spin|p2a: Articuno
|-damage|p2a: Articuno|369\/384
|-sideend|p1: hyeah|Stealth Rock|[from] move: Rapid Spin|[of] p1a: Claydol
|
|-heal|p2a: Articuno|384\/384|[from] item: Leftovers
|-heal|p1a: Claydol|126\/300|[from] item: Leftovers
|upkeep
|turn|3
|choice|switch 4|move freezedry
|
|switch|p1a: Jynx|Jynx, F|271\/271
|move|p2a: Articuno|Freeze-Dry|p1a: Jynx
|-resisted|p1a: Jynx
|-damage|p1a: Jynx|233\/271
|
|upkeep
|turn|4
|choice|move trick|move hiddenpower
|
|move|p1a: Jynx|Trick|p2a: Articuno
|-activate|p1a: Jynx|move: Trick|[of] p2a: Articuno
|-item|p2a: Articuno|Choice Scarf|[from] move: Trick
|-item|p1a: Jynx|Leftovers|[from] move: Trick
|move|p2a: Articuno|Hidden Power|p1a: Jynx
|-supereffective|p1a: Jynx
|-damage|p1a: Jynx|113\/271
|
|-heal|p1a: Jynx|129\/271|[from] item: Leftovers
|upkeep
|turn|5
|choice|move focusblast|move hiddenpower
|
|move|p1a: Jynx|Focus Blast|p2a: Articuno|[miss]
|-miss|p1a: Jynx|p2a: Articuno
|move|p2a: Articuno|Hidden Power|p1a: Jynx
|-supereffective|p1a: Jynx
|-damage|p1a: Jynx|9\/271
|
|-heal|p1a: Jynx|25\/271|[from] item: Leftovers
|upkeep
|turn|6
|choice|move focusblast|move hiddenpower
|
|move|p1a: Jynx|Focus Blast|p2a: Articuno|[miss]
|-miss|p1a: Jynx|p2a: Articuno
|move|p2a: Articuno|Hidden Power|p1a: Jynx
|-supereffective|p1a: Jynx
|-damage|p1a: Jynx|0 fnt
|faint|p1a: Jynx
|
|upkeep
|choice|switch 3|
|
|switch|p1a: Cradily|Cradily, F|314\/314
|turn|7
|choice|move stealthrock|switch 5
|
|switch|p2a: Weezing|Weezing, F|334\/334
|move|p1a: Cradily|Stealth Rock|p2a: Weezing
|-sidestart|p2: Danian42|move: Stealth Rock
|
|upkeep
|turn|8
|choice|switch 5|move willowisp
|
|switch|p1a: Muk|Muk, M|352\/352
|move|p2a: Weezing|Will-O-Wisp|p1a: Muk
|-status|p1a: Muk|brn
|
|-damage|p1a: Muk|308\/352 brn|[from] brn
|upkeep
|turn|9
|choice|move curse|move thunderbolt
|
|move|p2a: Weezing|Thunderbolt|p1a: Muk
|-damage|p1a: Muk|262\/352 brn
|move|p1a: Muk|Curse|p1a: Muk
|-unboost|p1a: Muk|spe|1
|-boost|p1a: Muk|atk|1
|-boost|p1a: Muk|def|1
|
|-heal|p1a: Muk|284\/352 brn|[from] item: Black Sludge
|-damage|p1a: Muk|240\/352 brn|[from] brn
|upkeep
|turn|10
|choice|move curse|move clearsmog
|
|move|p2a: Weezing|Clear Smog|p1a: Muk
|-resisted|p1a: Muk
|-damage|p1a: Muk|219\/352 brn
|-clearboost|p1a: Muk
|move|p1a: Muk|Curse|p1a: Muk
|-unboost|p1a: Muk|spe|1
|-boost|p1a: Muk|atk|1
|-boost|p1a: Muk|def|1
|
|-heal|p1a: Muk|241\/352 brn|[from] item: Black Sludge
|-damage|p1a: Muk|197\/352 brn|[from] brn
|upkeep
|turn|11
|choice|move curse|move clearsmog
|
|move|p2a: Weezing|Clear Smog|p1a: Muk
|-resisted|p1a: Muk
|-damage|p1a: Muk|178\/352 brn
|-clearboost|p1a: Muk
|move|p1a: Muk|Curse|p1a: Muk
|-unboost|p1a: Muk|spe|1
|-boost|p1a: Muk|atk|1
|-boost|p1a: Muk|def|1
|
|-heal|p1a: Muk|200\/352 brn|[from] item: Black Sludge
|-damage|p1a: Muk|156\/352 brn|[from] brn
|upkeep
|turn|12
|choice|switch 6|move clearsmog
|
|switch|p1a: Pyroar|Pyroar, M|314\/314
|-ability|p1a: Pyroar|Unnerve|p2: Danian42
|move|p2a: Weezing|Clear Smog|p1a: Pyroar
|-damage|p1a: Pyroar|247\/314
|-clearboost|p1a: Pyroar
|
|upkeep
|turn|13
|choice|move hypervoice|move thunderbolt
|
|move|p1a: Pyroar|Hyper Voice|p2a: Weezing
|-damage|p2a: Weezing|54\/334
|move|p2a: Weezing|Thunderbolt|p1a: Pyroar
|-damage|p1a: Pyroar|166\/314
|
|-heal|p2a: Weezing|74\/334|[from] item: Black Sludge
|upkeep
|turn|14
|choice|move hypervoice|switch 2
|
|switch|p2a: Mismagius|Mismagius, M|261\/261
|-damage|p2a: Mismagius|229\/261|[from] Stealth Rock
|move|p1a: Pyroar|Hyper Voice|p2a: Mismagius
|-immune|p2a: Mismagius|[msg]
|
|upkeep
|turn|15
|choice|switch 5|move dazzlinggleam
|
|switch|p1a: Cradily|Cradily, F|314\/314
|move|p2a: Mismagius|Dazzling Gleam|p1a: Cradily
|-damage|p1a: Cradily|248\/314
|
|-heal|p1a: Cradily|267\/314|[from] item: Leftovers
|upkeep
|turn|16
|choice|move stockpile|switch 6
|
|switch|p2a: Audino|Audino, F|364\/364
|-damage|p2a: Audino|319\/364|[from] Stealth Rock
|move|p1a: Cradily|Stockpile|p1a: Cradily
|-start|p1a: Cradily|stockpile1
|-boost|p1a: Cradily|def|1
|-boost|p1a: Cradily|spd|1
|
|-heal|p1a: Cradily|286\/314|[from] item: Leftovers
|upkeep
|turn|17
|choice|move stockpile|move toxic mega
|
|detailschange|p2a: Audino|Audino-Mega, F
|-mega|p2a: Audino|Audino|Audinite
|move|p2a: Audino|Toxic|p1a: Cradily
|-status|p1a: Cradily|tox
|move|p1a: Cradily|Stockpile|p1a: Cradily
|-start|p1a: Cradily|stockpile2
|-boost|p1a: Cradily|def|1
|-boost|p1a: Cradily|spd|1
|
|-heal|p1a: Cradily|305\/314 tox|[from] item: Leftovers
|-damage|p1a: Cradily|286\/314 tox|[from] psn
|upkeep
|turn|18
|choice|move toxic|move wish
|
|move|p2a: Audino|Wish|p2a: Audino
|move|p1a: Cradily|Toxic|p2a: Audino|[miss]
|-miss|p1a: Cradily|p2a: Audino
|
|-heal|p1a: Cradily|305\/314 tox|[from] item: Leftovers
|-damage|p1a: Cradily|267\/314 tox|[from] psn
|upkeep
|turn|19
|choice|move ancientpower|switch 2
|
|switch|p2a: Weezing|Weezing, F|74\/334
|-damage|p2a: Weezing|33\/334|[from] Stealth Rock
|move|p1a: Cradily|Ancient Power|p2a: Weezing
|-damage|p2a: Weezing|0 fnt
|faint|p2a: Weezing
|
|-heal|p1a: Cradily|286\/314 tox|[from] item: Leftovers
|-damage|p1a: Cradily|229\/314 tox|[from] psn
|upkeep
|choice||switch 2
|
|switch|p2a: Audino|Audino-Mega, F|319\/364
|-damage|p2a: Audino|274\/364|[from] Stealth Rock
|turn|20
|choice|move toxic|move wish
|
|move|p2a: Audino|Wish|p2a: Audino
|move|p1a: Cradily|Toxic|p2a: Audino
|-status|p2a: Audino|tox
|
|-heal|p1a: Cradily|248\/314 tox|[from] item: Leftovers
|-damage|p2a: Audino|252\/364 tox|[from] psn
|-damage|p1a: Cradily|172\/314 tox|[from] psn
|upkeep
|turn|21
|choice|move ancientpower|move healbell
|
|move|p2a: Audino|Heal Bell|p2a: Audino
|-activate|p2a: Audino|move: Heal Bell
|-curestatus|p2a: Audino|tox|[msg]
|move|p1a: Cradily|Ancient Power|p2a: Audino
|-damage|p2a: Audino|212\/364
|
|-heal|p2a: Audino|364\/364|[from] move: Wish|[wisher] Audino
|-heal|p1a: Cradily|191\/314 tox|[from] item: Leftovers
|-damage|p1a: Cradily|96\/314 tox|[from] psn
|upkeep
|turn|22
|choice|move toxic|move wish
|
|move|p2a: Audino|Wish|p2a: Audino
|move|p1a: Cradily|Toxic|p2a: Audino
|-status|p2a: Audino|tox
|
|-heal|p1a: Cradily|115\/314 tox|[from] item: Leftovers
|-damage|p2a: Audino|342\/364 tox|[from] psn
|-damage|p1a: Cradily|1\/314 tox|[from] psn
|upkeep
|turn|23
|choice|move ancientpower|move healbell
|
|move|p2a: Audino|Heal Bell|p2a: Audino
|-activate|p2a: Audino|move: Heal Bell
|-curestatus|p2a: Audino|tox|[msg]
|move|p1a: Cradily|Ancient Power|p2a: Audino
|-damage|p2a: Audino|302\/364
|
|-heal|p2a: Audino|364\/364|[from] move: Wish|[wisher] Audino
|-heal|p1a: Cradily|20\/314 tox|[from] item: Leftovers
|-damage|p1a: Cradily|0 fnt|[from] psn
|upkeep
|faint|p1a: Cradily
|choice|switch 5|
|
|switch|p1a: Pyroar|Pyroar, M|166\/314
|-ability|p1a: Pyroar|Unnerve|p2: Danian42
|turn|24
|choice|move flamethrower|move toxic
|
|move|p1a: Pyroar|Flamethrower|p2a: Audino
|-damage|p2a: Audino|229\/364
|move|p2a: Audino|Toxic|p1a: Pyroar
|-status|p1a: Pyroar|tox
|
|-damage|p1a: Pyroar|147\/314 tox|[from] psn
|upkeep
|turn|25
|choice|switch 4|move wish
|
|switch|p1a: Claydol|Claydol|126\/300
|move|p2a: Audino|Wish|p2a: Audino
|
|-heal|p1a: Claydol|144\/300|[from] item: Leftovers
|upkeep
|turn|26
|choice|move lightscreen|move toxic
|
|move|p1a: Claydol|Light Screen|p1a: Claydol
|-sidestart|p1: hyeah|move: Light Screen
|move|p2a: Audino|Toxic|p1a: Claydol
|-status|p1a: Claydol|tox
|
|-heal|p2a: Audino|364\/364|[from] move: Wish|[wisher] Audino
|-heal|p1a: Claydol|162\/300 tox|[from] item: Leftovers
|-damage|p1a: Claydol|144\/300 tox|[from] psn
|upkeep
|turn|27
|choice|move explosion|move wish
|
|move|p1a: Claydol|Explosion|p2a: Audino
|-damage|p2a: Audino|257\/364
|faint|p1a: Claydol
|move|p2a: Audino|Wish|p2a: Audino
|
|upkeep
|choice|switch 6|
|
|switch|p1a: Muk|Muk, M|156\/352 brn
|turn|28
|choice|move rest|move icebeam
|
|move|p2a: Audino|Ice Beam|p1a: Muk
|-damage|p1a: Muk|136\/352 brn
|move|p1a: Muk|Rest|p1a: Muk
|-status|p1a: Muk|slp
|-heal|p1a: Muk|352\/352 slp|[silent]
|-status|p1a: Muk|slp|[from] move: Rest
|
|-heal|p2a: Audino|364\/364|[from] move: Wish|[wisher] Audino
|upkeep
|turn|29
|choice|move poisonjab|switch 4
|
|switch|p2a: Archeops|Archeops, F|292\/292
|-damage|p2a: Archeops|219\/292|[from] Stealth Rock
|cant|p1a: Muk|slp
|
|upkeep
|turn|30
|choice|move poisonjab|move stealthrock
|
|move|p2a: Archeops|Stealth Rock|p1a: Muk
|-sidestart|p1: hyeah|move: Stealth Rock
|cant|p1a: Muk|slp
|
|-sideend|p1: hyeah|move: Light Screen
|upkeep
|turn|31
|choice|move poisonjab|move stoneedge
|
|move|p2a: Archeops|Stone Edge|p1a: Muk
|-damage|p1a: Muk|177\/352 slp
|-curestatus|p1a: Muk|slp|[msg]
|move|p1a: Muk|Poison Jab|p2a: Archeops
|-resisted|p2a: Archeops
|-damage|p2a: Archeops|155\/292
|
|-heal|p1a: Muk|199\/352|[from] item: Black Sludge
|upkeep
|turn|32
|choice|move poisonjab|move stoneedge
|
|move|p2a: Archeops|Stone Edge|p1a: Muk|[miss]
|-miss|p2a: Archeops|p1a: Muk
|move|p1a: Muk|Poison Jab|p2a: Archeops
|-resisted|p2a: Archeops
|-damage|p2a: Archeops|86\/292
|-status|p2a: Archeops|psn
|
|-heal|p1a: Muk|221\/352|[from] item: Black Sludge
|-damage|p2a: Archeops|50\/292 psn|[from] psn
|upkeep
|turn|33
|choice|move shadowsneak|move endeavor
|
|move|p1a: Muk|Shadow Sneak|p2a: Archeops
|-damage|p2a: Archeops|1\/292 psn
|move|p2a: Archeops|Endeavor|p1a: Muk
|-damage|p1a: Muk|1\/352
|
|-heal|p1a: Muk|23\/352|[from] item: Black Sludge
|-damage|p2a: Archeops|0 fnt|[from] psn
|upkeep
|faint|p2a: Archeops
|choice||switch 6
|
|switch|p2a: Mismagius|Mismagius, M|229\/261
|-damage|p2a: Mismagius|197\/261|[from] Stealth Rock
|turn|34
|choice|move shadowsneak|move dazzlinggleam
|
|move|p1a: Muk|Shadow Sneak|p2a: Mismagius
|-supereffective|p2a: Mismagius
|-damage|p2a: Mismagius|107\/261
|-status|p2a: Mismagius|psn|[from] ability: Poison Touch|[of] p1a: Muk
|move|p2a: Mismagius|Dazzling Gleam|p1a: Muk
|-resisted|p1a: Muk
|-damage|p1a: Muk|0 fnt
|faint|p1a: Muk
|
|-damage|p2a: Mismagius|75\/261 psn|[from] psn
|upkeep
|choice|switch 2|
|
|switch|p1a: Primeape|Primeape, F|272\/272
|-damage|p1a: Primeape|255\/272|[from] Stealth Rock
|turn|35
|choice|move rockslide|move dazzlinggleam
|
|move|p2a: Mismagius|Dazzling Gleam|p1a: Primeape
|-supereffective|p1a: Primeape
|-damage|p1a: Primeape|47\/272
|move|p1a: Primeape|Rock Slide|p2a: Mismagius
|-crit|p2a: Mismagius
|-damage|p2a: Mismagius|0 fnt
|-damage|p1a: Primeape|20\/272|[from] item: Life Orb
|faint|p2a: Mismagius
|
|upkeep
|choice||switch 4
|
|switch|p2a: Audino|Audino-Mega, F|364\/364
|-damage|p2a: Audino|319\/364|[from] Stealth Rock
|turn|36
|choice|move closecombat|switch 5
|
|switch|p2a: Articuno|Articuno|384\/384
|-damage|p2a: Articuno|192\/384|[from] Stealth Rock
|-ability|p2a: Articuno|Pressure
|move|p1a: Primeape|Close Combat|p2a: Articuno
|-damage|p2a: Articuno|0 fnt
|-unboost|p1a: Primeape|def|1
|-unboost|p1a: Primeape|spd|1
|-damage|p1a: Primeape|0 fnt|[from] item: Life Orb
|faint|p2a: Articuno
|faint|p1a: Primeape
|
|upkeep
|choice|switch 4|switch 3
|
|switch|p1a: Pyroar|Pyroar, M|147\/314 tox
|switch|p2a: Electivire|Electivire, M|297\/297
|-ability|p1a: Pyroar|Unnerve|p2: Danian42
|-damage|p1a: Pyroar|69\/314 tox|[from] Stealth Rock
|-damage|p2a: Electivire|260\/297|[from] Stealth Rock
|turn|37
|c|★Danian42|GG
|choice|move flamethrower|move thunderpunch
|
|move|p1a: Pyroar|Flamethrower|p2a: Electivire
|-damage|p2a: Electivire|2\/297
|move|p2a: Electivire|Thunder Punch|p1a: Pyroar
|-damage|p1a: Pyroar|0 fnt
|faint|p1a: Pyroar
|
|win|Danian42
|player|p1
|player|p2
|raw|hyeah's rating: 1000 &rarr; <strong>1000<\/strong><br \/>(+0 for losing)
|raw|Danian42's rating: 1045 &rarr; <strong>1074<\/strong><br \/>(+29 for winning)
|l|Danian42</script>
</div>
<div class="battle-log battle-log-inline"><div class="inner"><div class="battle-options"></div><div class="inner"><div class="chat"><small>hyeah joined.</small></div><div class="chat"><small>Danian42 joined.</small></div><div class=""><small>Format:</small> <br><strong>NU</strong></div><div class="rated"><strong>Rated battle</strong></div><div class=""><small><em>Sleep Clause Mod:</em> Limit one foe put to sleep</small></div><div class=""><small><em>Species Clause:</em> Limit one of each Pokémon</small></div><div class=""><small><em>OHKO Clause:</em> OHKO moves are banned</small></div><div class=""><small><em>Moody Clause:</em> Moody is banned</small></div><div class=""><small><em>Evasion Moves Clause:</em> Evasion moves are banned</small></div><div class=""><small><em>Endless Battle Clause:</em> Forcing endless battles is banned</small></div><div class=""><small><em>HP Percentage Mod:</em> HP is shown in percentages</small></div><div class=""><small><em>Swagger Clause:</em> Swagger is banned</small></div><div class=""><small><em>Baton Pass Clause:</em> Limit one Baton Passer, can't pass Spe and other stats simultaneously</small></div><div class="chat battle-history"><strong>hyeah's team:</strong> <em style="color:#445566;display:block;">Cradily / Claydol / Primeape / Jynx / Muk / Pyroar</em></div><div class="chat battle-history"><strong>Danian42's team:</strong> <em style="color:#445566;display:block;">Archeops / Mismagius / Electivire / Articuno / Weezing / Audino</em></div><div class="spacer battle-history"><br></div><div class="battle-history">Battle started between hyeah and Danian42!<br></div><div class="spacer battle-history"><br></div><div class="battle-history">Go! <strong>Primeape</strong>!<br></div><div class="spacer battle-history"><br></div><div class="battle-history">Danian42 sent out <strong>Archeops</strong>!<br></div><div class="spacer battle-history"><br></div><h2 class="battle-history">Turn 1</h2><div class="spacer battle-history"><br></div><div class="battle-history">Primeape, come back!<br></div><div class="battle-history">Go! <strong>Claydol</strong>!<br></div><div class="spacer battle-history"><br></div><div class="battle-history">The opposing Archeops used <strong>Stealth Rock</strong>!<br></div><div class="battle-history"><small>Pointed stones float in the air around your team!</small><br></div><div class="spacer battle-history"><br></div><h2 class="battle-history">Turn 2</h2><div class="spacer battle-history"><br></div><div class="battle-history">The opposing Archeops used <strong>U-turn</strong>!<br></div><div class="battle-history"><small>It's super effective!</small><br></div><div class="battle-history"><small>A critical hit!</small><br></div><div class="battle-history"><small>(Claydol lost <abbr title="−192/300">64%</abbr> of its health!)</small><br></div><div class="spacer battle-history"><br></div><div class="battle-history">The opposing Archeops went back to Danian42!<br></div><div class="battle-history">Danian42 sent out <strong>Articuno</strong>!<br></div><div class="battle-history"><small>[The opposing Articuno's Pressure]</small><br><small>The opposing Articuno is exerting its pressure!</small><br></div><div class="spacer battle-history"><br></div><div class="battle-history">Claydol used <strong>Rapid Spin</strong>!<br></div><div class="battle-history"><small>(The opposing Articuno lost <abbr title="−15/384">3.9%</abbr> of its health!)</small><br></div><div class="battle-history"><small>The pointed stones disappeared from around your team!</small><br></div><div class="spacer battle-history"><br></div><div class="battle-history"><small>The opposing Articuno restored a little HP using its Leftovers!</small><br></div><div class="battle-history"><small>Claydol restored a little HP using its Leftovers!</small><br></div><div class="spacer battle-history"><br></div><h2 class="battle-history">Turn 3</h2><div class="spacer battle-history"><br></div><div class="battle-history">Claydol, come back!<br></div><div class="battle-history">Go! <strong>Jynx</strong>!<br></div><div class="spacer battle-history"><br></div><div class="battle-history">The opposing Articuno used <strong>Freeze-Dry</strong>!<br></div><div class="battle-history"><small>It's not very effective...</small><br></div><div class="battle-history"><small>(Jynx lost <abbr title="−38/271">14.0%</abbr> of its health!)</small><br></div><div class="spacer battle-history"><br></div><h2 class="battle-history">Turn 4</h2><div class="spacer battle-history"><br></div><div class="battle-history">Jynx used <strong>Trick</strong>!<br></div><div class="battle-history"><small>Jynx switched items with its target!</small><br></div><div class="battle-history"><small>The opposing Articuno obtained one Choice Scarf.</small><br></div><div class="battle-history"><small>Jynx obtained one Leftovers.</small><br></div><div class="spacer battle-history"><br></div><div class="battle-history">The opposing Articuno used <strong>Hidden Power</strong>!<br></div><div class="battle-history"><small>It's super effective!</small><br></div><div class="battle-history"><small>(Jynx lost <abbr title="−120/271">44.3%</abbr> of its health!)</small><br></div><div class="spacer battle-history"><br></div><div class="battle-history"><small>Jynx restored a little HP using its Leftovers!</small><br></div><div class="spacer battle-history"><br></div><h2 class="battle-history">Turn 5</h2><div class="spacer battle-history"><br></div><div class="battle-history">Jynx used <strong>Focus Blast</strong>!<br></div><div class="battle-history"><small>The opposing Articuno avoided the attack!</small><br></div><div class="spacer battle-history"><br></div><div class="battle-history">The opposing Articuno used <strong>Hidden Power</strong>!<br></div><div class="battle-history"><small>It's super effective!</small><br></div><div class="battle-history"><small>(Jynx lost <abbr title="−120/271">44.3%</abbr> of its health!)</small><br></div><div class="spacer battle-history"><br></div><div class="battle-history"><small>Jynx restored a little HP using its Leftovers!</small><br></div><div class="spacer battle-history"><br></div><h2 class="battle-history">Turn 6</h2><div class="spacer battle-history"><br></div><div class="battle-history">Jynx used <strong>Focus Blast</strong>!<br></div><div class="battle-history"><small>The opposing Articuno avoided the attack!</small><br></div><div class="spacer battle-history"><br></div><div class="battle-history">The opposing Articuno used <strong>Hidden Power</strong>!<br></div><div class="battle-history"><small>It's super effective!</small><br></div><div class="battle-history"><small>(Jynx lost <abbr title="−25/271">9.2%</abbr> of its health!)</small><br></div><div class="spacer battle-history"><br></div><div class="battle-history">Jynx fainted!<br></div><div class="spacer battle-history"><br></div><div class="battle-history">Go! <strong>Cradily</strong>!<br></div><div class="spacer battle-history"><br></div><h2 class="battle-history">Turn 7</h2><div class="spacer battle-history"><br></div><div class="battle-history">Danian42 withdrew Articuno!<br></div><div class="battle-history">Danian42 sent out <strong>Weezing</strong>!<br></div><div class="spacer battle-history"><br></div><div class="battle-history">Cradily used <strong>Stealth Rock</strong>!<br></div><div class="battle-history"><small>Pointed stones float in the air around the opposing team!</small><br></div><div class="spacer battle-history"><br></div><h2 class="battle-history">Turn 8</h2><div class="spacer battle-history"><br></div><div class="battle-history">Cradily, come back!<br></div><div class="battle-history">Go! <strong>Muk</strong>!<br></div><div class="spacer battle-history"><br></div><div class="battle-history">The opposing Weezing used <strong>Will-O-Wisp</strong>!<br></div><div class="battle-history"><small>Muk was burned!</small><br></div><div class="spacer battle-history"><br></div><div class="battle-history"><small>Muk was hurt by its burn!</small><br></div><div class="spacer battle-history"><br></div><h2 class="battle-history">Turn 9</h2><div class="spacer battle-history"><br></div><div class="battle-history">The opposing Weezing used <strong>Thunderbolt</strong>!<br></div><div class="battle-history"><small>(Muk lost <abbr title="−46/352">13.1%</abbr> of its health!)</small><br></div><div class="spacer battle-history"><br></div><div class="battle-history">Muk used <strong>Curse</strong>!<br></div><div class="battle-history"><small>Muk's Speed fell!</small><br></div><div class="battle-history"><small>Muk's Attack rose!</small><br></div><div class="battle-history"><small>Muk's Defense rose!</small><br></div><div class="spacer battle-history"><br></div><div class="battle-history"><small>Muk restored a little HP using its Black Sludge!</small><br></div><div class="battle-history"><small>Muk was hurt by its burn!</small><br></div><div class="spacer battle-history"><br></div><h2 class="battle-history">Turn 10</h2><div class="spacer battle-history"><br></div><div class="battle-history">The opposing Weezing used <strong>Clear Smog</strong>!<br></div><div class="battle-history"><small>It's not very effective...</small><br></div><div class="battle-history"><small>(Muk lost <abbr title="−21/352">6.0%</abbr> of its health!)</small><br></div><div class="battle-history"><small>Muk's stat changes were removed!</small><br></div><div class="spacer battle-history"><br></div><div class="battle-history">Muk used <strong>Curse</strong>!<br></div><div class="battle-history"><small>Muk's Speed fell!</small><br></div><div class="battle-history"><small>Muk's Attack rose!</small><br></div><div class="battle-history"><small>Muk's Defense rose!</small><br></div><div class="spacer battle-history"><br></div><div class="battle-history"><small>Muk restored a little HP using its Black Sludge!</small><br></div><div class="battle-history"><small>Muk was hurt by its burn!</small><br></div><div class="spacer battle-history"><br></div><h2 class="battle-history">Turn 11</h2><div class="spacer battle-history"><br></div><div class="battle-history">The opposing Weezing used <strong>Clear Smog</strong>!<br></div><div class="battle-history"><small>It's not very effective...</small><br></div><div class="battle-history"><small>(Muk lost <abbr title="−19/352">5.4%</abbr> of its health!)</small><br></div><div class="battle-history"><small>Muk's stat changes were removed!</small><br></div><div class="spacer battle-history"><br></div><div class="battle-history">Muk used <strong>Curse</strong>!<br></div><div class="battle-history"><small>Muk's Speed fell!</small><br></div><div class="battle-history"><small>Muk's Attack rose!</small><br></div><div class="battle-history"><small>Muk's Defense rose!</small><br></div><div class="spacer battle-history"><br></div><div class="battle-history"><small>Muk restored a little HP using its Black Sludge!</small><br></div><div class="battle-history"><small>Muk was hurt by its burn!</small><br></div><div class="spacer battle-history"><br></div><h2 class="battle-history">Turn 12</h2><div class="spacer battle-history"><br></div><div class="battle-history">Muk, come back!<br></div><div class="battle-history">Go! <strong>Pyroar</strong>!<br></div><div class="battle-history"><small>[Pyroar's Unnerve]</small><br><small>The opposing team is too nervous to eat Berries!</small><br></div><div class="spacer battle-history"><br></div><div class="battle-history">The opposing Weezing used <strong>Clear Smog</strong>!<br></div><div class="battle-history"><small>(Pyroar lost <abbr title="−67/314">21.3%</abbr> of its health!)</small><br></div><div class="battle-history"><small>Pyroar's stat changes were removed!</small><br></div><div class="spacer battle-history"><br></div><h2 class="battle-history">Turn 13</h2><div class="spacer battle-history"><br></div><div class="battle-history">Pyroar used <strong>Hyper Voice</strong>!<br></div><div class="battle-history"><small>(The opposing Weezing lost <abbr title="−280/334">83.8%</abbr> of its health!)</small><br></div><div class="spacer battle-history"><br></div><div class="battle-history">The opposing Weezing used <strong>Thunderbolt</strong>!<br></div><div class="battle-history"><small>(Pyroar lost <abbr title="−81/314">25.8%</abbr> of its health!)</small><br></div><div class="spacer battle-history"><br></div><div class="battle-history"><small>The opposing Weezing restored a little HP using its Black Sludge!</small><br></div><div class="spacer battle-history"><br></div><h2 class="battle-history">Turn 14</h2><div class="spacer battle-history"><br></div><div class="battle-history">Danian42 withdrew Weezing!<br></div><div class="battle-history">Danian42 sent out <strong>Mismagius</strong>!<br></div><div class="battle-history"><small>Pointed stones dug into the opposing Mismagius!</small><br></div><div class="spacer battle-history"><br></div><div class="battle-history">Pyroar used <strong>Hyper Voice</strong>!<br></div><div class="battle-history"><small>It doesn't affect the opposing Mismagius...</small><br></div><div class="spacer battle-history"><br></div><h2 class="battle-history">Turn 15</h2><div class="spacer battle-history"><br></div><div class="battle-history">Pyroar, come back!<br></div><div class="battle-history">Go! <strong>Cradily</strong>!<br></div><div class="spacer battle-history"><br></div><div class="battle-history">The opposing Mismagius used <strong>Dazzling Gleam</strong>!<br></div><div class="battle-history"><small>(Cradily lost <abbr title="−66/314">21.0%</abbr> of its health!)</small><br></div><div class="spacer battle-history"><br></div><div class="battle-history"><small>Cradily restored a little HP using its Leftovers!</small><br></div><div class="spacer battle-history"><br></div><h2 class="battle-history">Turn 16</h2><div class="spacer battle-history"><br></div><div class="battle-history">Danian42 withdrew Mismagius!<br></div><div class="battle-history">Danian42 sent out <strong>Audino</strong>!<br></div><div class="battle-history"><small>Pointed stones dug into the opposing Audino!</small><br></div><div class="spacer battle-history"><br></div><div class="battle-history">Cradily used <strong>Stockpile</strong>!<br></div><div class="battle-history"><small>Cradily stockpiled 1!</small><br></div><div class="battle-history"><small>Cradily's Defense rose!</small><br></div><div class="battle-history"><small>Cradily's Special Defense rose!</small><br></div><div class="spacer battle-history"><br></div><div class="battle-history"><small>Cradily restored a little HP using its Leftovers!</small><br></div><div class="spacer battle-history"><br></div><h2 class="battle-history">Turn 17</h2><div class="spacer battle-history"><br></div><div class="battle-history"><small>The opposing Audino's Audinite is reacting to Danian42's Mega Bracelet!</small><br>The opposing Audino has Mega Evolved into Mega Audino!<br></div><div class="spacer battle-history"><br></div><div class="battle-history">The opposing Audino used <strong>Toxic</strong>!<br></div><div class="battle-history"><small>Cradily was badly poisoned!</small><br></div><div class="spacer battle-history"><br></div><div class="battle-history">Cradily used <strong>Stockpile</strong>!<br></div><div class="battle-history"><small>Cradily stockpiled 2!</small><br></div><div class="battle-history"><small>Cradily's Defense rose!</small><br></div><div class="battle-history"><small>Cradily's Special Defense rose!</small><br></div><div class="spacer battle-history"><br></div><div class="battle-history"><small>Cradily restored a little HP using its Leftovers!</small><br></div><div class="battle-history"><small>Cradily was hurt by poison!</small><br></div><div class="spacer battle-history"><br></div><h2 class="battle-history">Turn 18</h2><div class="spacer battle-history"><br></div><div class="battle-history">The opposing Audino used <strong>Wish</strong>!<br></div><div class="spacer battle-history"><br></div><div class="battle-history">Cradily used <strong>Toxic</strong>!<br></div><div class="battle-history"><small>The opposing Audino avoided the attack!</small><br></div><div class="spacer battle-history"><br></div><div class="battle-history"><small>Cradily restored a little HP using its Leftovers!</small><br></div><div class="battle-history"><small>Cradily was hurt by poison!</small><br></div><div class="spacer battle-history"><br></div><h2 class="battle-history">Turn 19</h2><div class="spacer battle-history"><br></div><div class="battle-history">Danian42 withdrew Audino!<br></div><div class="battle-history">Danian42 sent out <strong>Weezing</strong>!<br></div><div class="battle-history"><small>Pointed stones dug into the opposing Weezing!</small><br></div><div class="spacer battle-history"><br></div><div class="battle-history">Cradily used <strong>Ancient Power</strong>!<br></div><div class="battle-history"><small>(The opposing Weezing lost <abbr title="−33/334">9.9%</abbr> of its health!)</small><br></div><div class="spacer battle-history"><br></div><div class="battle-history">The opposing Weezing fainted!<br></div><div class="spacer battle-history"><br></div><div class="battle-history"><small>Cradily restored a little HP using its Leftovers!</small><br></div><div class="battle-history"><small>Cradily was hurt by poison!</small><br></div><div class="spacer battle-history"><br></div><div class="battle-history">Danian42 sent out Audino (<strong>Audino-Mega</strong>)!<br></div><div class="battle-history"><small>Pointed stones dug into the opposing Audino!</small><br></div><div class="spacer battle-history"><br></div><h2 class="battle-history">Turn 20</h2><div class="spacer battle-history"><br></div><div class="battle-history">The opposing Audino used <strong>Wish</strong>!<br></div><div class="spacer battle-history"><br></div><div class="battle-history">Cradily used <strong>Toxic</strong>!<br></div><div class="battle-history"><small>The opposing Audino was badly poisoned!</small><br></div><div class="spacer battle-history"><br></div><div class="battle-history"><small>Cradily restored a little HP using its Leftovers!</small><br></div><div class="battle-history"><small>The opposing Audino was hurt by poison!</small><br></div><div class="battle-history"><small>Cradily was hurt by poison!</small><br></div><div class="spacer battle-history"><br></div><h2 class="battle-history">Turn 21</h2><div class="spacer battle-history"><br></div><div class="battle-history">The opposing Audino used <strong>Heal Bell</strong>!<br></div><div class="battle-history"><small>A bell chimed!</small><br></div><div class="battle-history"><small>The opposing Audino was cured of its poisoning.</small><br></div><div class="spacer battle-history"><br></div><div class="battle-history">Cradily used <strong>Ancient Power</strong>!<br></div><div class="battle-history"><small>(The opposing Audino lost <abbr title="−40/364">11.0%</abbr> of its health!)</small><br></div><div class="spacer battle-history"><br></div><div class="battle-history"><small>Audino's wish came true!</small><br></div><div class="battle-history"><small>Cradily restored a little HP using its Leftovers!</small><br></div><div class="battle-history"><small>Cradily was hurt by poison!</small><br></div><div class="spacer battle-history"><br></div><h2 class="battle-history">Turn 22</h2><div class="spacer battle-history"><br></div><div class="battle-history">The opposing Audino used <strong>Wish</strong>!<br></div><div class="spacer battle-history"><br></div><div class="battle-history">Cradily used <strong>Toxic</strong>!<br></div><div class="battle-history"><small>The opposing Audino was badly poisoned!</small><br></div><div class="spacer battle-history"><br></div><div class="battle-history"><small>Cradily restored a little HP using its Leftovers!</small><br></div><div class="battle-history"><small>The opposing Audino was hurt by poison!</small><br></div><div class="battle-history"><small>Cradily was hurt by poison!</small><br></div><div class="spacer battle-history"><br></div><h2 class="battle-history">Turn 23</h2><div class="spacer battle-history"><br></div><div class="battle-history">The opposing Audino used <strong>Heal Bell</strong>!<br></div><div class="battle-history"><small>A bell chimed!</small><br></div><div class="battle-history"><small>The opposing Audino was cured of its poisoning.</small><br></div><div class="spacer battle-history"><br></div><div class="battle-history">Cradily used <strong>Ancient Power</strong>!<br></div><div class="battle-history"><small>(The opposing Audino lost <abbr title="−40/364">11.0%</abbr> of its health!)</small><br></div><div class="spacer battle-history"><br></div><div class="battle-history"><small>Audino's wish came true!</small><br></div><div class="battle-history"><small>Cradily restored a little HP using its Leftovers!</small><br></div><div class="battle-history"><small>Cradily was hurt by poison!</small><br></div><div class="spacer battle-history"><br></div><div class="battle-history">Cradily fainted!<br></div><div class="spacer battle-history"><br></div><div class="battle-history">Go! <strong>Pyroar</strong>!<br></div><div class="battle-history"><small>[Pyroar's Unnerve]</small><br><small>The opposing team is too nervous to eat Berries!</small><br></div><div class="spacer battle-history"><br></div><h2 class="battle-history">Turn 24</h2><div class="spacer battle-history"><br></div><div class="battle-history">Pyroar used <strong>Flamethrower</strong>!<br></div><div class="battle-history"><small>(The opposing Audino lost <abbr title="−135/364">37.1%</abbr> of its health!)</small><br></div><div class="spacer battle-history"><br></div><div class="battle-history">The opposing Audino used <strong>Toxic</strong>!<br></div><div class="battle-history"><small>Pyroar was badly poisoned!</small><br></div><div class="spacer battle-history"><br></div><div class="battle-history"><small>Pyroar was hurt by poison!</small><br></div><div class="spacer battle-history"><br></div><h2 class="battle-history">Turn 25</h2><div class="spacer battle-history"><br></div><div class="battle-history">Pyroar, come back!<br></div><div class="battle-history">Go! <strong>Claydol</strong>!<br></div><div class="spacer battle-history"><br></div><div class="battle-history">The opposing Audino used <strong>Wish</strong>!<br></div><div class="spacer battle-history"><br></div><div class="battle-history"><small>Claydol restored a little HP using its Leftovers!</small><br></div><div class="spacer battle-history"><br></div><h2 class="battle-history">Turn 26</h2><div class="spacer battle-history"><br></div><div class="battle-history">Claydol used <strong>Light Screen</strong>!<br></div><div class="battle-history"><small>Light Screen made your team stronger against special moves!</small><br></div><div class="spacer battle-history"><br></div><div class="battle-history">The opposing Audino used <strong>Toxic</strong>!<br></div><div class="battle-history"><small>Claydol was badly poisoned!</small><br></div><div class="spacer battle-history"><br></div><div class="battle-history"><small>Audino's wish came true!</small><br></div><div class="battle-history"><small>Claydol restored a little HP using its Leftovers!</small><br></div><div class="battle-history"><small>Claydol was hurt by poison!</small><br></div><div class="spacer battle-history"><br></div><h2 class="battle-history">Turn 27</h2><div class="spacer battle-history"><br></div><div class="battle-history">Claydol used <strong>Explosion</strong>!<br></div><div class="battle-history"><small>(The opposing Audino lost <abbr title="−107/364">29.4%</abbr> of its health!)</small><br></div><div class="spacer battle-history"><br></div><div class="battle-history">Claydol fainted!<br></div><div class="battle-history">The opposing Audino used <strong>Wish</strong>!<br></div><div class="spacer battle-history"><br></div><div class="battle-history">Go! <strong>Muk</strong>!<br></div><div class="spacer battle-history"><br></div><h2 class="battle-history">Turn 28</h2><div class="spacer battle-history"><br></div><div class="battle-history">The opposing Audino used <strong>Ice Beam</strong>!<br></div><div class="battle-history"><small>(Muk lost <abbr title="−20/352">5.7%</abbr> of its health!)</small><br></div><div class="spacer battle-history"><br></div><div class="battle-history">Muk used <strong>Rest</strong>!<br></div><div class="battle-history"><small>Muk fell asleep!</small><br></div><div class="battle-history"><small>Muk slept and became healthy!</small><br></div><div class="spacer battle-history"><br></div><div class="battle-history"><small>Audino's wish came true!</small><br></div><div class="spacer battle-history"><br></div><h2 class="battle-history">Turn 29</h2><div class="spacer battle-history"><br></div><div class="battle-history">Danian42 withdrew Audino!<br></div><div class="battle-history">Danian42 sent out <strong>Archeops</strong>!<br></div><div class="battle-history"><small>Pointed stones dug into the opposing Archeops!</small><br></div><div class="spacer battle-history"><br></div><div class="battle-history">Muk is fast asleep.<br></div><div class="spacer battle-history"><br></div><h2 class="battle-history">Turn 30</h2><div class="spacer battle-history"><br></div><div class="battle-history">The opposing Archeops used <strong>Stealth Rock</strong>!<br></div><div class="battle-history"><small>Pointed stones float in the air around your team!</small><br></div><div class="spacer battle-history"><br></div><div class="battle-history">Muk is fast asleep.<br></div><div class="spacer battle-history"><br></div><div class="battle-history"><small>Your team's Light Screen wore off!</small><br></div><div class="spacer battle-history"><br></div><h2 class="battle-history">Turn 31</h2><div class="spacer battle-history"><br></div><div class="battle-history">The opposing Archeops used <strong>Stone Edge</strong>!<br></div><div class="battle-history"><small>(Muk lost <abbr title="−175/352">49.7%</abbr> of its health!)</small><br></div><div class="battle-history"><small>Muk woke up!</small><br></div><div class="spacer battle-history"><br></div><div class="battle-history">Muk used <strong>Poison Jab</strong>!<br></div><div class="battle-history"><small>It's not very effective...</small><br></div><div class="battle-history"><small>(The opposing Archeops lost <abbr title="−64/292">21.9%</abbr> of its health!)</small><br></div><div class="spacer battle-history"><br></div><div class="battle-history"><small>Muk restored a little HP using its Black Sludge!</small><br></div><div class="spacer battle-history"><br></div><h2 class="battle-history">Turn 32</h2><div class="spacer battle-history"><br></div><div class="battle-history">The opposing Archeops used <strong>Stone Edge</strong>!<br></div><div class="battle-history"><small>Muk avoided the attack!</small><br></div><div class="spacer battle-history"><br></div><div class="battle-history">Muk used <strong>Poison Jab</strong>!<br></div><div class="battle-history"><small>It's not very effective...</small><br></div><div class="battle-history"><small>(The opposing Archeops lost <abbr title="−69/292">23.6%</abbr> of its health!)</small><br></div><div class="battle-history"><small>The opposing Archeops was poisoned!</small><br></div><div class="spacer battle-history"><br></div><div class="battle-history"><small>Muk restored a little HP using its Black Sludge!</small><br></div><div class="battle-history"><small>The opposing Archeops was hurt by poison!</small><br></div><div class="spacer battle-history"><br></div><h2 class="battle-history">Turn 33</h2><div class="spacer battle-history"><br></div><div class="battle-history">Muk used <strong>Shadow Sneak</strong>!<br></div><div class="battle-history"><small>(The opposing Archeops lost <abbr title="−49/292">16.8%</abbr> of its health!)</small><br></div><div class="spacer battle-history"><br></div><div class="battle-history">The opposing Archeops used <strong>Endeavor</strong>!<br></div><div class="battle-history"><small>(Muk lost <abbr title="−220/352">62.5%</abbr> of its health!)</small><br></div><div class="spacer battle-history"><br></div><div class="battle-history"><small>Muk restored a little HP using its Black Sludge!</small><br></div><div class="battle-history"><small>The opposing Archeops was hurt by poison!</small><br></div><div class="spacer battle-history"><br></div><div class="battle-history">The opposing Archeops fainted!<br></div><div class="spacer battle-history"><br></div><div class="battle-history">Danian42 sent out <strong>Mismagius</strong>!<br></div><div class="battle-history"><small>Pointed stones dug into the opposing Mismagius!</small><br></div><div class="spacer battle-history"><br></div><h2 class="battle-history">Turn 34</h2><div class="spacer battle-history"><br></div><div class="battle-history">Muk used <strong>Shadow Sneak</strong>!<br></div><div class="battle-history"><small>It's super effective!</small><br></div><div class="battle-history"><small>(The opposing Mismagius lost <abbr title="−90/261">34.5%</abbr> of its health!)</small><br></div><div class="battle-history"><small>[Muk's Poison Touch]</small><br><small>The opposing Mismagius was poisoned!</small><br></div><div class="spacer battle-history"><br></div><div class="battle-history">The opposing Mismagius used <strong>Dazzling Gleam</strong>!<br></div><div class="battle-history"><small>It's not very effective...</small><br></div><div class="battle-history"><small>(Muk lost <abbr title="−23/352">6.5%</abbr> of its health!)</small><br></div><div class="spacer battle-history"><br></div><div class="battle-history">Muk fainted!<br></div><div class="spacer battle-history"><br></div><div class="battle-history"><small>The opposing Mismagius was hurt by poison!</small><br></div><div class="spacer battle-history"><br></div><div class="battle-history">Go! <strong>Primeape</strong>!<br></div><div class="battle-history"><small>Pointed stones dug into Primeape!</small><br></div><div class="spacer battle-history"><br></div><h2 class="battle-history">Turn 35</h2><div class="spacer battle-history"><br></div><div class="battle-history">The opposing Mismagius used <strong>Dazzling Gleam</strong>!<br></div><div class="battle-history"><small>It's super effective!</small><br></div><div class="battle-history"><small>(Primeape lost <abbr title="−208/272">76.5%</abbr> of its health!)</small><br></div><div class="spacer battle-history"><br></div><div class="battle-history">Primeape used <strong>Rock Slide</strong>!<br></div><div class="battle-history"><small>A critical hit!</small><br></div><div class="battle-history"><small>(The opposing Mismagius lost <abbr title="−75/261">28.7%</abbr> of its health!)</small><br></div><div class="battle-history"><small>Primeape lost some of its HP!</small><br></div><div class="spacer battle-history"><br></div><div class="battle-history">The opposing Mismagius fainted!<br></div><div class="spacer battle-history"><br></div><div class="battle-history">Danian42 sent out Audino (<strong>Audino-Mega</strong>)!<br></div><div class="battle-history"><small>Pointed stones dug into the opposing Audino!</small><br></div><div class="spacer battle-history"><br></div><h2 class="battle-history">Turn 36</h2><div class="spacer battle-history"><br></div><div class="battle-history">Danian42 withdrew Audino!<br></div><div class="battle-history">Danian42 sent out <strong>Articuno</strong>!<br></div><div class="battle-history"><small>Pointed stones dug into the opposing Articuno!</small><br></div><div class="battle-history"><small>[The opposing Articuno's Pressure]</small><br><small>The opposing Articuno is exerting its pressure!</small><br></div><div class="spacer battle-history"><br></div><div class="battle-history">Primeape used <strong>Close Combat</strong>!<br></div><div class="battle-history"><small>(The opposing Articuno lost <abbr title="−192/384">50%</abbr> of its health!)</small><br></div><div class="battle-history"><small>Primeape's Defense fell!</small><br></div><div class="battle-history"><small>Primeape's Special Defense fell!</small><br></div><div class="battle-history"><small>Primeape lost some of its HP!</small><br></div><div class="spacer battle-history"><br></div><div class="battle-history">The opposing Articuno fainted!<br></div><div class="battle-history">Primeape fainted!<br></div><div class="spacer battle-history"><br></div><div class="battle-history">Go! <strong>Pyroar</strong>!<br></div><div class="spacer battle-history"><br></div><div class="battle-history">Danian42 sent out <strong>Electivire</strong>!<br></div><div class="battle-history"><small>[Pyroar's Unnerve]</small><br><small>The opposing team is too nervous to eat Berries!</small><br></div><div class="battle-history"><small>Pointed stones dug into Pyroar!</small><br></div><div class="battle-history"><small>Pointed stones dug into the opposing Electivire!</small><br></div><div class="spacer battle-history"><br></div><h2 class="battle-history">Turn 37</h2><div class="chat chatmessage-danian42"><strong style="color:hsl(257,61%,55.662633790964335%)"><small>★</small><span class="username" data-name="Danian42">Danian42</span>:</strong> <em>GG</em></div><div class="spacer battle-history"><br></div><div class="battle-history">Pyroar used <strong>Flamethrower</strong>!<br></div><div class="battle-history"><small>(The opposing Electivire lost <abbr title="−258/297">86.9%</abbr> of its health!)</small><br></div><div class="spacer battle-history"><br></div><div class="battle-history">The opposing Electivire used <strong>Thunder Punch</strong>!<br></div><div class="battle-history"><small>(Pyroar lost <abbr title="−69/314">22.0%</abbr> of its health!)</small><br></div><div class="spacer battle-history"><br></div><div class="battle-history">Pyroar fainted!<br></div><div class="spacer battle-history"><br></div><div class="battle-history"><strong>Danian42</strong> won the battle!<br></div><div class="chat">hyeah's rating: 1000 → <strong>1000</strong><br>(+0 for losing)</div><div class="chat">Danian42's rating: 1045 → <strong>1074</strong><br>(+29 for winning)</div><div class="chat"><small>Danian42 left.</small></div></div><div class="inner-preempt"></div></div></div>
</div>
<script>
let daily = Math.floor(Date.now()/1000/60/60/24);document.write('<script src="https://play.pokemonshowdown.com/js/replay-embed.js?version'+daily+'"></'+'script>');
</script>
