<!DOCTYPE html>
<meta charset="utf-8" />
<!-- version 1 -->
<title>NU replay: FascismRules vs. Mega-Amphi</title>
<style>
html,body {font-family:Verdana, sans-serif;font-size:10pt;margin:0;padding:0;}body{padding:12px 0;} .battle-log {font-family:Verdana, sans-serif;font-size:10pt;} .battle-log-inline {border:1px solid #AAAAAA;background:#EEF2F5;color:black;max-width:640px;margin:0 auto 80px;padding-bottom:5px;} .battle-log .inner {padding:4px 8px 0px 8px;} .battle-log .inner-preempt {padding:0 8px 4px 8px;} .battle-log .inner-after {margin-top:0.5em;} .battle-log h2 {margin:0.5em -8px;padding:4px 8px;border:1px solid #AAAAAA;background:#E0E7EA;border-left:0;border-right:0;font-family:Verdana, sans-serif;font-size:13pt;} .battle-log .chat {vertical-align:middle;padding:3px 0 3px 0;font-size:8pt;} .battle-log .chat strong {color:#40576A;} .battle-log .chat em {padding:1px 4px 1px 3px;color:#000000;font-style:normal;} .chat.mine {background:rgba(0,0,0,0.05);margin-left:-8px;margin-right:-8px;padding-left:8px;padding-right:8px;} .spoiler {color:#BBBBBB;background:#BBBBBB;padding:0px 3px;} .spoiler:hover, .spoiler:active, .spoiler-shown {color:#000000;background:#E2E2E2;padding:0px 3px;} .spoiler a {color:#BBBBBB;} .spoiler:hover a, .spoiler:active a, .spoiler-shown a {color:#2288CC;} .chat code, .chat .spoiler:hover code, .chat .spoiler:active code, .chat .spoiler-shown code {border:1px solid #C0C0C0;background:#EEEEEE;color:black;padding:0 2px;} .chat .spoiler code {border:1px solid #CCCCCC;background:#CCCCCC;color:#CCCCCC;} .battle-log .rated {padding:3px 4px;} .battle-log .rated strong {color:white;background:#89A;padding:1px 4px;border-radius:4px;} .spacer {margin-top:0.5em;} .message-announce {background:#6688AA;color:white;padding:1px 4px 2px;} .message-announce a, .broadcast-green a, .broadcast-blue a, .broadcast-red a {color:#DDEEFF;} .broadcast-green {background-color:#559955;color:white;padding:2px 4px;} .broadcast-blue {background-color:#6688AA;color:white;padding:2px 4px;} .infobox {border:1px solid #6688AA;padding:2px 4px;} .infobox-limited {max-height:200px;overflow:auto;overflow-x:hidden;} .broadcast-red {background-color:#AA5544;color:white;padding:2px 4px;} .message-learn-canlearn {font-weight:bold;color:#228822;text-decoration:underline;} .message-learn-cannotlearn {font-weight:bold;color:#CC2222;text-decoration:underline;} .message-effect-weak {font-weight:bold;color:#CC2222;} .message-effect-resist {font-weight:bold;color:#6688AA;} .message-effect-immune {font-weight:bold;color:#666666;} .message-learn-list {margin-top:0;margin-bottom:0;} .message-throttle-notice, .message-error {color:#992222;} .message-overflow, .chat small.message-overflow {font-size:0pt;} .message-overflow::before {font-size:9pt;content:'...';} .subtle {color:#3A4A66;}
</style>
<div class="wrapper replay-wrapper" style="max-width:1180px;margin:0 auto">
<input type="hidden" name="replayid" value="nu-524103870" />
<div class="battle"></div><div class="battle-log"></div><div class="replay-controls"></div><div class="replay-controls-2"></div>
<h1 style="font-weight:normal;text-align:center"><strong>NU</strong><br /><a href="http://pokemonshowdown.com/users/fascismrules" class="subtle" target="_blank">FascismRules</a> vs. <a href="http://pokemonshowdown.com/users/megaamphi" class="subtle" target="_blank">Mega-Amphi</a></h1>
<script type="text/plain" class="battle-log-data">|j|FascismRules
|j|Mega-Amphi
|player|p1|FascismRules|274
|player|p2|Mega-Amphi|167
|gametype|singles
|gen|6
|tier|NU
|rated
|seed|62844,27278,26869,20972
|rule|Sleep Clause Mod: Limit one foe put to sleep
|rule|Species Clause: Limit one of each Pokémon
|rule|OHKO Clause: OHKO moves are banned
|rule|Moody Clause: Moody is banned
|rule|Evasion Moves Clause: Evasion moves are banned
|rule|Endless Battle Clause: Forcing endless battles is banned
|rule|HP Percentage Mod: HP is shown in percentages
|clearpoke
|poke|p1|Swellow, M|item
|poke|p1|Carracosta, M|item
|poke|p1|Electivire, M|item
|poke|p1|Exeggutor, M|item
|poke|p1|Pyroar, F|item
|poke|p1|Pinsir, M|item
|poke|p2|Electivire, M|item
|poke|p2|Haunter, M, shiny|item
|poke|p2|Klinklang, shiny|item
|poke|p2|Malamar, M|item
|poke|p2|Claydol, shiny|item
|poke|p2|Charizard, F|item
|rule|Swagger Clause: Swagger is banned
|rule|Baton Pass Clause: Limit one Baton Passer, can't pass Spe and other stats simultaneously
|teampreview
|c|★FascismRules|good luck
|choice|team 2, team 1, team 3, team 4, team 5, team 6|team 2, team 1, team 3, team 4, team 5, team 6
|
|start
|switch|p1a: Carracosta|Carracosta, M|352\/352
|switch|p2a: Haunter|Haunter, M, shiny|231\/231
|turn|1
|c|★Mega-Amphi|good luck
|choice|move stealthrock|move shadowball
|
|move|p2a: Haunter|Shadow Ball|p1a: Carracosta
|-damage|p1a: Carracosta|102\/352
|-damage|p2a: Haunter|208\/231|[from] item: Life Orb
|move|p1a: Carracosta|Stealth Rock|p2a: Haunter
|-sidestart|p2: Mega-Amphi|move: Stealth Rock
|
|-heal|p1a: Carracosta|124\/352|[from] item: Leftovers
|upkeep
|turn|2
|choice|switch 6|move dazzlinggleam
|
|switch|p1a: Pinsir|Pinsir, M|334\/334
|move|p2a: Haunter|Dazzling Gleam|p1a: Pinsir
|-crit|p1a: Pinsir
|-damage|p1a: Pinsir|169\/334
|-damage|p2a: Haunter|185\/231|[from] item: Life Orb
|
|upkeep
|turn|3
|choice|move knockoff|move sludgebomb
|
|move|p2a: Haunter|Sludge Bomb|p1a: Pinsir
|-damage|p1a: Pinsir|4\/334
|-status|p1a: Pinsir|psn
|-damage|p2a: Haunter|162\/231|[from] item: Life Orb
|move|p1a: Pinsir|Knock Off|p2a: Haunter
|-supereffective|p2a: Haunter
|-damage|p2a: Haunter|0 fnt
|-enditem|p2a: Haunter|Life Orb|[from] move: Knock Off|[of] p1a: Pinsir
|faint|p2a: Haunter
|-ability|p1a: Pinsir|Moxie|boost
|-boost|p1a: Pinsir|atk|1
|
|-damage|p1a: Pinsir|0 fnt|[from] psn
|upkeep
|faint|p1a: Pinsir
|choice|switch 3|switch 5
|
|switch|p1a: Electivire|Electivire, M|291\/291
|switch|p2a: Claydol|Claydol, shiny|294\/294
|-damage|p2a: Claydol|276\/294|[from] Stealth Rock
|turn|4
|choice|switch 4|move rapidspin
|
|switch|p1a: Exeggutor|Exeggutor, M|394\/394
|move|p2a: Claydol|Rapid Spin|p1a: Exeggutor
|-damage|p1a: Exeggutor|383\/394
|-sideend|p2: Mega-Amphi|Stealth Rock|[from] move: Rapid Spin|[of] p2a: Claydol
|
|-heal|p2a: Claydol|294\/294|[from] item: Leftovers
|upkeep
|turn|5
|choice|move gigadrain|switch 6
|
|switch|p2a: Charizard|Charizard, F|297\/297
|move|p1a: Exeggutor|Giga Drain|p2a: Charizard
|-resisted|p2a: Charizard
|-crit|p2a: Charizard
|-damage|p2a: Charizard|239\/297
|-heal|p1a: Exeggutor|394\/394|[from] drain|[of] p2a: Charizard
|
|upkeep
|turn|6
|choice|switch 4|move willowisp
|
|switch|p1a: Electivire|Electivire, M|291\/291
|move|p2a: Charizard|Will-O-Wisp|p1a: Electivire
|-status|p1a: Electivire|brn
|
|-damage|p1a: Electivire|255\/291 brn|[from] brn
|upkeep
|turn|7
|choice|move thunderpunch|switch 6
|
|switch|p2a: Claydol|Claydol, shiny|294\/294
|move|p1a: Electivire|Thunder Punch|p2a: Claydol
|-immune|p2a: Claydol|[msg]
|
|-damage|p1a: Electivire|219\/291 brn|[from] brn
|upkeep
|turn|8
|choice|switch 6|move stealthrock
|
|switch|p1a: Carracosta|Carracosta, M|124\/352
|move|p2a: Claydol|Stealth Rock|p1a: Carracosta
|-sidestart|p1: FascismRules|move: Stealth Rock
|
|-heal|p1a: Carracosta|146\/352|[from] item: Leftovers
|upkeep
|turn|9
|choice|move aquatail|move earthpower
|
|move|p2a: Claydol|Earth Power|p1a: Carracosta
|-supereffective|p1a: Carracosta
|-damage|p1a: Carracosta|0 fnt
|faint|p1a: Carracosta
|
|upkeep
|choice|switch 2|
|
|switch|p1a: Swellow|Swellow, M|261\/261
|-damage|p1a: Swellow|196\/261|[from] Stealth Rock
|turn|10
|choice|move protect|switch 3
|
|switch|p2a: Klinklang|Klinklang, shiny|281\/281
|move|p1a: Swellow|Protect|p1a: Swellow
|-fail|p1a: Swellow
|
|-status|p1a: Swellow|brn|[from] item: Flame Orb
|upkeep
|turn|11
|choice|switch 5|move shiftgear
|
|switch|p1a: Pyroar|Pyroar, F|313\/313
|-damage|p1a: Pyroar|235\/313|[from] Stealth Rock
|move|p2a: Klinklang|Shift Gear|p2a: Klinklang
|-boost|p2a: Klinklang|spe|2
|-boost|p2a: Klinklang|atk|1
|
|-heal|p1a: Pyroar|254\/313|[from] item: Leftovers
|upkeep
|turn|12
|choice|move flamecharge|move return
|
|move|p2a: Klinklang|Return|p1a: Pyroar
|-damage|p1a: Pyroar|53\/313
|move|p1a: Pyroar|Flame Charge|p2a: Klinklang
|-supereffective|p2a: Klinklang
|-damage|p2a: Klinklang|179\/281
|-boost|p1a: Pyroar|spe|1
|
|-heal|p2a: Klinklang|196\/281|[from] item: Leftovers
|-heal|p1a: Pyroar|72\/313|[from] item: Leftovers
|upkeep
|turn|13
|choice|move willowisp|move return
|
|move|p2a: Klinklang|Return|p1a: Pyroar
|-crit|p1a: Pyroar
|-damage|p1a: Pyroar|0 fnt
|faint|p1a: Pyroar
|
|-heal|p2a: Klinklang|213\/281|[from] item: Leftovers
|upkeep
|choice|switch 4|
|
|switch|p1a: Exeggutor|Exeggutor, M|394\/394
|-damage|p1a: Exeggutor|345\/394|[from] Stealth Rock
|turn|14
|choice|move reflect|move substitute
|
|move|p2a: Klinklang|Substitute|p2a: Klinklang
|-start|p2a: Klinklang|Substitute
|-damage|p2a: Klinklang|143\/281
|move|p1a: Exeggutor|Reflect|p1a: Exeggutor
|-sidestart|p1: FascismRules|Reflect
|
|-heal|p2a: Klinklang|160\/281|[from] item: Leftovers
|upkeep
|turn|15
|choice|move gigadrain|move shiftgear
|
|move|p2a: Klinklang|Shift Gear|p2a: Klinklang
|-boost|p2a: Klinklang|spe|2
|-boost|p2a: Klinklang|atk|1
|move|p1a: Exeggutor|Giga Drain|p2a: Klinklang
|-resisted|p2a: Klinklang
|-end|p2a: Klinklang|Substitute
|-heal|p1a: Exeggutor|380\/394|[from] drain|[of] p2a: Klinklang
|
|-heal|p2a: Klinklang|177\/281|[from] item: Leftovers
|upkeep
|turn|16
|choice|switch 6|move substitute
|
|switch|p1a: Electivire|Electivire, M|219\/291 brn
|-damage|p1a: Electivire|183\/291 brn|[from] Stealth Rock
|move|p2a: Klinklang|Substitute|p2a: Klinklang
|-start|p2a: Klinklang|Substitute
|-damage|p2a: Klinklang|107\/281
|
|-heal|p2a: Klinklang|124\/281|[from] item: Leftovers
|-damage|p1a: Electivire|147\/291 brn|[from] brn
|upkeep
|turn|17
|l|FascismRules
|player|p1
|j|FascismRules
|player|p1|FascismRules|274
|choice|move firepunch|move return
|
|move|p2a: Klinklang|Return|p1a: Electivire
|-damage|p1a: Electivire|0 fnt
|faint|p1a: Electivire
|
|-heal|p2a: Klinklang|141\/281|[from] item: Leftovers
|upkeep
|choice|switch 6|
|
|switch|p1a: Exeggutor|Exeggutor, M|380\/394
|-damage|p1a: Exeggutor|331\/394|[from] Stealth Rock
|turn|18
|choice|move gigadrain|move geargrind
|
|move|p2a: Klinklang|Gear Grind|p1a: Exeggutor
|-damage|p1a: Exeggutor|236\/394
|-damage|p1a: Exeggutor|146\/394
|-enditem|p1a: Exeggutor|Sitrus Berry|[eat]
|-heal|p1a: Exeggutor|244\/394|[from] item: Sitrus Berry
|-hitcount|p1a: Exeggutor|2
|move|p1a: Exeggutor|Giga Drain|p2a: Klinklang
|-resisted|p2a: Klinklang
|-end|p2a: Klinklang|Substitute
|-heal|p1a: Exeggutor|279\/394|[from] drain|[of] p2a: Klinklang
|
|-heal|p2a: Klinklang|158\/281|[from] item: Leftovers
|-sideend|p1: FascismRules|Reflect
|upkeep
|turn|19
|choice|move gigadrain|move geargrind
|
|move|p2a: Klinklang|Gear Grind|p1a: Exeggutor
|-damage|p1a: Exeggutor|104\/394
|-crit|p1a: Exeggutor
|-damage|p1a: Exeggutor|0 fnt
|-hitcount|p1a: Exeggutor|2
|faint|p1a: Exeggutor
|
|-heal|p2a: Klinklang|175\/281|[from] item: Leftovers
|upkeep
|c|★FascismRules|gg
|choice|switch 5|
|
|switch|p1a: Swellow|Swellow, M|196\/261 brn
|-damage|p1a: Swellow|131\/261 brn|[from] Stealth Rock
|turn|20
|c|★Mega-Amphi|GG
|choice|move quickattack|move geargrind
|
|move|p1a: Swellow|Quick Attack|p2a: Klinklang
|-resisted|p2a: Klinklang
|-damage|p2a: Klinklang|139\/281
|move|p2a: Klinklang|Gear Grind|p1a: Swellow|[miss]
|-miss|p2a: Klinklang|p1a: Swellow
|
|-heal|p2a: Klinklang|156\/281|[from] item: Leftovers
|-damage|p1a: Swellow|99\/261 brn|[from] brn
|upkeep
|turn|21
|choice|move facade|move geargrind
|
|move|p2a: Klinklang|Gear Grind|p1a: Swellow
|-damage|p1a: Swellow|0 fnt
|-hitcount|p1a: Swellow|1
|faint|p1a: Swellow
|
|win|Mega-Amphi
|player|p1
|player|p2
|l|FascismRules
|raw|FascismRules's rating: 1125 &rarr; <strong>1095<\/strong><br \/>(-30 for losing)
|raw|Mega-Amphi's rating: 1054 &rarr; <strong>1092<\/strong><br \/>(+38 for winning)</script>
</div>
<div class="battle-log battle-log-inline"><div class="inner"><div class="battle-options"></div><div class="inner"><div class="chat"><small>FascismRules joined.</small></div><div class="chat"><small>Mega-Amphi joined.</small></div><div class=""><small>Format:</small> <br><strong>NU</strong></div><div class="rated"><strong>Rated battle</strong></div><div class=""><small><em>Sleep Clause Mod:</em> Limit one foe put to sleep</small></div><div class=""><small><em>Species Clause:</em> Limit one of each Pokémon</small></div><div class=""><small><em>OHKO Clause:</em> OHKO moves are banned</small></div><div class=""><small><em>Moody Clause:</em> Moody is banned</small></div><div class=""><small><em>Evasion Moves Clause:</em> Evasion moves are banned</small></div><div class=""><small><em>Endless Battle Clause:</em> Forcing endless battles is banned</small></div><div class=""><small><em>HP Percentage Mod:</em> HP is shown in percentages</small></div><div class=""><small><em>Swagger Clause:</em> Swagger is banned</small></div><div class=""><small><em>Baton Pass Clause:</em> Limit one Baton Passer, can't pass Spe and other stats simultaneously</small></div><div class="chat battle-history"><strong>FascismRules's team:</strong> <em style="color:#445566;display:block;">Swellow / Carracosta / Electivire / Exeggutor / Pyroar / Pinsir</em></div><div class="chat battle-history"><strong>Mega-Amphi's team:</strong> <em style="color:#445566;display:block;">Electivire / Haunter / Klinklang / Malamar / Claydol / Charizard</em></div><div class="chat chatmessage-fascismrules"><strong style="color:hsl(111,53%,33.45278518743834%)"><small>★</small><span class="username" data-name="FascismRules">FascismRules</span>:</strong> <em>good luck</em></div><div class="spacer battle-history"><br></div><div class="battle-history">Battle started between FascismRules and Mega-Amphi!<br></div><div class="spacer battle-history"><br></div><div class="battle-history">Go! <strong>Carracosta</strong>!<br></div><div class="spacer battle-history"><br></div><div class="battle-history">Mega-Amphi sent out <strong>Haunter</strong>!<br></div><div class="spacer battle-history"><br></div><h2 class="battle-history">Turn 1</h2><div class="chat chatmessage-megaamphi"><strong style="color:hsl(233,75%,62.33452545163854%)"><small>★</small><span class="username" data-name="Mega-Amphi">Mega-Amphi</span>:</strong> <em>good luck</em></div><div class="spacer battle-history"><br></div><div class="battle-history">The opposing Haunter used <strong>Shadow Ball</strong>!<br></div><div class="battle-history"><small>(Carracosta lost <abbr title="−250/352">71.0%</abbr> of its health!)</small><br></div><div class="battle-history"><small>The opposing Haunter lost some of its HP!</small><br></div><div class="spacer battle-history"><br></div><div class="battle-history">Carracosta used <strong>Stealth Rock</strong>!<br></div><div class="battle-history"><small>Pointed stones float in the air around the opposing team!</small><br></div><div class="spacer battle-history"><br></div><div class="battle-history"><small>Carracosta restored a little HP using its Leftovers!</small><br></div><div class="spacer battle-history"><br></div><h2 class="battle-history">Turn 2</h2><div class="spacer battle-history"><br></div><div class="battle-history">Carracosta, come back!<br></div><div class="battle-history">Go! <strong>Pinsir</strong>!<br></div><div class="spacer battle-history"><br></div><div class="battle-history">The opposing Haunter used <strong>Dazzling Gleam</strong>!<br></div><div class="battle-history"><small>A critical hit!</small><br></div><div class="battle-history"><small>(Pinsir lost <abbr title="−165/334">49.4%</abbr> of its health!)</small><br></div><div class="battle-history"><small>The opposing Haunter lost some of its HP!</small><br></div><div class="spacer battle-history"><br></div><h2 class="battle-history">Turn 3</h2><div class="spacer battle-history"><br></div><div class="battle-history">The opposing Haunter used <strong>Sludge Bomb</strong>!<br></div><div class="battle-history"><small>(Pinsir lost <abbr title="−165/334">49.4%</abbr> of its health!)</small><br></div><div class="battle-history"><small>Pinsir was poisoned!</small><br></div><div class="battle-history"><small>The opposing Haunter lost some of its HP!</small><br></div><div class="spacer battle-history"><br></div><div class="battle-history">Pinsir used <strong>Knock Off</strong>!<br></div><div class="battle-history"><small>It's super effective!</small><br></div><div class="battle-history"><small>(The opposing Haunter lost <abbr title="−162/231">70.1%</abbr> of its health!)</small><br></div><div class="battle-history"><small>Pinsir knocked off the opposing Haunter's Life Orb!</small><br></div><div class="spacer battle-history"><br></div><div class="battle-history">The opposing Haunter fainted!<br></div><div class="battle-history"><small>[Pinsir's Moxie]</small><br></div><div class="battle-history"><small>Pinsir's Attack rose!</small><br></div><div class="spacer battle-history"><br></div><div class="battle-history"><small>Pinsir was hurt by poison!</small><br></div><div class="spacer battle-history"><br></div><div class="battle-history">Pinsir fainted!<br></div><div class="spacer battle-history"><br></div><div class="battle-history">Go! <strong>Electivire</strong>!<br></div><div class="spacer battle-history"><br></div><div class="battle-history">Mega-Amphi sent out <strong>Claydol</strong>!<br></div><div class="battle-history"><small>Pointed stones dug into the opposing Claydol!</small><br></div><div class="spacer battle-history"><br></div><h2 class="battle-history">Turn 4</h2><div class="spacer battle-history"><br></div><div class="battle-history">Electivire, come back!<br></div><div class="battle-history">Go! <strong>Exeggutor</strong>!<br></div><div class="spacer battle-history"><br></div><div class="battle-history">The opposing Claydol used <strong>Rapid Spin</strong>!<br></div><div class="battle-history"><small>(Exeggutor lost <abbr title="−11/394">2.8%</abbr> of its health!)</small><br></div><div class="battle-history"><small>The pointed stones disappeared from around the opposing team!</small><br></div><div class="spacer battle-history"><br></div><div class="battle-history"><small>The opposing Claydol restored a little HP using its Leftovers!</small><br></div><div class="spacer battle-history"><br></div><h2 class="battle-history">Turn 5</h2><div class="spacer battle-history"><br></div><div class="battle-history">Mega-Amphi withdrew Claydol!<br></div><div class="battle-history">Mega-Amphi sent out <strong>Charizard</strong>!<br></div><div class="spacer battle-history"><br></div><div class="battle-history">Exeggutor used <strong>Giga Drain</strong>!<br></div><div class="battle-history"><small>It's not very effective...</small><br></div><div class="battle-history"><small>A critical hit!</small><br></div><div class="battle-history"><small>(The opposing Charizard lost <abbr title="−58/297">19.5%</abbr> of its health!)</small><br></div><div class="battle-history"><small>The opposing Charizard had its energy drained!</small><br></div><div class="spacer battle-history"><br></div><h2 class="battle-history">Turn 6</h2><div class="spacer battle-history"><br></div><div class="battle-history">Exeggutor, come back!<br></div><div class="battle-history">Go! <strong>Electivire</strong>!<br></div><div class="spacer battle-history"><br></div><div class="battle-history">The opposing Charizard used <strong>Will-O-Wisp</strong>!<br></div><div class="battle-history"><small>Electivire was burned!</small><br></div><div class="spacer battle-history"><br></div><div class="battle-history"><small>Electivire was hurt by its burn!</small><br></div><div class="spacer battle-history"><br></div><h2 class="battle-history">Turn 7</h2><div class="spacer battle-history"><br></div><div class="battle-history">Mega-Amphi withdrew Charizard!<br></div><div class="battle-history">Mega-Amphi sent out <strong>Claydol</strong>!<br></div><div class="spacer battle-history"><br></div><div class="battle-history">Electivire used <strong>Thunder Punch</strong>!<br></div><div class="battle-history"><small>It doesn't affect the opposing Claydol...</small><br></div><div class="spacer battle-history"><br></div><div class="battle-history"><small>Electivire was hurt by its burn!</small><br></div><div class="spacer battle-history"><br></div><h2 class="battle-history">Turn 8</h2><div class="spacer battle-history"><br></div><div class="battle-history">Electivire, come back!<br></div><div class="battle-history">Go! <strong>Carracosta</strong>!<br></div><div class="spacer battle-history"><br></div><div class="battle-history">The opposing Claydol used <strong>Stealth Rock</strong>!<br></div><div class="battle-history"><small>Pointed stones float in the air around your team!</small><br></div><div class="spacer battle-history"><br></div><div class="battle-history"><small>Carracosta restored a little HP using its Leftovers!</small><br></div><div class="spacer battle-history"><br></div><h2 class="battle-history">Turn 9</h2><div class="spacer battle-history"><br></div><div class="battle-history">The opposing Claydol used <strong>Earth Power</strong>!<br></div><div class="battle-history"><small>It's super effective!</small><br></div><div class="battle-history"><small>(Carracosta lost <abbr title="−146/352">41.5%</abbr> of its health!)</small><br></div><div class="spacer battle-history"><br></div><div class="battle-history">Carracosta fainted!<br></div><div class="spacer battle-history"><br></div><div class="battle-history">Go! <strong>Swellow</strong>!<br></div><div class="battle-history"><small>Pointed stones dug into Swellow!</small><br></div><div class="spacer battle-history"><br></div><h2 class="battle-history">Turn 10</h2><div class="spacer battle-history"><br></div><div class="battle-history">Mega-Amphi withdrew Claydol!<br></div><div class="battle-history">Mega-Amphi sent out <strong>Klinklang</strong>!<br></div><div class="spacer battle-history"><br></div><div class="battle-history">Swellow used <strong>Protect</strong>!<br></div><div class="battle-history"><small>But it failed!</small><br></div><div class="spacer battle-history"><br></div><div class="battle-history"><small>Swellow was burned!</small><br></div><div class="spacer battle-history"><br></div><h2 class="battle-history">Turn 11</h2><div class="spacer battle-history"><br></div><div class="battle-history">Swellow, come back!<br></div><div class="battle-history">Go! <strong>Pyroar</strong>!<br></div><div class="battle-history"><small>Pointed stones dug into Pyroar!</small><br></div><div class="spacer battle-history"><br></div><div class="battle-history">The opposing Klinklang used <strong>Shift Gear</strong>!<br></div><div class="battle-history"><small>The opposing Klinklang's Speed rose sharply!</small><br></div><div class="battle-history"><small>The opposing Klinklang's Attack rose!</small><br></div><div class="spacer battle-history"><br></div><div class="battle-history"><small>Pyroar restored a little HP using its Leftovers!</small><br></div><div class="spacer battle-history"><br></div><h2 class="battle-history">Turn 12</h2><div class="spacer battle-history"><br></div><div class="battle-history">The opposing Klinklang used <strong>Return</strong>!<br></div><div class="battle-history"><small>(Pyroar lost <abbr title="−201/313">64.2%</abbr> of its health!)</small><br></div><div class="spacer battle-history"><br></div><div class="battle-history">Pyroar used <strong>Flame Charge</strong>!<br></div><div class="battle-history"><small>It's super effective!</small><br></div><div class="battle-history"><small>(The opposing Klinklang lost <abbr title="−102/281">36.3%</abbr> of its health!)</small><br></div><div class="battle-history"><small>Pyroar's Speed rose!</small><br></div><div class="spacer battle-history"><br></div><div class="battle-history"><small>The opposing Klinklang restored a little HP using its Leftovers!</small><br></div><div class="battle-history"><small>Pyroar restored a little HP using its Leftovers!</small><br></div><div class="spacer battle-history"><br></div><h2 class="battle-history">Turn 13</h2><div class="spacer battle-history"><br></div><div class="battle-history">The opposing Klinklang used <strong>Return</strong>!<br></div><div class="battle-history"><small>A critical hit!</small><br></div><div class="battle-history"><small>(Pyroar lost <abbr title="−72/313">23.0%</abbr> of its health!)</small><br></div><div class="spacer battle-history"><br></div><div class="battle-history">Pyroar fainted!<br></div><div class="spacer battle-history"><br></div><div class="battle-history"><small>The opposing Klinklang restored a little HP using its Leftovers!</small><br></div><div class="spacer battle-history"><br></div><div class="battle-history">Go! <strong>Exeggutor</strong>!<br></div><div class="battle-history"><small>Pointed stones dug into Exeggutor!</small><br></div><div class="spacer battle-history"><br></div><h2 class="battle-history">Turn 14</h2><div class="spacer battle-history"><br></div><div class="battle-history">The opposing Klinklang used <strong>Substitute</strong>!<br></div><div class="battle-history"><small>The opposing Klinklang put in a substitute!</small><br></div><div class="battle-history"><small>(The opposing Klinklang lost <abbr title="−70/281">24.9%</abbr> of its health!)</small><br></div><div class="spacer battle-history"><br></div><div class="battle-history">Exeggutor used <strong>Reflect</strong>!<br></div><div class="battle-history"><small>Reflect made your team stronger against physical moves!</small><br></div><div class="spacer battle-history"><br></div><div class="battle-history"><small>The opposing Klinklang restored a little HP using its Leftovers!</small><br></div><div class="spacer battle-history"><br></div><h2 class="battle-history">Turn 15</h2><div class="spacer battle-history"><br></div><div class="battle-history">The opposing Klinklang used <strong>Shift Gear</strong>!<br></div><div class="battle-history"><small>The opposing Klinklang's Speed rose sharply!</small><br></div><div class="battle-history"><small>The opposing Klinklang's Attack rose!</small><br></div><div class="spacer battle-history"><br></div><div class="battle-history">Exeggutor used <strong>Giga Drain</strong>!<br></div><div class="battle-history"><small>It's not very effective...</small><br></div><div class="battle-history"><small>The opposing Klinklang's substitute faded!</small><br></div><div class="battle-history"><small>The opposing Klinklang had its energy drained!</small><br></div><div class="spacer battle-history"><br></div><div class="battle-history"><small>The opposing Klinklang restored a little HP using its Leftovers!</small><br></div><div class="spacer battle-history"><br></div><h2 class="battle-history">Turn 16</h2><div class="spacer battle-history"><br></div><div class="battle-history">Exeggutor, come back!<br></div><div class="battle-history">Go! <strong>Electivire</strong>!<br></div><div class="battle-history"><small>Pointed stones dug into Electivire!</small><br></div><div class="spacer battle-history"><br></div><div class="battle-history">The opposing Klinklang used <strong>Substitute</strong>!<br></div><div class="battle-history"><small>The opposing Klinklang put in a substitute!</small><br></div><div class="battle-history"><small>(The opposing Klinklang lost <abbr title="−70/281">24.9%</abbr> of its health!)</small><br></div><div class="spacer battle-history"><br></div><div class="battle-history"><small>The opposing Klinklang restored a little HP using its Leftovers!</small><br></div><div class="battle-history"><small>Electivire was hurt by its burn!</small><br></div><div class="spacer battle-history"><br></div><h2 class="battle-history">Turn 17</h2><div class="chat"><small>FascismRules left.</small></div><div class="chat"><small>FascismRules joined.</small></div><div class="spacer battle-history"><br></div><div class="battle-history">The opposing Klinklang used <strong>Return</strong>!<br></div><div class="battle-history"><small>(Electivire lost <abbr title="−147/291">50.5%</abbr> of its health!)</small><br></div><div class="spacer battle-history"><br></div><div class="battle-history">Electivire fainted!<br></div><div class="spacer battle-history"><br></div><div class="battle-history"><small>The opposing Klinklang restored a little HP using its Leftovers!</small><br></div><div class="spacer battle-history"><br></div><div class="battle-history">Go! <strong>Exeggutor</strong>!<br></div><div class="battle-history"><small>Pointed stones dug into Exeggutor!</small><br></div><div class="spacer battle-history"><br></div><h2 class="battle-history">Turn 18</h2><div class="spacer battle-history"><br></div><div class="battle-history">The opposing Klinklang used <strong>Gear Grind</strong>!<br></div><div class="battle-history"><small>(Exeggutor lost <abbr title="−95/394">24.1%</abbr> of its health!)</small><br></div><div class="battle-history"><small>(Exeggutor lost <abbr title="−90/394">22.8%</abbr> of its health!)</small><br></div><div class="battle-history"><small>Exeggutor ate its Sitrus Berry!</small><br></div><div class="battle-history"><small>Exeggutor restored HP using its Sitrus Berry!</small><br></div><div class="battle-history"><small>Hit 2 times!</small><br></div><div class="spacer battle-history"><br></div><div class="battle-history">Exeggutor used <strong>Giga Drain</strong>!<br></div><div class="battle-history"><small>It's not very effective...</small><br></div><div class="battle-history"><small>The opposing Klinklang's substitute faded!</small><br></div><div class="battle-history"><small>The opposing Klinklang had its energy drained!</small><br></div><div class="spacer battle-history"><br></div><div class="battle-history"><small>The opposing Klinklang restored a little HP using its Leftovers!</small><br></div><div class="battle-history"><small>Your team's Reflect wore off!</small><br></div><div class="spacer battle-history"><br></div><h2 class="battle-history">Turn 19</h2><div class="spacer battle-history"><br></div><div class="battle-history">The opposing Klinklang used <strong>Gear Grind</strong>!<br></div><div class="battle-history"><small>(Exeggutor lost <abbr title="−175/394">44.4%</abbr> of its health!)</small><br></div><div class="battle-history"><small>A critical hit!</small><br></div><div class="battle-history"><small>(Exeggutor lost <abbr title="−104/394">26.4%</abbr> of its health!)</small><br></div><div class="battle-history"><small>Hit 2 times!</small><br></div><div class="spacer battle-history"><br></div><div class="battle-history">Exeggutor fainted!<br></div><div class="spacer battle-history"><br></div><div class="battle-history"><small>The opposing Klinklang restored a little HP using its Leftovers!</small><br></div><div class="chat chatmessage-fascismrules"><strong style="color:hsl(111,53%,33.45278518743834%)"><small>★</small><span class="username" data-name="FascismRules">FascismRules</span>:</strong> <em>gg</em></div><div class="spacer battle-history"><br></div><div class="battle-history">Go! <strong>Swellow</strong>!<br></div><div class="battle-history"><small>Pointed stones dug into Swellow!</small><br></div><div class="spacer battle-history"><br></div><h2 class="battle-history">Turn 20</h2><div class="chat chatmessage-megaamphi"><strong style="color:hsl(233,75%,62.33452545163854%)"><small>★</small><span class="username" data-name="Mega-Amphi">Mega-Amphi</span>:</strong> <em>GG</em></div><div class="spacer battle-history"><br></div><div class="battle-history">Swellow used <strong>Quick Attack</strong>!<br></div><div class="battle-history"><small>It's not very effective...</small><br></div><div class="battle-history"><small>(The opposing Klinklang lost <abbr title="−36/281">12.8%</abbr> of its health!)</small><br></div><div class="spacer battle-history"><br></div><div class="battle-history">The opposing Klinklang used <strong>Gear Grind</strong>!<br></div><div class="battle-history"><small>Swellow avoided the attack!</small><br></div><div class="spacer battle-history"><br></div><div class="battle-history"><small>The opposing Klinklang restored a little HP using its Leftovers!</small><br></div><div class="battle-history"><small>Swellow was hurt by its burn!</small><br></div><div class="spacer battle-history"><br></div><h2 class="battle-history">Turn 21</h2><div class="spacer battle-history"><br></div><div class="battle-history">The opposing Klinklang used <strong>Gear Grind</strong>!<br></div><div class="battle-history"><small>(Swellow lost <abbr title="−99/261">37.9%</abbr> of its health!)</small><br></div><div class="battle-history"><small>Hit 1 time!</small><br></div><div class="spacer battle-history"><br></div><div class="battle-history">Swellow fainted!<br></div><div class="spacer battle-history"><br></div><div class="battle-history"><strong>Mega-Amphi</strong> won the battle!<br></div><div class="chat"><small>FascismRules left.</small></div><div class="chat">FascismRules's rating: 1125 → <strong>1095</strong><br>(-30 for losing)</div><div class="chat">Mega-Amphi's rating: 1054 → <strong>1092</strong><br>(+38 for winning)</div></div><div class="inner-preempt"></div></div></div>
</div>
<script>
let daily = Math.floor(Date.now()/1000/60/60/24);document.write('<script src="https://play.pokemonshowdown.com/js/replay-embed.js?version'+daily+'"></'+'script>');
</script>
