<!DOCTYPE html>
<meta charset="utf-8" />
<!-- version 1 -->
<title>NU replay: Magick vs. Destiny's Embrace</title>
<style>
html,body {font-family:Verdana, sans-serif;font-size:10pt;margin:0;padding:0;}body{padding:12px 0;} .battle-log {font-family:Verdana, sans-serif;font-size:10pt;} .battle-log-inline {border:1px solid #AAAAAA;background:#EEF2F5;color:black;max-width:640px;margin:0 auto 80px;padding-bottom:5px;} .battle-log .inner {padding:4px 8px 0px 8px;} .battle-log .inner-preempt {padding:0 8px 4px 8px;} .battle-log .inner-after {margin-top:0.5em;} .battle-log h2 {margin:0.5em -8px;padding:4px 8px;border:1px solid #AAAAAA;background:#E0E7EA;border-left:0;border-right:0;font-family:Verdana, sans-serif;font-size:13pt;} .battle-log .chat {vertical-align:middle;padding:3px 0 3px 0;font-size:8pt;} .battle-log .chat strong {color:#40576A;} .battle-log .chat em {padding:1px 4px 1px 3px;color:#000000;font-style:normal;} .chat.mine {background:rgba(0,0,0,0.05);margin-left:-8px;margin-right:-8px;padding-left:8px;padding-right:8px;} .spoiler {color:#BBBBBB;background:#BBBBBB;padding:0px 3px;} .spoiler:hover, .spoiler:active, .spoiler-shown {color:#000000;background:#E2E2E2;padding:0px 3px;} .spoiler a {color:#BBBBBB;} .spoiler:hover a, .spoiler:active a, .spoiler-shown a {color:#2288CC;} .chat code, .chat .spoiler:hover code, .chat .spoiler:active code, .chat .spoiler-shown code {border:1px solid #C0C0C0;background:#EEEEEE;color:black;padding:0 2px;} .chat .spoiler code {border:1px solid #CCCCCC;background:#CCCCCC;color:#CCCCCC;} .battle-log .rated {padding:3px 4px;} .battle-log .rated strong {color:white;background:#89A;padding:1px 4px;border-radius:4px;} .spacer {margin-top:0.5em;} .message-announce {background:#6688AA;color:white;padding:1px 4px 2px;} .message-announce a, .broadcast-green a, .broadcast-blue a, .broadcast-red a {color:#DDEEFF;} .broadcast-green {background-color:#559955;color:white;padding:2px 4px;} .broadcast-blue {background-color:#6688AA;color:white;padding:2px 4px;} .infobox {border:1px solid #6688AA;padding:2px 4px;} .infobox-limited {max-height:200px;overflow:auto;overflow-x:hidden;} .broadcast-red {background-color:#AA5544;color:white;padding:2px 4px;} .message-learn-canlearn {font-weight:bold;color:#228822;text-decoration:underline;} .message-learn-cannotlearn {font-weight:bold;color:#CC2222;text-decoration:underline;} .message-effect-weak {font-weight:bold;color:#CC2222;} .message-effect-resist {font-weight:bold;color:#6688AA;} .message-effect-immune {font-weight:bold;color:#666666;} .message-learn-list {margin-top:0;margin-bottom:0;} .message-throttle-notice, .message-error {color:#992222;} .message-overflow, .chat small.message-overflow {font-size:0pt;} .message-overflow::before {font-size:9pt;content:'...';} .subtle {color:#3A4A66;}
</style>
<div class="wrapper replay-wrapper" style="max-width:1180px;margin:0 auto">
<input type="hidden" name="replayid" value="nu-560024221" />
<div class="battle"></div><div class="battle-log"></div><div class="replay-controls"></div><div class="replay-controls-2"></div>
<h1 style="font-weight:normal;text-align:center"><strong>NU</strong><br /><a href="http://pokemonshowdown.com/users/magick" class="subtle" target="_blank">Magick</a> vs. <a href="http://pokemonshowdown.com/users/destinysembrace" class="subtle" target="_blank">Destiny's Embrace</a></h1>
<script type="text/plain" class="battle-log-data">|j|Magick
|j|Destiny's Embrace
|player|p1|Magick|283
|player|p2|Destiny's Embrace|211
|gametype|singles
|gen|6
|tier|NU
|seed|25478,6469,28240,22702
|rule|Sleep Clause Mod: Limit one foe put to sleep
|rule|Species Clause: Limit one of each Pokémon
|rule|OHKO Clause: OHKO moves are banned
|rule|Moody Clause: Moody is banned
|rule|Evasion Moves Clause: Evasion moves are banned
|rule|Endless Battle Clause: Forcing endless battles is banned
|rule|HP Percentage Mod: HP is shown in percentages
|clearpoke
|poke|p1|Mesprit|item
|poke|p1|Sawsbuck-Winter, M|item
|poke|p1|Pyroar, M|item
|poke|p1|Victreebel, M|item
|poke|p1|Roselia, F|item
|poke|p1|Vileplume, M|item
|poke|p2|Golurk|item
|poke|p2|Gastrodon, F|item
|poke|p2|Floatzel, F|item
|poke|p2|Steelix, M|item
|poke|p2|Mawile, F|item
|poke|p2|Ludicolo, M|item
|rule|Swagger Clause: Swagger is banned
|rule|Baton Pass Clause: Limit one Baton Passer, can't pass Spe and other stats simultaneously
|teampreview
|c|☆Destiny's Embrace|GL and HF
|c|☆Magick|u2
|j|Ottobots
|choice|team 1, team 2, team 3, team 4, team 5, team 6|team 4, team 2, team 3, team 1, team 5, team 6
|
|start
|switch|p1a: Mesprit|Mesprit|363\/363
|switch|p2a: Steelix|Steelix, M|354\/354
|turn|1
|choice|move stealthrock|move stealthrock
|
|move|p1a: Mesprit|Stealth Rock|p2a: Steelix
|-sidestart|p2: Destiny's Embrace|move: Stealth Rock
|move|p2a: Steelix|Stealth Rock|p1a: Mesprit
|-sidestart|p1: Magick|move: Stealth Rock
|
|upkeep
|turn|2
|j|PKM Trainer Gary
|choice|move sunnyday|move toxic
|
|move|p1a: Mesprit|Sunny Day|p1a: Mesprit
|-weather|SunnyDay
|move|p2a: Steelix|Toxic|p1a: Mesprit
|-status|p1a: Mesprit|tox
|
|-weather|SunnyDay|[upkeep]
|-damage|p1a: Mesprit|341\/363 tox|[from] psn
|upkeep
|turn|3
|c| PKM Trainer Gary|Go Lysandra Go!
|choice|move uturn|switch 6
|
|switch|p2a: Ludicolo|Ludicolo, M|301\/301
|-damage|p2a: Ludicolo|264\/301|[from] Stealth Rock
|move|p1a: Mesprit|U-turn|p2a: Ludicolo
|-supereffective|p2a: Ludicolo
|-damage|p2a: Ludicolo|110\/301
|choice|switch 4|
|
|switch|p1a: Victreebel|Victreebel, M|301\/301
|-damage|p1a: Victreebel|264\/301|[from] Stealth Rock
|
|-weather|SunnyDay|[upkeep]
|upkeep
|turn|4
|c| PKM Trainer Gary|Hit 'em with the grass punch
|choice|move gigadrain|move raindance
|
|move|p1a: Victreebel|Giga Drain|p2a: Ludicolo
|-damage|p2a: Ludicolo|0 fnt
|-heal|p1a: Victreebel|301\/301|[from] drain|[of] p2a: Ludicolo
|-damage|p1a: Victreebel|271\/301|[from] item: Life Orb
|faint|p2a: Ludicolo
|
|-weather|SunnyDay|[upkeep]
|upkeep
|choice||switch 6
|
|switch|p2a: Steelix|Steelix, M|354\/354
|-damage|p2a: Steelix|343\/354|[from] Stealth Rock
|turn|5
|choice|move weatherball|move roar
|
|move|p1a: Victreebel|Weather Ball|p2a: Steelix
|-supereffective|p2a: Steelix
|-damage|p2a: Steelix|0 fnt
|-damage|p1a: Victreebel|241\/301|[from] item: Life Orb
|faint|p2a: Steelix
|
|-weather|SunnyDay|[upkeep]
|upkeep
|c| PKM Trainer Gary|Owch
|choice||switch 5
|
|switch|p2a: Mawile|Mawile, F|303\/303
|-damage|p2a: Mawile|285\/303|[from] Stealth Rock
|turn|6
|choice|move weatherball|move protect
|
|move|p2a: Mawile|Protect|p2a: Mawile
|-singleturn|p2a: Mawile|Protect
|move|p1a: Victreebel|Weather Ball|p2a: Mawile
|-activate|p2a: Mawile|move: Protect
|
|-weather|SunnyDay|[upkeep]
|upkeep
|turn|7
|choice|move weatherball|switch 2
|
|switch|p2a: Gastrodon|Gastrodon, F|426\/426
|-damage|p2a: Gastrodon|400\/426|[from] Stealth Rock
|move|p1a: Victreebel|Weather Ball|p2a: Gastrodon
|-resisted|p2a: Gastrodon
|-damage|p2a: Gastrodon|306\/426
|-damage|p1a: Victreebel|211\/301|[from] item: Life Orb
|
|-weather|SunnyDay|[upkeep]
|-heal|p2a: Gastrodon|332\/426|[from] item: Leftovers
|upkeep
|turn|8
|choice|move gigadrain|move protect
|
|move|p2a: Gastrodon|Protect|p2a: Gastrodon
|-singleturn|p2a: Gastrodon|Protect
|move|p1a: Victreebel|Giga Drain|p2a: Gastrodon
|-activate|p2a: Gastrodon|move: Protect
|
|-weather|SunnyDay|[upkeep]
|-heal|p2a: Gastrodon|358\/426|[from] item: Leftovers
|upkeep
|turn|9
|choice|move gigadrain|move protect
|
|move|p2a: Gastrodon|Protect|p2a: Gastrodon
|-fail|p2a: Gastrodon
|move|p1a: Victreebel|Giga Drain|p2a: Gastrodon
|-supereffective|p2a: Gastrodon
|-damage|p2a: Gastrodon|0 fnt
|-heal|p1a: Victreebel|301\/301|[from] drain|[of] p2a: Gastrodon
|-damage|p1a: Victreebel|271\/301|[from] item: Life Orb
|faint|p2a: Gastrodon
|
|-weather|none
|upkeep
|choice||switch 2
|
|switch|p2a: Mawile|Mawile, F|285\/303
|-damage|p2a: Mawile|267\/303|[from] Stealth Rock
|turn|10
|choice|switch 4|move crunch
|
|switch|p1a: Mesprit|Mesprit|341\/363 tox
|-damage|p1a: Mesprit|296\/363 tox|[from] Stealth Rock
|move|p2a: Mawile|Crunch|p1a: Mesprit
|-supereffective|p1a: Mesprit
|-damage|p1a: Mesprit|101\/363 tox
|
|-damage|p1a: Mesprit|79\/363 tox|[from] psn
|upkeep
|turn|11
|choice|move sunnyday|switch 4
|
|switch|p2a: Golurk|Golurk|359\/359
|-damage|p2a: Golurk|337\/359|[from] Stealth Rock
|move|p1a: Mesprit|Sunny Day|p1a: Mesprit
|-weather|SunnyDay
|
|-weather|SunnyDay|[upkeep]
|-damage|p1a: Mesprit|35\/363 tox|[from] psn
|upkeep
|turn|12
|choice|move psychic|move rockpolish
|
|move|p1a: Mesprit|Psychic|p2a: Golurk
|-damage|p2a: Golurk|201\/359
|move|p2a: Golurk|Rock Polish|p2a: Golurk
|-boost|p2a: Golurk|spe|2
|
|-weather|SunnyDay|[upkeep]
|-damage|p1a: Mesprit|0 fnt|[from] psn
|upkeep
|faint|p1a: Mesprit
|choice|switch 4|
|
|switch|p1a: Victreebel|Victreebel, M|271\/301
|-damage|p1a: Victreebel|234\/301|[from] Stealth Rock
|turn|13
|choice|move gigadrain|move earthquake
|
|move|p1a: Victreebel|Giga Drain|p2a: Golurk
|-supereffective|p2a: Golurk
|-damage|p2a: Golurk|0 fnt
|-heal|p1a: Victreebel|301\/301|[from] drain|[of] p2a: Golurk
|-damage|p1a: Victreebel|271\/301|[from] item: Life Orb
|faint|p2a: Golurk
|
|-weather|SunnyDay|[upkeep]
|upkeep
|choice||switch 4
|
|switch|p2a: Mawile|Mawile, F|267\/303
|-damage|p2a: Mawile|249\/303|[from] Stealth Rock
|turn|14
|choice|move weatherball|move protect
|
|move|p2a: Mawile|Protect|p2a: Mawile
|-singleturn|p2a: Mawile|Protect
|move|p1a: Victreebel|Weather Ball|p2a: Mawile
|-activate|p2a: Mawile|move: Protect
|
|-weather|SunnyDay|[upkeep]
|upkeep
|turn|15
|choice|move weatherball|move crunch
|
|move|p1a: Victreebel|Weather Ball|p2a: Mawile
|-supereffective|p2a: Mawile
|-damage|p2a: Mawile|0 fnt
|-damage|p1a: Victreebel|241\/301|[from] item: Life Orb
|faint|p2a: Mawile
|
|-weather|SunnyDay|[upkeep]
|upkeep
|choice||switch 3
|
|switch|p2a: Floatzel|Floatzel, F|311\/311
|-damage|p2a: Floatzel|273\/311|[from] Stealth Rock
|turn|16
|choice|move gigadrain|move crunch
|
|move|p1a: Victreebel|Giga Drain|p2a: Floatzel
|-supereffective|p2a: Floatzel
|-damage|p2a: Floatzel|0 fnt
|-heal|p1a: Victreebel|301\/301|[from] drain|[of] p2a: Floatzel
|-damage|p1a: Victreebel|271\/301|[from] item: Life Orb
|faint|p2a: Floatzel
|
|win|Magick
|c|☆Destiny's Embrace|gg
|c|☆Magick|gg</script>
</div>
<div class="battle-log battle-log-inline"><div class="inner"><div class="battle-options"></div><div class="inner"><div class="chat"><small>Magick joined.</small></div><div class="chat"><small>Destiny's Embrace joined.</small></div><div class=""><small>Format:</small> <br><strong>NU</strong></div><div class=""><small><em>Sleep Clause Mod:</em> Limit one foe put to sleep</small></div><div class=""><small><em>Species Clause:</em> Limit one of each Pokémon</small></div><div class=""><small><em>OHKO Clause:</em> OHKO moves are banned</small></div><div class=""><small><em>Moody Clause:</em> Moody is banned</small></div><div class=""><small><em>Evasion Moves Clause:</em> Evasion moves are banned</small></div><div class=""><small><em>Endless Battle Clause:</em> Forcing endless battles is banned</small></div><div class=""><small><em>HP Percentage Mod:</em> HP is shown in percentages</small></div><div class=""><small><em>Swagger Clause:</em> Swagger is banned</small></div><div class=""><small><em>Baton Pass Clause:</em> Limit one Baton Passer, can't pass Spe and other stats simultaneously</small></div><div class="chat battle-history"><strong>Magick's team:</strong> <em style="color:#445566;display:block;">Mesprit / Sawsbuck-Winter / Pyroar / Victreebel / Roselia / Vileplume</em></div><div class="chat battle-history"><strong>Destiny's Embrace's team:</strong> <em style="color:#445566;display:block;">Golurk / Gastrodon / Floatzel / Steelix / Mawile / Ludicolo</em></div><div class="chat chatmessage-destinysembrace"><strong style="color:hsl(226,84%,56.488490339906704%)"><small>☆</small><span class="username" data-name="Destiny's Embrace">Destiny's Embrace</span>:</strong> <em>GL and HF</em></div><div class="chat chatmessage-magick"><strong style="color:hsl(321,77%,42.86502288970043%)"><small>☆</small><span class="username" data-name="Magick">Magick</span>:</strong> <em>u2</em></div><div class="chat"><small>Ottobots joined.</small></div><div class="spacer battle-history"><br></div><div class="battle-history">Battle started between Magick and Destiny's Embrace!<br></div><div class="spacer battle-history"><br></div><div class="battle-history">Go! <strong>Mesprit</strong>!<br></div><div class="spacer battle-history"><br></div><div class="battle-history">Destiny's Embrace sent out <strong>Steelix</strong>!<br></div><div class="spacer battle-history"><br></div><h2 class="battle-history">Turn 1</h2><div class="spacer battle-history"><br></div><div class="battle-history">Mesprit used <strong>Stealth Rock</strong>!<br></div><div class="battle-history"><small>Pointed stones float in the air around the opposing team!</small><br></div><div class="spacer battle-history"><br></div><div class="battle-history">The opposing Steelix used <strong>Stealth Rock</strong>!<br></div><div class="battle-history"><small>Pointed stones float in the air around your team!</small><br></div><div class="spacer battle-history"><br></div><h2 class="battle-history">Turn 2</h2><div class="chat"><small>PKM Trainer Gary joined.</small></div><div class="spacer battle-history"><br></div><div class="battle-history">Mesprit used <strong>Sunny Day</strong>!<br></div><div class="battle-history"><small>The sunlight turned harsh!</small><br></div><div class="spacer battle-history"><br></div><div class="battle-history">The opposing Steelix used <strong>Toxic</strong>!<br></div><div class="battle-history"><small>Mesprit was badly poisoned!</small><br></div><div class="spacer battle-history"><br></div><div class="battle-history"><small>(The sunlight is strong!)</small><br></div><div class="battle-history"><small>Mesprit was hurt by poison!</small><br></div><div class="spacer battle-history"><br></div><h2 class="battle-history">Turn 3</h2><div class="chat chatmessage-pkmtrainergary"><strong style="color:hsl(43,89%,32%)"><small> </small><span class="username" data-name="PKM Trainer Gary">PKM Trainer Gary</span>:</strong> <em>Go Lysandra Go!</em></div><div class="spacer battle-history"><br></div><div class="battle-history">Destiny's Embrace withdrew Steelix!<br></div><div class="battle-history">Destiny's Embrace sent out <strong>Ludicolo</strong>!<br></div><div class="battle-history"><small>Pointed stones dug into the opposing Ludicolo!</small><br></div><div class="spacer battle-history"><br></div><div class="battle-history">Mesprit used <strong>U-turn</strong>!<br></div><div class="battle-history"><small>It's super effective!</small><br></div><div class="battle-history"><small>(The opposing Ludicolo lost <abbr title="−154/301">51.2%</abbr> of its health!)</small><br></div><div class="spacer battle-history"><br></div><div class="battle-history">Mesprit went back to Magick!<br></div><div class="battle-history">Go! <strong>Victreebel</strong>!<br></div><div class="battle-history"><small>Pointed stones dug into Victreebel!</small><br></div><div class="spacer battle-history"><br></div><div class="battle-history"><small>(The sunlight is strong!)</small><br></div><div class="spacer battle-history"><br></div><h2 class="battle-history">Turn 4</h2><div class="chat chatmessage-pkmtrainergary"><strong style="color:hsl(43,89%,32%)"><small> </small><span class="username" data-name="PKM Trainer Gary">PKM Trainer Gary</span>:</strong> <em>Hit 'em with the grass punch</em></div><div class="spacer battle-history"><br></div><div class="battle-history">Victreebel used <strong>Giga Drain</strong>!<br></div><div class="battle-history"><small>(The opposing Ludicolo lost <abbr title="−110/301">36.5%</abbr> of its health!)</small><br></div><div class="battle-history"><small>The opposing Ludicolo had its energy drained!</small><br></div><div class="battle-history"><small>Victreebel lost some of its HP!</small><br></div><div class="spacer battle-history"><br></div><div class="battle-history">The opposing Ludicolo fainted!<br></div><div class="spacer battle-history"><br></div><div class="battle-history"><small>(The sunlight is strong!)</small><br></div><div class="spacer battle-history"><br></div><div class="battle-history">Destiny's Embrace sent out <strong>Steelix</strong>!<br></div><div class="battle-history"><small>Pointed stones dug into the opposing Steelix!</small><br></div><div class="spacer battle-history"><br></div><h2 class="battle-history">Turn 5</h2><div class="spacer battle-history"><br></div><div class="battle-history">Victreebel used <strong>Weather Ball</strong>!<br></div><div class="battle-history"><small>It's super effective!</small><br></div><div class="battle-history"><small>(The opposing Steelix lost <abbr title="−343/354">96.9%</abbr> of its health!)</small><br></div><div class="battle-history"><small>Victreebel lost some of its HP!</small><br></div><div class="spacer battle-history"><br></div><div class="battle-history">The opposing Steelix fainted!<br></div><div class="spacer battle-history"><br></div><div class="battle-history"><small>(The sunlight is strong!)</small><br></div><div class="chat chatmessage-pkmtrainergary"><strong style="color:hsl(43,89%,32%)"><small> </small><span class="username" data-name="PKM Trainer Gary">PKM Trainer Gary</span>:</strong> <em>Owch</em></div><div class="spacer battle-history"><br></div><div class="battle-history">Destiny's Embrace sent out <strong>Mawile</strong>!<br></div><div class="battle-history"><small>Pointed stones dug into the opposing Mawile!</small><br></div><div class="spacer battle-history"><br></div><h2 class="battle-history">Turn 6</h2><div class="spacer battle-history"><br></div><div class="battle-history">The opposing Mawile used <strong>Protect</strong>!<br></div><div class="battle-history"><small>The opposing Mawile protected itself!</small><br></div><div class="spacer battle-history"><br></div><div class="battle-history">Victreebel used <strong>Weather Ball</strong>!<br></div><div class="battle-history"><small>The opposing Mawile protected itself!</small><br></div><div class="spacer battle-history"><br></div><div class="battle-history"><small>(The sunlight is strong!)</small><br></div><div class="spacer battle-history"><br></div><h2 class="battle-history">Turn 7</h2><div class="spacer battle-history"><br></div><div class="battle-history">Destiny's Embrace withdrew Mawile!<br></div><div class="battle-history">Destiny's Embrace sent out <strong>Gastrodon</strong>!<br></div><div class="battle-history"><small>Pointed stones dug into the opposing Gastrodon!</small><br></div><div class="spacer battle-history"><br></div><div class="battle-history">Victreebel used <strong>Weather Ball</strong>!<br></div><div class="battle-history"><small>It's not very effective...</small><br></div><div class="battle-history"><small>(The opposing Gastrodon lost <abbr title="−94/426">22.1%</abbr> of its health!)</small><br></div><div class="battle-history"><small>Victreebel lost some of its HP!</small><br></div><div class="spacer battle-history"><br></div><div class="battle-history"><small>(The sunlight is strong!)</small><br></div><div class="battle-history"><small>The opposing Gastrodon restored a little HP using its Leftovers!</small><br></div><div class="spacer battle-history"><br></div><h2 class="battle-history">Turn 8</h2><div class="spacer battle-history"><br></div><div class="battle-history">The opposing Gastrodon used <strong>Protect</strong>!<br></div><div class="battle-history"><small>The opposing Gastrodon protected itself!</small><br></div><div class="spacer battle-history"><br></div><div class="battle-history">Victreebel used <strong>Giga Drain</strong>!<br></div><div class="battle-history"><small>The opposing Gastrodon protected itself!</small><br></div><div class="spacer battle-history"><br></div><div class="battle-history"><small>(The sunlight is strong!)</small><br></div><div class="battle-history"><small>The opposing Gastrodon restored a little HP using its Leftovers!</small><br></div><div class="spacer battle-history"><br></div><h2 class="battle-history">Turn 9</h2><div class="spacer battle-history"><br></div><div class="battle-history">The opposing Gastrodon used <strong>Protect</strong>!<br></div><div class="battle-history"><small>But it failed!</small><br></div><div class="spacer battle-history"><br></div><div class="battle-history">Victreebel used <strong>Giga Drain</strong>!<br></div><div class="battle-history"><small>It's super effective!</small><br></div><div class="battle-history"><small>(The opposing Gastrodon lost <abbr title="−358/426">84.0%</abbr> of its health!)</small><br></div><div class="battle-history"><small>The opposing Gastrodon had its energy drained!</small><br></div><div class="battle-history"><small>Victreebel lost some of its HP!</small><br></div><div class="spacer battle-history"><br></div><div class="battle-history">The opposing Gastrodon fainted!<br></div><div class="spacer battle-history"><br></div><div class="battle-history"><small>The sunlight faded.</small><br></div><div class="spacer battle-history"><br></div><div class="battle-history">Destiny's Embrace sent out <strong>Mawile</strong>!<br></div><div class="battle-history"><small>Pointed stones dug into the opposing Mawile!</small><br></div><div class="spacer battle-history"><br></div><h2 class="battle-history">Turn 10</h2><div class="spacer battle-history"><br></div><div class="battle-history">Victreebel, come back!<br></div><div class="battle-history">Go! <strong>Mesprit</strong>!<br></div><div class="battle-history"><small>Pointed stones dug into Mesprit!</small><br></div><div class="spacer battle-history"><br></div><div class="battle-history">The opposing Mawile used <strong>Crunch</strong>!<br></div><div class="battle-history"><small>It's super effective!</small><br></div><div class="battle-history"><small>(Mesprit lost <abbr title="−195/363">53.7%</abbr> of its health!)</small><br></div><div class="spacer battle-history"><br></div><div class="battle-history"><small>Mesprit was hurt by poison!</small><br></div><div class="spacer battle-history"><br></div><h2 class="battle-history">Turn 11</h2><div class="spacer battle-history"><br></div><div class="battle-history">Destiny's Embrace withdrew Mawile!<br></div><div class="battle-history">Destiny's Embrace sent out <strong>Golurk</strong>!<br></div><div class="battle-history"><small>Pointed stones dug into the opposing Golurk!</small><br></div><div class="spacer battle-history"><br></div><div class="battle-history">Mesprit used <strong>Sunny Day</strong>!<br></div><div class="battle-history"><small>The sunlight turned harsh!</small><br></div><div class="spacer battle-history"><br></div><div class="battle-history"><small>(The sunlight is strong!)</small><br></div><div class="battle-history"><small>Mesprit was hurt by poison!</small><br></div><div class="spacer battle-history"><br></div><h2 class="battle-history">Turn 12</h2><div class="spacer battle-history"><br></div><div class="battle-history">Mesprit used <strong>Psychic</strong>!<br></div><div class="battle-history"><small>(The opposing Golurk lost <abbr title="−136/359">37.9%</abbr> of its health!)</small><br></div><div class="spacer battle-history"><br></div><div class="battle-history">The opposing Golurk used <strong>Rock Polish</strong>!<br></div><div class="battle-history"><small>The opposing Golurk's Speed rose sharply!</small><br></div><div class="spacer battle-history"><br></div><div class="battle-history"><small>(The sunlight is strong!)</small><br></div><div class="battle-history"><small>Mesprit was hurt by poison!</small><br></div><div class="spacer battle-history"><br></div><div class="battle-history">Mesprit fainted!<br></div><div class="spacer battle-history"><br></div><div class="battle-history">Go! <strong>Victreebel</strong>!<br></div><div class="battle-history"><small>Pointed stones dug into Victreebel!</small><br></div><div class="spacer battle-history"><br></div><h2 class="battle-history">Turn 13</h2><div class="spacer battle-history"><br></div><div class="battle-history">Victreebel used <strong>Giga Drain</strong>!<br></div><div class="battle-history"><small>It's super effective!</small><br></div><div class="battle-history"><small>(The opposing Golurk lost <abbr title="−201/359">56.0%</abbr> of its health!)</small><br></div><div class="battle-history"><small>The opposing Golurk had its energy drained!</small><br></div><div class="battle-history"><small>Victreebel lost some of its HP!</small><br></div><div class="spacer battle-history"><br></div><div class="battle-history">The opposing Golurk fainted!<br></div><div class="spacer battle-history"><br></div><div class="battle-history"><small>(The sunlight is strong!)</small><br></div><div class="spacer battle-history"><br></div><div class="battle-history">Destiny's Embrace sent out <strong>Mawile</strong>!<br></div><div class="battle-history"><small>Pointed stones dug into the opposing Mawile!</small><br></div><div class="spacer battle-history"><br></div><h2 class="battle-history">Turn 14</h2><div class="spacer battle-history"><br></div><div class="battle-history">The opposing Mawile used <strong>Protect</strong>!<br></div><div class="battle-history"><small>The opposing Mawile protected itself!</small><br></div><div class="spacer battle-history"><br></div><div class="battle-history">Victreebel used <strong>Weather Ball</strong>!<br></div><div class="battle-history"><small>The opposing Mawile protected itself!</small><br></div><div class="spacer battle-history"><br></div><div class="battle-history"><small>(The sunlight is strong!)</small><br></div><div class="spacer battle-history"><br></div><h2 class="battle-history">Turn 15</h2><div class="spacer battle-history"><br></div><div class="battle-history">Victreebel used <strong>Weather Ball</strong>!<br></div><div class="battle-history"><small>It's super effective!</small><br></div><div class="battle-history"><small>(The opposing Mawile lost <abbr title="−249/303">82.2%</abbr> of its health!)</small><br></div><div class="battle-history"><small>Victreebel lost some of its HP!</small><br></div><div class="spacer battle-history"><br></div><div class="battle-history">The opposing Mawile fainted!<br></div><div class="spacer battle-history"><br></div><div class="battle-history"><small>(The sunlight is strong!)</small><br></div><div class="spacer battle-history"><br></div><div class="battle-history">Destiny's Embrace sent out <strong>Floatzel</strong>!<br></div><div class="battle-history"><small>Pointed stones dug into the opposing Floatzel!</small><br></div><div class="spacer battle-history"><br></div><h2 class="battle-history">Turn 16</h2><div class="spacer battle-history"><br></div><div class="battle-history">Victreebel used <strong>Giga Drain</strong>!<br></div><div class="battle-history"><small>It's super effective!</small><br></div><div class="battle-history"><small>(The opposing Floatzel lost <abbr title="−273/311">87.8%</abbr> of its health!)</small><br></div><div class="battle-history"><small>The opposing Floatzel had its energy drained!</small><br></div><div class="battle-history"><small>Victreebel lost some of its HP!</small><br></div><div class="spacer battle-history"><br></div><div class="battle-history">The opposing Floatzel fainted!<br></div><div class="spacer battle-history"><br></div><div class="battle-history"><strong>Magick</strong> won the battle!<br></div><div class="chat chatmessage-destinysembrace"><strong style="color:hsl(226,84%,56.488490339906704%)"><small>☆</small><span class="username" data-name="Destiny's Embrace">Destiny's Embrace</span>:</strong> <em>gg</em></div><div class="chat chatmessage-magick"><strong style="color:hsl(321,77%,42.86502288970043%)"><small>☆</small><span class="username" data-name="Magick">Magick</span>:</strong> <em>gg</em></div></div><div class="inner-preempt"></div></div></div>
</div>
<script>
let daily = Math.floor(Date.now()/1000/60/60/24);document.write('<script src="https://play.pokemonshowdown.com/js/replay-embed.js?version'+daily+'"></'+'script>');
</script>
