<!DOCTYPE html>
<meta charset="utf-8" />
<!-- version 1 -->
<title>NU replay: Hi Jude vs. trollmyfate</title>
<style>
html,body {font-family:Verdana, sans-serif;font-size:10pt;margin:0;padding:0;}body{padding:12px 0;} .battle-log {font-family:Verdana, sans-serif;font-size:10pt;} .battle-log-inline {border:1px solid #AAAAAA;background:#EEF2F5;color:black;max-width:640px;margin:0 auto 80px;padding-bottom:5px;} .battle-log .inner {padding:4px 8px 0px 8px;} .battle-log .inner-preempt {padding:0 8px 4px 8px;} .battle-log .inner-after {margin-top:0.5em;} .battle-log h2 {margin:0.5em -8px;padding:4px 8px;border:1px solid #AAAAAA;background:#E0E7EA;border-left:0;border-right:0;font-family:Verdana, sans-serif;font-size:13pt;} .battle-log .chat {vertical-align:middle;padding:3px 0 3px 0;font-size:8pt;} .battle-log .chat strong {color:#40576A;} .battle-log .chat em {padding:1px 4px 1px 3px;color:#000000;font-style:normal;} .chat.mine {background:rgba(0,0,0,0.05);margin-left:-8px;margin-right:-8px;padding-left:8px;padding-right:8px;} .spoiler {color:#BBBBBB;background:#BBBBBB;padding:0px 3px;} .spoiler:hover, .spoiler:active, .spoiler-shown {color:#000000;background:#E2E2E2;padding:0px 3px;} .spoiler a {color:#BBBBBB;} .spoiler:hover a, .spoiler:active a, .spoiler-shown a {color:#2288CC;} .chat code, .chat .spoiler:hover code, .chat .spoiler:active code, .chat .spoiler-shown code {border:1px solid #C0C0C0;background:#EEEEEE;color:black;padding:0 2px;} .chat .spoiler code {border:1px solid #CCCCCC;background:#CCCCCC;color:#CCCCCC;} .battle-log .rated {padding:3px 4px;} .battle-log .rated strong {color:white;background:#89A;padding:1px 4px;border-radius:4px;} .spacer {margin-top:0.5em;} .message-announce {background:#6688AA;color:white;padding:1px 4px 2px;} .message-announce a, .broadcast-green a, .broadcast-blue a, .broadcast-red a {color:#DDEEFF;} .broadcast-green {background-color:#559955;color:white;padding:2px 4px;} .broadcast-blue {background-color:#6688AA;color:white;padding:2px 4px;} .infobox {border:1px solid #6688AA;padding:2px 4px;} .infobox-limited {max-height:200px;overflow:auto;overflow-x:hidden;} .broadcast-red {background-color:#AA5544;color:white;padding:2px 4px;} .message-learn-canlearn {font-weight:bold;color:#228822;text-decoration:underline;} .message-learn-cannotlearn {font-weight:bold;color:#CC2222;text-decoration:underline;} .message-effect-weak {font-weight:bold;color:#CC2222;} .message-effect-resist {font-weight:bold;color:#6688AA;} .message-effect-immune {font-weight:bold;color:#666666;} .message-learn-list {margin-top:0;margin-bottom:0;} .message-throttle-notice, .message-error {color:#992222;} .message-overflow, .chat small.message-overflow {font-size:0pt;} .message-overflow::before {font-size:9pt;content:'...';} .subtle {color:#3A4A66;}
</style>
<div class="wrapper replay-wrapper" style="max-width:1180px;margin:0 auto">
<input type="hidden" name="replayid" value="nu-567883738" />
<div class="battle"></div><div class="battle-log"></div><div class="replay-controls"></div><div class="replay-controls-2"></div>
<h1 style="font-weight:normal;text-align:center"><strong>NU</strong><br /><a href="http://pokemonshowdown.com/users/hijude" class="subtle" target="_blank">Hi Jude</a> vs. <a href="http://pokemonshowdown.com/users/trollmyfate" class="subtle" target="_blank">trollmyfate</a></h1>
<script type="text/plain" class="battle-log-data">|j|Hi Jude
|j|trollmyfate
|player|p1|Hi Jude|1
|player|p2|trollmyfate|290
|gametype|singles
|gen|6
|tier|NU
|rated
|seed|599,58287,63118,59690
|rule|Sleep Clause Mod: Limit one foe put to sleep
|rule|Species Clause: Limit one of each Pokémon
|rule|OHKO Clause: OHKO moves are banned
|rule|Moody Clause: Moody is banned
|rule|Evasion Moves Clause: Evasion moves are banned
|rule|Endless Battle Clause: Forcing endless battles is banned
|rule|HP Percentage Mod: HP is shown in percentages
|clearpoke
|poke|p1|Clefairy, F|item
|poke|p1|Basculin, F|item
|poke|p1|Liepard, F|item
|poke|p1|Trevenant, M|item
|poke|p1|Swellow, M|item
|poke|p1|Claydol|item
|poke|p2|Aggron, F|item
|poke|p2|Kecleon, M|item
|poke|p2|Sandslash, M|item
|poke|p2|Swellow, F|item
|poke|p2|Lanturn, M|item
|poke|p2|Haunter, M|item
|rule|Swagger Clause: Swagger is banned
|rule|Baton Pass Clause: Limit one Baton Passer, can't pass Spe and other stats simultaneously
|teampreview
|choice|team 6, team 2, team 3, team 4, team 5, team 1|team 2, team 1, team 3, team 4, team 5, team 6
|
|start
|switch|p1a: Beak|Claydol|324\/324
|switch|p2a: Kecleon|Kecleon, M|323\/323
|turn|1
|choice|move stealthrock|move knockoff
|
|move|p1a: Beak|Stealth Rock|p2a: Kecleon
|-sidestart|p2: trollmyfate|move: Stealth Rock
|move|p2a: Kecleon|Knock Off|p1a: Beak
|-start|p2a: Kecleon|typechange|Dark|[from] Protean
|-supereffective|p1a: Beak
|-damage|p1a: Beak|132\/324
|-enditem|p1a: Beak|Leftovers|[from] move: Knock Off|[of] p2a: Kecleon
|
|upkeep
|turn|2
|choice|switch 5|move knockoff
|
|switch|p1a: Swellow|Swellow, M|261\/261
|move|p2a: Kecleon|Knock Off|p1a: Swellow
|-damage|p1a: Swellow|98\/261
|-enditem|p1a: Swellow|Flame Orb|[from] move: Knock Off|[of] p2a: Kecleon
|
|upkeep
|turn|3
|choice|move uturn|switch 3
|
|switch|p2a: Sandslash|Sandslash, M|353\/353
|-damage|p2a: Sandslash|331\/353|[from] Stealth Rock
|move|p1a: Swellow|U-turn|p2a: Sandslash
|-damage|p2a: Sandslash|291\/353
|choice|switch 4|
|
|switch|p1a: Rilowoodo|Trevenant, M|374\/374
|
|-heal|p2a: Sandslash|313\/353|[from] item: Leftovers
|upkeep
|turn|4
|choice|move willowisp|move stealthrock
|
|move|p2a: Sandslash|Stealth Rock|p1a: Rilowoodo
|-sidestart|p1: Hi Jude|move: Stealth Rock
|move|p1a: Rilowoodo|Will-O-Wisp|p2a: Sandslash
|-status|p2a: Sandslash|brn
|
|-heal|p2a: Sandslash|335\/353 brn|[from] item: Leftovers
|-damage|p2a: Sandslash|291\/353 brn|[from] brn
|upkeep
|turn|5
|choice|move substitute|switch 3
|
|switch|p2a: Kecleon|Kecleon, M|323\/323
|-damage|p2a: Kecleon|283\/323|[from] Stealth Rock
|move|p1a: Rilowoodo|Substitute|p1a: Rilowoodo
|-start|p1a: Rilowoodo|Substitute
|-damage|p1a: Rilowoodo|281\/374
|
|-heal|p2a: Kecleon|303\/323|[from] item: Leftovers
|upkeep
|turn|6
|choice|move willowisp|move knockoff
|
|move|p1a: Rilowoodo|Will-O-Wisp|p2a: Kecleon
|-status|p2a: Kecleon|brn
|move|p2a: Kecleon|Knock Off|p1a: Rilowoodo
|-start|p2a: Kecleon|typechange|Dark|[from] Protean
|-supereffective|p1a: Rilowoodo
|-activate|p1a: Rilowoodo|move: Substitute|[damage]
|
|-heal|p2a: Kecleon|323\/323 brn|[from] item: Leftovers
|-damage|p2a: Kecleon|283\/323 brn|[from] brn
|upkeep
|turn|7
|choice|move leechseed|switch 4
|
|switch|p2a: Swellow|Swellow, F|261\/261
|-damage|p2a: Swellow|196\/261|[from] Stealth Rock
|move|p1a: Rilowoodo|Leech Seed|p2a: Swellow
|-start|p2a: Swellow|move: Leech Seed
|
|-damage|p2a: Swellow|164\/261|[from] Leech Seed|[of] p1a: Rilowoodo
|-heal|p1a: Rilowoodo|313\/374|[silent]
|upkeep
|turn|8
|choice|move willowisp|move boomburst
|
|move|p2a: Swellow|Boomburst|p1a: Rilowoodo
|-damage|p1a: Rilowoodo|75\/374
|-enditem|p1a: Rilowoodo|Sitrus Berry|[eat]
|-heal|p1a: Rilowoodo|168\/374|[from] item: Sitrus Berry
|move|p1a: Rilowoodo|Will-O-Wisp|p2a: Swellow
|-status|p2a: Swellow|brn
|
|-damage|p2a: Swellow|132\/261 brn|[from] Leech Seed|[of] p1a: Rilowoodo
|-heal|p1a: Rilowoodo|200\/374|[silent]
|-damage|p2a: Swellow|100\/261 brn|[from] brn
|-item|p1a: Rilowoodo|Sitrus Berry|[from] ability: Harvest
|upkeep
|turn|9
|choice|move hornleech|move boomburst
|
|move|p2a: Swellow|Boomburst|p1a: Rilowoodo
|-damage|p1a: Rilowoodo|0 fnt
|faint|p1a: Rilowoodo
|
|-damage|p2a: Swellow|68\/261 brn|[from] brn
|upkeep
|choice|switch 4|
|
|switch|p1a: Swellow|Swellow, M|98\/261
|-damage|p1a: Swellow|33\/261|[from] Stealth Rock
|turn|10
|choice|move quickattack|move boomburst
|
|move|p1a: Swellow|Quick Attack|p2a: Swellow
|-damage|p2a: Swellow|0 fnt
|faint|p2a: Swellow
|
|upkeep
|choice||switch 3
|
|switch|p2a: Sandslash|Sandslash, M|291\/353 brn
|-damage|p2a: Sandslash|269\/353 brn|[from] Stealth Rock
|turn|11
|choice|move protect|move rapidspin
|
|move|p1a: Swellow|Protect|p1a: Swellow
|-singleturn|p1a: Swellow|Protect
|move|p2a: Sandslash|Rapid Spin|p1a: Swellow
|-activate|p1a: Swellow|move: Protect
|
|-heal|p2a: Sandslash|291\/353 brn|[from] item: Leftovers
|-damage|p2a: Sandslash|247\/353 brn|[from] brn
|upkeep
|turn|12
|choice|move uturn|move rapidspin
|
|move|p1a: Swellow|U-turn|p2a: Sandslash
|-damage|p2a: Sandslash|202\/353 brn
|choice|switch 5|
|
|switch|p1a: Beak|Claydol|132\/324
|-damage|p1a: Beak|112\/324|[from] Stealth Rock
|move|p2a: Sandslash|Rapid Spin|p1a: Beak
|-damage|p1a: Beak|104\/324
|-sideend|p2: trollmyfate|Stealth Rock|[from] move: Rapid Spin|[of] p2a: Sandslash
|
|-heal|p2a: Sandslash|224\/353 brn|[from] item: Leftovers
|-damage|p2a: Sandslash|180\/353 brn|[from] brn
|upkeep
|turn|13
|choice|move stealthrock|switch 5
|
|switch|p2a: Lanturn|Lanturn, M|393\/393
|move|p1a: Beak|Stealth Rock|p2a: Lanturn
|-sidestart|p2: trollmyfate|move: Stealth Rock
|
|upkeep
|turn|14
|choice|switch 5|move scald
|
|switch|p1a: Swellow|Swellow, M|33\/261
|-damage|p1a: Swellow|0 fnt|[from] Stealth Rock
|faint|p1a: Swellow
|move|p2a: Lanturn|Scald|p1: Swellow|[notarget]
|-notarget
|
|upkeep
|choice|switch 6|
|
|switch|p1a: Aria|Clefairy, F|344\/344
|turn|15
|choice|move calmmind|switch 6
|
|switch|p2a: Haunter|Haunter, M|231\/231
|-damage|p2a: Haunter|203\/231|[from] Stealth Rock
|move|p1a: Aria|Calm Mind|p1a: Aria
|-boost|p1a: Aria|spa|1
|-boost|p1a: Aria|spd|1
|
|upkeep
|turn|16
|choice|switch 5|move trick
|
|switch|p1a: Beak|Claydol|104\/324
|-damage|p1a: Beak|84\/324|[from] Stealth Rock
|move|p2a: Haunter|Trick|p1a: Beak
|-activate|p2a: Haunter|move: Trick|[of] p1a: Beak
|-item|p1a: Beak|Choice Scarf|[from] move: Trick
|-enditem|p2a: Haunter|Choice Scarf|[silent]|[from] move: Trick
|
|upkeep
|turn|17
|choice|switch 2|move shadowball
|
|switch|p1a: Where's Nemo?|Basculin, F|281\/281
|-damage|p1a: Where's Nemo?|246\/281|[from] Stealth Rock
|move|p2a: Haunter|Shadow Ball|p1a: Where's Nemo?
|-damage|p1a: Where's Nemo?|39\/281
|
|upkeep
|turn|18
|choice|move waterfall|switch 5
|
|switch|p2a: Sandslash|Sandslash, M|180\/353 brn
|-damage|p2a: Sandslash|158\/353 brn|[from] Stealth Rock
|move|p1a: Where's Nemo?|Waterfall|p2a: Sandslash
|-supereffective|p2a: Sandslash
|-damage|p2a: Sandslash|0 fnt
|faint|p2a: Sandslash
|
|upkeep
|choice||switch 4
|
|switch|p2a: Kecleon|Kecleon, M|283\/323 brn
|-damage|p2a: Kecleon|243\/323 brn|[from] Stealth Rock
|turn|19
|choice|switch 2|move shadowsneak
|
|switch|p1a: Beak|Claydol|84\/324
|-damage|p1a: Beak|64\/324|[from] Stealth Rock
|move|p2a: Kecleon|Shadow Sneak|p1a: Beak
|-start|p2a: Kecleon|typechange|Ghost|[from] Protean
|-supereffective|p1a: Beak
|-damage|p1a: Beak|25\/324
|
|-heal|p2a: Kecleon|263\/323 brn|[from] item: Leftovers
|-damage|p2a: Kecleon|223\/323 brn|[from] brn
|upkeep
|turn|20
|choice|move rapidspin|move shadowsneak
|
|move|p2a: Kecleon|Shadow Sneak|p1a: Beak
|-supereffective|p1a: Beak
|-damage|p1a: Beak|0 fnt
|faint|p1a: Beak
|
|-heal|p2a: Kecleon|243\/323 brn|[from] item: Leftovers
|-damage|p2a: Kecleon|203\/323 brn|[from] brn
|upkeep
|choice|switch 2|
|
|switch|p1a: Where's Nemo?|Basculin, F|39\/281
|-damage|p1a: Where's Nemo?|4\/281|[from] Stealth Rock
|turn|21
|choice|move aquajet|move shadowsneak
|
|move|p1a: Where's Nemo?|Aqua Jet|p2a: Kecleon
|-damage|p2a: Kecleon|51\/323 brn
|move|p2a: Kecleon|Shadow Sneak|p1a: Where's Nemo?
|-damage|p1a: Where's Nemo?|0 fnt
|faint|p1a: Where's Nemo?
|
|-heal|p2a: Kecleon|71\/323 brn|[from] item: Leftovers
|-damage|p2a: Kecleon|31\/323 brn|[from] brn
|upkeep
|choice|switch 5|
|
|switch|p1a: Aria|Clefairy, F|344\/344
|turn|22
|choice|move calmmind|move knockoff
|
|move|p2a: Kecleon|Knock Off|p1a: Aria
|-start|p2a: Kecleon|typechange|Dark|[from] Protean
|-resisted|p1a: Aria
|-damage|p1a: Aria|311\/344
|-enditem|p1a: Aria|Eviolite|[from] move: Knock Off|[of] p2a: Kecleon
|move|p1a: Aria|Calm Mind|p1a: Aria
|-boost|p1a: Aria|spa|1
|-boost|p1a: Aria|spd|1
|
|-heal|p2a: Kecleon|51\/323 brn|[from] item: Leftovers
|-damage|p2a: Kecleon|11\/323 brn|[from] brn
|upkeep
|turn|23
|choice|move calmmind|switch 2
|
|switch|p2a: Aggron|Aggron, F|281\/281
|-damage|p2a: Aggron|264\/281|[from] Stealth Rock
|move|p1a: Aria|Calm Mind|p1a: Aria
|-boost|p1a: Aria|spa|1
|-boost|p1a: Aria|spd|1
|
|upkeep
|turn|24
|choice|move flamethrower|move headsmash
|
|move|p2a: Aggron|Head Smash|p1a: Aria
|-damage|p1a: Aria|0 fnt
|-damage|p2a: Aggron|236\/281|[from] item: Life Orb
|faint|p1a: Aria
|
|upkeep
|choice|switch 3|
|
|switch|p1a: Liepard|Liepard, F|269\/269
|-damage|p1a: Liepard|236\/269|[from] Stealth Rock
|turn|25
|choice|move fakeout|move headsmash
|
|move|p1a: Liepard|Fake Out|p2a: Aggron
|-enditem|p1a: Liepard|Normal Gem|[from] gem|[move] Fake Out
|-resisted|p2a: Aggron
|-damage|p2a: Aggron|229\/281
|cant|p2a: Aggron|flinch
|
|upkeep
|turn|26
|choice|move knockoff|move headsmash
|
|move|p1a: Liepard|Knock Off|p2a: Aggron
|-damage|p2a: Aggron|151\/281
|-enditem|p2a: Aggron|Life Orb|[from] move: Knock Off|[of] p1a: Liepard
|move|p2a: Aggron|Head Smash|p1a: Liepard|[miss]
|-miss|p2a: Aggron|p1a: Liepard
|
|upkeep
|turn|27
|choice|move suckerpunch|move headsmash
|
|move|p1a: Liepard|Sucker Punch|p2a: Aggron
|-damage|p2a: Aggron|79\/281
|move|p2a: Aggron|Head Smash|p1a: Liepard
|-damage|p1a: Liepard|0 fnt
|faint|p1a: Liepard
|
|win|trollmyfate
|raw|Hi Jude's rating: 1077 &rarr; <strong>1061<\/strong><br \/>(-16 for losing)
|raw|trollmyfate's rating: 1166 &rarr; <strong>1185<\/strong><br \/>(+19 for winning)
|l|Hi Jude</script>
</div>
<div class="battle-log battle-log-inline"><div class="inner"><div class="battle-options"></div><div class="inner"><div class="chat"><small>Hi Jude joined.</small></div><div class="chat"><small>trollmyfate joined.</small></div><div class=""><small>Format:</small> <br><strong>NU</strong></div><div class="rated"><strong>Rated battle</strong></div><div class=""><small><em>Sleep Clause Mod:</em> Limit one foe put to sleep</small></div><div class=""><small><em>Species Clause:</em> Limit one of each Pokémon</small></div><div class=""><small><em>OHKO Clause:</em> OHKO moves are banned</small></div><div class=""><small><em>Moody Clause:</em> Moody is banned</small></div><div class=""><small><em>Evasion Moves Clause:</em> Evasion moves are banned</small></div><div class=""><small><em>Endless Battle Clause:</em> Forcing endless battles is banned</small></div><div class=""><small><em>HP Percentage Mod:</em> HP is shown in percentages</small></div><div class=""><small><em>Swagger Clause:</em> Swagger is banned</small></div><div class=""><small><em>Baton Pass Clause:</em> Limit one Baton Passer, can't pass Spe and other stats simultaneously</small></div><div class="chat battle-history"><strong>Hi Jude's team:</strong> <em style="color:#445566;display:block;">Clefairy / Basculin / Liepard / Trevenant / Swellow / Claydol</em></div><div class="chat battle-history"><strong>trollmyfate's team:</strong> <em style="color:#445566;display:block;">Aggron / Kecleon / Sandslash / Swellow / Lanturn / Haunter</em></div><div class="spacer battle-history"><br></div><div class="battle-history">Battle started between Hi Jude and trollmyfate!<br></div><div class="spacer battle-history"><br></div><div class="battle-history">Go! Beak (<strong>Claydol</strong>)!<br></div><div class="spacer battle-history"><br></div><div class="battle-history">trollmyfate sent out <strong>Kecleon</strong>!<br></div><div class="spacer battle-history"><br></div><h2 class="battle-history">Turn 1</h2><div class="spacer battle-history"><br></div><div class="battle-history">Beak used <strong>Stealth Rock</strong>!<br></div><div class="battle-history"><small>Pointed stones float in the air around the opposing team!</small><br></div><div class="spacer battle-history"><br></div><div class="battle-history">The opposing Kecleon used <strong>Knock Off</strong>!<br></div><div class="spacer battle-history"><br></div><div class="battle-history"><small>[The opposing Kecleon's Protean]</small><br><small>The opposing Kecleon transformed into the Dark type!</small><br></div><div class="battle-history"><small>It's super effective!</small><br></div><div class="battle-history"><small>(Beak lost <abbr title="−192/324">59.3%</abbr> of its health!)</small><br></div><div class="battle-history"><small>The opposing Kecleon knocked off Beak's Leftovers!</small><br></div><div class="spacer battle-history"><br></div><h2 class="battle-history">Turn 2</h2><div class="spacer battle-history"><br></div><div class="battle-history">Beak, come back!<br></div><div class="battle-history">Go! <strong>Swellow</strong>!<br></div><div class="spacer battle-history"><br></div><div class="battle-history">The opposing Kecleon used <strong>Knock Off</strong>!<br></div><div class="battle-history"><small>(Swellow lost <abbr title="−163/261">62.5%</abbr> of its health!)</small><br></div><div class="battle-history"><small>The opposing Kecleon knocked off Swellow's Flame Orb!</small><br></div><div class="spacer battle-history"><br></div><h2 class="battle-history">Turn 3</h2><div class="spacer battle-history"><br></div><div class="battle-history">trollmyfate withdrew Kecleon!<br></div><div class="battle-history">trollmyfate sent out <strong>Sandslash</strong>!<br></div><div class="battle-history"><small>Pointed stones dug into the opposing Sandslash!</small><br></div><div class="spacer battle-history"><br></div><div class="battle-history">Swellow used <strong>U-turn</strong>!<br></div><div class="battle-history"><small>(The opposing Sandslash lost <abbr title="−40/353">11.3%</abbr> of its health!)</small><br></div><div class="spacer battle-history"><br></div><div class="battle-history">Swellow went back to Hi Jude!<br></div><div class="battle-history">Go! Rilowoodo (<strong>Trevenant</strong>)!<br></div><div class="spacer battle-history"><br></div><div class="battle-history"><small>The opposing Sandslash restored a little HP using its Leftovers!</small><br></div><div class="spacer battle-history"><br></div><h2 class="battle-history">Turn 4</h2><div class="spacer battle-history"><br></div><div class="battle-history">The opposing Sandslash used <strong>Stealth Rock</strong>!<br></div><div class="battle-history"><small>Pointed stones float in the air around your team!</small><br></div><div class="spacer battle-history"><br></div><div class="battle-history">Rilowoodo used <strong>Will-O-Wisp</strong>!<br></div><div class="battle-history"><small>The opposing Sandslash was burned!</small><br></div><div class="spacer battle-history"><br></div><div class="battle-history"><small>The opposing Sandslash restored a little HP using its Leftovers!</small><br></div><div class="battle-history"><small>The opposing Sandslash was hurt by its burn!</small><br></div><div class="spacer battle-history"><br></div><h2 class="battle-history">Turn 5</h2><div class="spacer battle-history"><br></div><div class="battle-history">trollmyfate withdrew Sandslash!<br></div><div class="battle-history">trollmyfate sent out <strong>Kecleon</strong>!<br></div><div class="battle-history"><small>Pointed stones dug into the opposing Kecleon!</small><br></div><div class="spacer battle-history"><br></div><div class="battle-history">Rilowoodo used <strong>Substitute</strong>!<br></div><div class="battle-history"><small>Rilowoodo put in a substitute!</small><br></div><div class="battle-history"><small>(Rilowoodo lost <abbr title="−93/374">24.9%</abbr> of its health!)</small><br></div><div class="spacer battle-history"><br></div><div class="battle-history"><small>The opposing Kecleon restored a little HP using its Leftovers!</small><br></div><div class="spacer battle-history"><br></div><h2 class="battle-history">Turn 6</h2><div class="spacer battle-history"><br></div><div class="battle-history">Rilowoodo used <strong>Will-O-Wisp</strong>!<br></div><div class="battle-history"><small>The opposing Kecleon was burned!</small><br></div><div class="spacer battle-history"><br></div><div class="battle-history">The opposing Kecleon used <strong>Knock Off</strong>!<br></div><div class="spacer battle-history"><br></div><div class="battle-history"><small>[The opposing Kecleon's Protean]</small><br><small>The opposing Kecleon transformed into the Dark type!</small><br></div><div class="battle-history"><small>It's super effective!</small><br></div><div class="battle-history"><small>The substitute took damage for Rilowoodo!</small><br></div><div class="spacer battle-history"><br></div><div class="battle-history"><small>The opposing Kecleon restored a little HP using its Leftovers!</small><br></div><div class="battle-history"><small>The opposing Kecleon was hurt by its burn!</small><br></div><div class="spacer battle-history"><br></div><h2 class="battle-history">Turn 7</h2><div class="spacer battle-history"><br></div><div class="battle-history">trollmyfate withdrew Kecleon!<br></div><div class="battle-history">trollmyfate sent out <strong>Swellow</strong>!<br></div><div class="battle-history"><small>Pointed stones dug into the opposing Swellow!</small><br></div><div class="spacer battle-history"><br></div><div class="battle-history">Rilowoodo used <strong>Leech Seed</strong>!<br></div><div class="battle-history"><small>The opposing Swellow was seeded!</small><br></div><div class="spacer battle-history"><br></div><div class="battle-history"><small>The opposing Swellow's health is sapped by Leech Seed!</small><br></div><div class="spacer battle-history"><br></div><h2 class="battle-history">Turn 8</h2><div class="spacer battle-history"><br></div><div class="battle-history">The opposing Swellow used <strong>Boomburst</strong>!<br></div><div class="battle-history"><small>(Rilowoodo lost <abbr title="−238/374">63.6%</abbr> of its health!)</small><br></div><div class="battle-history"><small>Rilowoodo ate its Sitrus Berry!</small><br></div><div class="battle-history"><small>Rilowoodo restored HP using its Sitrus Berry!</small><br></div><div class="spacer battle-history"><br></div><div class="battle-history">Rilowoodo used <strong>Will-O-Wisp</strong>!<br></div><div class="battle-history"><small>The opposing Swellow was burned!</small><br></div><div class="spacer battle-history"><br></div><div class="battle-history"><small>The opposing Swellow's health is sapped by Leech Seed!</small><br></div><div class="battle-history"><small>The opposing Swellow was hurt by its burn!</small><br></div><div class="battle-history"><small>[Rilowoodo's Harvest]</small><br><small>Rilowoodo harvested one Sitrus Berry!</small><br></div><div class="spacer battle-history"><br></div><h2 class="battle-history">Turn 9</h2><div class="spacer battle-history"><br></div><div class="battle-history">The opposing Swellow used <strong>Boomburst</strong>!<br></div><div class="battle-history"><small>(Rilowoodo lost <abbr title="−200/374">53.5%</abbr> of its health!)</small><br></div><div class="spacer battle-history"><br></div><div class="battle-history">Rilowoodo fainted!<br></div><div class="spacer battle-history"><br></div><div class="battle-history"><small>The opposing Swellow was hurt by its burn!</small><br></div><div class="spacer battle-history"><br></div><div class="battle-history">Go! <strong>Swellow</strong>!<br></div><div class="battle-history"><small>Pointed stones dug into Swellow!</small><br></div><div class="spacer battle-history"><br></div><h2 class="battle-history">Turn 10</h2><div class="spacer battle-history"><br></div><div class="battle-history">Swellow used <strong>Quick Attack</strong>!<br></div><div class="battle-history"><small>(The opposing Swellow lost <abbr title="−68/261">26.1%</abbr> of its health!)</small><br></div><div class="spacer battle-history"><br></div><div class="battle-history">The opposing Swellow fainted!<br></div><div class="spacer battle-history"><br></div><div class="battle-history">trollmyfate sent out <strong>Sandslash</strong>!<br></div><div class="battle-history"><small>Pointed stones dug into the opposing Sandslash!</small><br></div><div class="spacer battle-history"><br></div><h2 class="battle-history">Turn 11</h2><div class="spacer battle-history"><br></div><div class="battle-history">Swellow used <strong>Protect</strong>!<br></div><div class="battle-history"><small>Swellow protected itself!</small><br></div><div class="spacer battle-history"><br></div><div class="battle-history">The opposing Sandslash used <strong>Rapid Spin</strong>!<br></div><div class="battle-history"><small>Swellow protected itself!</small><br></div><div class="spacer battle-history"><br></div><div class="battle-history"><small>The opposing Sandslash restored a little HP using its Leftovers!</small><br></div><div class="battle-history"><small>The opposing Sandslash was hurt by its burn!</small><br></div><div class="spacer battle-history"><br></div><h2 class="battle-history">Turn 12</h2><div class="spacer battle-history"><br></div><div class="battle-history">Swellow used <strong>U-turn</strong>!<br></div><div class="battle-history"><small>(The opposing Sandslash lost <abbr title="−45/353">12.7%</abbr> of its health!)</small><br></div><div class="spacer battle-history"><br></div><div class="battle-history">Swellow went back to Hi Jude!<br></div><div class="battle-history">Go! Beak (<strong>Claydol</strong>)!<br></div><div class="battle-history"><small>Pointed stones dug into Beak!</small><br></div><div class="spacer battle-history"><br></div><div class="battle-history">The opposing Sandslash used <strong>Rapid Spin</strong>!<br></div><div class="battle-history"><small>(Beak lost <abbr title="−8/324">2.5%</abbr> of its health!)</small><br></div><div class="battle-history"><small>The pointed stones disappeared from around the opposing team!</small><br></div><div class="spacer battle-history"><br></div><div class="battle-history"><small>The opposing Sandslash restored a little HP using its Leftovers!</small><br></div><div class="battle-history"><small>The opposing Sandslash was hurt by its burn!</small><br></div><div class="spacer battle-history"><br></div><h2 class="battle-history">Turn 13</h2><div class="spacer battle-history"><br></div><div class="battle-history">trollmyfate withdrew Sandslash!<br></div><div class="battle-history">trollmyfate sent out <strong>Lanturn</strong>!<br></div><div class="spacer battle-history"><br></div><div class="battle-history">Beak used <strong>Stealth Rock</strong>!<br></div><div class="battle-history"><small>Pointed stones float in the air around the opposing team!</small><br></div><div class="spacer battle-history"><br></div><h2 class="battle-history">Turn 14</h2><div class="spacer battle-history"><br></div><div class="battle-history">Beak, come back!<br></div><div class="battle-history">Go! <strong>Swellow</strong>!<br></div><div class="battle-history"><small>Pointed stones dug into Swellow!</small><br></div><div class="spacer battle-history"><br></div><div class="battle-history">Swellow fainted!<br></div><div class="battle-history">The opposing Lanturn used <strong>Scald</strong>!<br></div><div class="battle-history"><small>But there was no target...</small><br></div><div class="spacer battle-history"><br></div><div class="battle-history">Go! Aria (<strong>Clefairy</strong>)!<br></div><div class="spacer battle-history"><br></div><h2 class="battle-history">Turn 15</h2><div class="spacer battle-history"><br></div><div class="battle-history">trollmyfate withdrew Lanturn!<br></div><div class="battle-history">trollmyfate sent out <strong>Haunter</strong>!<br></div><div class="battle-history"><small>Pointed stones dug into the opposing Haunter!</small><br></div><div class="spacer battle-history"><br></div><div class="battle-history">Aria used <strong>Calm Mind</strong>!<br></div><div class="battle-history"><small>Aria's Special Attack rose!</small><br></div><div class="battle-history"><small>Aria's Special Defense rose!</small><br></div><div class="spacer battle-history"><br></div><h2 class="battle-history">Turn 16</h2><div class="spacer battle-history"><br></div><div class="battle-history">Aria, come back!<br></div><div class="battle-history">Go! Beak (<strong>Claydol</strong>)!<br></div><div class="battle-history"><small>Pointed stones dug into Beak!</small><br></div><div class="spacer battle-history"><br></div><div class="battle-history">The opposing Haunter used <strong>Trick</strong>!<br></div><div class="battle-history"><small>The opposing Haunter switched items with its target!</small><br></div><div class="battle-history"><small>Beak obtained one Choice Scarf.</small><br></div><div class="spacer battle-history"><br></div><h2 class="battle-history">Turn 17</h2><div class="spacer battle-history"><br></div><div class="battle-history">Beak, come back!<br></div><div class="battle-history">Go! Where's Nemo? (<strong>Basculin</strong>)!<br></div><div class="battle-history"><small>Pointed stones dug into Where's Nemo?!</small><br></div><div class="spacer battle-history"><br></div><div class="battle-history">The opposing Haunter used <strong>Shadow Ball</strong>!<br></div><div class="battle-history"><small>(Where's Nemo? lost <abbr title="−207/281">73.7%</abbr> of its health!)</small><br></div><div class="spacer battle-history"><br></div><h2 class="battle-history">Turn 18</h2><div class="spacer battle-history"><br></div><div class="battle-history">trollmyfate withdrew Haunter!<br></div><div class="battle-history">trollmyfate sent out <strong>Sandslash</strong>!<br></div><div class="battle-history"><small>Pointed stones dug into the opposing Sandslash!</small><br></div><div class="spacer battle-history"><br></div><div class="battle-history">Where's Nemo? used <strong>Waterfall</strong>!<br></div><div class="battle-history"><small>It's super effective!</small><br></div><div class="battle-history"><small>(The opposing Sandslash lost <abbr title="−158/353">44.8%</abbr> of its health!)</small><br></div><div class="spacer battle-history"><br></div><div class="battle-history">The opposing Sandslash fainted!<br></div><div class="spacer battle-history"><br></div><div class="battle-history">trollmyfate sent out <strong>Kecleon</strong>!<br></div><div class="battle-history"><small>Pointed stones dug into the opposing Kecleon!</small><br></div><div class="spacer battle-history"><br></div><h2 class="battle-history">Turn 19</h2><div class="spacer battle-history"><br></div><div class="battle-history">Where's Nemo?, come back!<br></div><div class="battle-history">Go! Beak (<strong>Claydol</strong>)!<br></div><div class="battle-history"><small>Pointed stones dug into Beak!</small><br></div><div class="spacer battle-history"><br></div><div class="battle-history">The opposing Kecleon used <strong>Shadow Sneak</strong>!<br></div><div class="spacer battle-history"><br></div><div class="battle-history"><small>[The opposing Kecleon's Protean]</small><br><small>The opposing Kecleon transformed into the Ghost type!</small><br></div><div class="battle-history"><small>It's super effective!</small><br></div><div class="battle-history"><small>(Beak lost <abbr title="−39/324">12.0%</abbr> of its health!)</small><br></div><div class="spacer battle-history"><br></div><div class="battle-history"><small>The opposing Kecleon restored a little HP using its Leftovers!</small><br></div><div class="battle-history"><small>The opposing Kecleon was hurt by its burn!</small><br></div><div class="spacer battle-history"><br></div><h2 class="battle-history">Turn 20</h2><div class="spacer battle-history"><br></div><div class="battle-history">The opposing Kecleon used <strong>Shadow Sneak</strong>!<br></div><div class="battle-history"><small>It's super effective!</small><br></div><div class="battle-history"><small>(Beak lost <abbr title="−25/324">7.7%</abbr> of its health!)</small><br></div><div class="spacer battle-history"><br></div><div class="battle-history">Beak fainted!<br></div><div class="spacer battle-history"><br></div><div class="battle-history"><small>The opposing Kecleon restored a little HP using its Leftovers!</small><br></div><div class="battle-history"><small>The opposing Kecleon was hurt by its burn!</small><br></div><div class="spacer battle-history"><br></div><div class="battle-history">Go! Where's Nemo? (<strong>Basculin</strong>)!<br></div><div class="battle-history"><small>Pointed stones dug into Where's Nemo?!</small><br></div><div class="spacer battle-history"><br></div><h2 class="battle-history">Turn 21</h2><div class="spacer battle-history"><br></div><div class="battle-history">Where's Nemo? used <strong>Aqua Jet</strong>!<br></div><div class="battle-history"><small>(The opposing Kecleon lost <abbr title="−152/323">47.1%</abbr> of its health!)</small><br></div><div class="spacer battle-history"><br></div><div class="battle-history">The opposing Kecleon used <strong>Shadow Sneak</strong>!<br></div><div class="battle-history"><small>(Where's Nemo? lost <abbr title="−4/281">1.4%</abbr> of its health!)</small><br></div><div class="spacer battle-history"><br></div><div class="battle-history">Where's Nemo? fainted!<br></div><div class="spacer battle-history"><br></div><div class="battle-history"><small>The opposing Kecleon restored a little HP using its Leftovers!</small><br></div><div class="battle-history"><small>The opposing Kecleon was hurt by its burn!</small><br></div><div class="spacer battle-history"><br></div><div class="battle-history">Go! Aria (<strong>Clefairy</strong>)!<br></div><div class="spacer battle-history"><br></div><h2 class="battle-history">Turn 22</h2><div class="spacer battle-history"><br></div><div class="battle-history">The opposing Kecleon used <strong>Knock Off</strong>!<br></div><div class="spacer battle-history"><br></div><div class="battle-history"><small>[The opposing Kecleon's Protean]</small><br><small>The opposing Kecleon transformed into the Dark type!</small><br></div><div class="battle-history"><small>It's not very effective...</small><br></div><div class="battle-history"><small>(Aria lost <abbr title="−33/344">9.6%</abbr> of its health!)</small><br></div><div class="battle-history"><small>The opposing Kecleon knocked off Aria's Eviolite!</small><br></div><div class="spacer battle-history"><br></div><div class="battle-history">Aria used <strong>Calm Mind</strong>!<br></div><div class="battle-history"><small>Aria's Special Attack rose!</small><br></div><div class="battle-history"><small>Aria's Special Defense rose!</small><br></div><div class="spacer battle-history"><br></div><div class="battle-history"><small>The opposing Kecleon restored a little HP using its Leftovers!</small><br></div><div class="battle-history"><small>The opposing Kecleon was hurt by its burn!</small><br></div><div class="spacer battle-history"><br></div><h2 class="battle-history">Turn 23</h2><div class="spacer battle-history"><br></div><div class="battle-history">trollmyfate withdrew Kecleon!<br></div><div class="battle-history">trollmyfate sent out <strong>Aggron</strong>!<br></div><div class="battle-history"><small>Pointed stones dug into the opposing Aggron!</small><br></div><div class="spacer battle-history"><br></div><div class="battle-history">Aria used <strong>Calm Mind</strong>!<br></div><div class="battle-history"><small>Aria's Special Attack rose!</small><br></div><div class="battle-history"><small>Aria's Special Defense rose!</small><br></div><div class="spacer battle-history"><br></div><h2 class="battle-history">Turn 24</h2><div class="spacer battle-history"><br></div><div class="battle-history">The opposing Aggron used <strong>Head Smash</strong>!<br></div><div class="battle-history"><small>(Aria lost <abbr title="−311/344">90.4%</abbr> of its health!)</small><br></div><div class="battle-history"><small>The opposing Aggron lost some of its HP!</small><br></div><div class="spacer battle-history"><br></div><div class="battle-history">Aria fainted!<br></div><div class="spacer battle-history"><br></div><div class="battle-history">Go! <strong>Liepard</strong>!<br></div><div class="battle-history"><small>Pointed stones dug into Liepard!</small><br></div><div class="spacer battle-history"><br></div><h2 class="battle-history">Turn 25</h2><div class="spacer battle-history"><br></div><div class="battle-history">Liepard used <strong>Fake Out</strong>!<br></div><div class="battle-history"><small>The Normal Gem strengthened Liepard's power!</small><br></div><div class="battle-history"><small>It's not very effective...</small><br></div><div class="battle-history"><small>(The opposing Aggron lost <abbr title="−7/281">2.5%</abbr> of its health!)</small><br></div><div class="spacer battle-history"><br></div><div class="battle-history">The opposing Aggron flinched and couldn't move!<br></div><div class="spacer battle-history"><br></div><h2 class="battle-history">Turn 26</h2><div class="spacer battle-history"><br></div><div class="battle-history">Liepard used <strong>Knock Off</strong>!<br></div><div class="battle-history"><small>(The opposing Aggron lost <abbr title="−78/281">27.8%</abbr> of its health!)</small><br></div><div class="battle-history"><small>Liepard knocked off the opposing Aggron's Life Orb!</small><br></div><div class="spacer battle-history"><br></div><div class="battle-history">The opposing Aggron used <strong>Head Smash</strong>!<br></div><div class="battle-history"><small>Liepard avoided the attack!</small><br></div><div class="spacer battle-history"><br></div><h2 class="battle-history">Turn 27</h2><div class="spacer battle-history"><br></div><div class="battle-history">Liepard used <strong>Sucker Punch</strong>!<br></div><div class="battle-history"><small>(The opposing Aggron lost <abbr title="−72/281">25.6%</abbr> of its health!)</small><br></div><div class="spacer battle-history"><br></div><div class="battle-history">The opposing Aggron used <strong>Head Smash</strong>!<br></div><div class="battle-history"><small>(Liepard lost <abbr title="−236/269">87.7%</abbr> of its health!)</small><br></div><div class="spacer battle-history"><br></div><div class="battle-history">Liepard fainted!<br></div><div class="spacer battle-history"><br></div><div class="battle-history"><strong>trollmyfate</strong> won the battle!<br></div><div class="chat">Hi Jude's rating: 1077 → <strong>1061</strong><br>(-16 for losing)</div><div class="chat">trollmyfate's rating: 1166 → <strong>1185</strong><br>(+19 for winning)</div><div class="chat"><small>Hi Jude left.</small></div></div><div class="inner-preempt"></div></div></div>
</div>
<script>
let daily = Math.floor(Date.now()/1000/60/60/24);document.write('<script src="https://play.pokemonshowdown.com/js/replay-embed.js?version'+daily+'"></'+'script>');
</script>
