<!DOCTYPE html>
<meta charset="utf-8" />
<!-- version 1 -->
<title>NU replay: Un semi Noob vs. pepperpoots</title>
<style>
html,body {font-family:Verdana, sans-serif;font-size:10pt;margin:0;padding:0;}body{padding:12px 0;} .battle-log {font-family:Verdana, sans-serif;font-size:10pt;} .battle-log-inline {border:1px solid #AAAAAA;background:#EEF2F5;color:black;max-width:640px;margin:0 auto 80px;padding-bottom:5px;} .battle-log .inner {padding:4px 8px 0px 8px;} .battle-log .inner-preempt {padding:0 8px 4px 8px;} .battle-log .inner-after {margin-top:0.5em;} .battle-log h2 {margin:0.5em -8px;padding:4px 8px;border:1px solid #AAAAAA;background:#E0E7EA;border-left:0;border-right:0;font-family:Verdana, sans-serif;font-size:13pt;} .battle-log .chat {vertical-align:middle;padding:3px 0 3px 0;font-size:8pt;} .battle-log .chat strong {color:#40576A;} .battle-log .chat em {padding:1px 4px 1px 3px;color:#000000;font-style:normal;} .chat.mine {background:rgba(0,0,0,0.05);margin-left:-8px;margin-right:-8px;padding-left:8px;padding-right:8px;} .spoiler {color:#BBBBBB;background:#BBBBBB;padding:0px 3px;} .spoiler:hover, .spoiler:active, .spoiler-shown {color:#000000;background:#E2E2E2;padding:0px 3px;} .spoiler a {color:#BBBBBB;} .spoiler:hover a, .spoiler:active a, .spoiler-shown a {color:#2288CC;} .chat code, .chat .spoiler:hover code, .chat .spoiler:active code, .chat .spoiler-shown code {border:1px solid #C0C0C0;background:#EEEEEE;color:black;padding:0 2px;} .chat .spoiler code {border:1px solid #CCCCCC;background:#CCCCCC;color:#CCCCCC;} .battle-log .rated {padding:3px 4px;} .battle-log .rated strong {color:white;background:#89A;padding:1px 4px;border-radius:4px;} .spacer {margin-top:0.5em;} .message-announce {background:#6688AA;color:white;padding:1px 4px 2px;} .message-announce a, .broadcast-green a, .broadcast-blue a, .broadcast-red a {color:#DDEEFF;} .broadcast-green {background-color:#559955;color:white;padding:2px 4px;} .broadcast-blue {background-color:#6688AA;color:white;padding:2px 4px;} .infobox {border:1px solid #6688AA;padding:2px 4px;} .infobox-limited {max-height:200px;overflow:auto;overflow-x:hidden;} .broadcast-red {background-color:#AA5544;color:white;padding:2px 4px;} .message-learn-canlearn {font-weight:bold;color:#228822;text-decoration:underline;} .message-learn-cannotlearn {font-weight:bold;color:#CC2222;text-decoration:underline;} .message-effect-weak {font-weight:bold;color:#CC2222;} .message-effect-resist {font-weight:bold;color:#6688AA;} .message-effect-immune {font-weight:bold;color:#666666;} .message-learn-list {margin-top:0;margin-bottom:0;} .message-throttle-notice, .message-error {color:#992222;} .message-overflow, .chat small.message-overflow {font-size:0pt;} .message-overflow::before {font-size:9pt;content:'...';} .subtle {color:#3A4A66;}
</style>
<div class="wrapper replay-wrapper" style="max-width:1180px;margin:0 auto">
<input type="hidden" name="replayid" value="nu-561644022" />
<div class="battle"></div><div class="battle-log"></div><div class="replay-controls"></div><div class="replay-controls-2"></div>
<h1 style="font-weight:normal;text-align:center"><strong>NU</strong><br /><a href="http://pokemonshowdown.com/users/unseminoob" class="subtle" target="_blank">Un semi Noob</a> vs. <a href="http://pokemonshowdown.com/users/pepperpoots" class="subtle" target="_blank">pepperpoots</a></h1>
<script type="text/plain" class="battle-log-data">|j|Un semi Noob
|j|pepperpoots
|player|p1|Un semi Noob|43
|player|p2|pepperpoots|279
|gametype|singles
|gen|6
|tier|NU
|seed|48448,60827,30310,62177
|rule|Sleep Clause Mod: Limit one foe put to sleep
|rule|Species Clause: Limit one of each Pokémon
|rule|OHKO Clause: OHKO moves are banned
|rule|Moody Clause: Moody is banned
|rule|Evasion Moves Clause: Evasion moves are banned
|rule|Endless Battle Clause: Forcing endless battles is banned
|rule|HP Percentage Mod: HP is shown in percentages
|clearpoke
|poke|p1|Pinsir, F|item
|poke|p1|Archeops, F|item
|poke|p1|Swellow, F|item
|poke|p1|Vileplume, M|item
|poke|p1|Malamar, M|item
|poke|p1|Golurk|item
|poke|p2|Aggron, F|item
|poke|p2|Ludicolo, F|item
|poke|p2|Mismagius, F|item
|poke|p2|Poliwrath, M|item
|poke|p2|Manectric, M|item
|poke|p2|Torkoal, F|item
|rule|Swagger Clause: Swagger is banned
|rule|Baton Pass Clause: Limit one Baton Passer, can't pass Spe and other stats simultaneously
|teampreview
|choice|team 4, team 2, team 3, team 1, team 5, team 6|team 6, team 2, team 3, team 4, team 5, team 1
|
|start
|switch|p1a: Vileplume|Vileplume, M|354\/354
|switch|p2a: Torkoal|Torkoal, F|343\/343
|turn|1
|choice|switch 6|move stealthrock
|
|switch|p1a: Golurk|Golurk|382\/382
|move|p2a: Torkoal|Stealth Rock|p1a: Golurk
|-sidestart|p1: Un semi Noob|move: Stealth Rock
|
|upkeep
|turn|2
|choice|move dynamicpunch|switch 3
|
|switch|p2a: Mismagius|Mismagius, F|261\/261
|move|p1a: Golurk|Dynamic Punch|p2a: Mismagius
|-immune|p2a: Mismagius|[msg]
|
|upkeep
|turn|3
|choice|move shadowpunch|move energyball
|
|move|p2a: Mismagius|Energy Ball|p1a: Golurk
|-supereffective|p1a: Golurk
|-damage|p1a: Golurk|195\/382
|-damage|p2a: Mismagius|235\/261|[from] item: Life Orb
|move|p1a: Golurk|Shadow Punch|p2a: Mismagius
|-supereffective|p2a: Mismagius
|-damage|p2a: Mismagius|0 fnt
|faint|p2a: Mismagius
|
|upkeep
|c|☆pepperpoots|WELP
|choice||switch 2
|
|switch|p2a: Senor|Ludicolo, F|364\/364
|turn|4
|c|☆Un semi Noob|He He He
|c|☆Un semi Noob|:3
|choice|move icepunch|move knockoff
|
|move|p2a: Senor|Knock Off|p1a: Golurk
|-supereffective|p1a: Golurk
|-damage|p1a: Golurk|67\/382
|-enditem|p1a: Golurk|Assault Vest|[from] move: Knock Off|[of] p2a: Senor
|move|p1a: Golurk|Ice Punch|p2a: Senor
|-damage|p2a: Senor|268\/364
|
|upkeep
|turn|5
|choice|move drainpunch|move leechseed
|
|move|p2a: Senor|Leech Seed|p1a: Golurk
|-start|p1a: Golurk|move: Leech Seed
|move|p1a: Golurk|Drain Punch|p2a: Senor
|-damage|p2a: Senor|162\/364
|-heal|p1a: Golurk|120\/382|[from] drain|[of] p2a: Senor
|
|-damage|p1a: Golurk|73\/382|[from] Leech Seed|[of] p2a: Senor
|-heal|p2a: Senor|209\/364|[silent]
|upkeep
|turn|6
|choice|move dynamicpunch|move counter
|
|move|p1a: Golurk|Dynamic Punch|p2a: Senor
|-damage|p2a: Senor|68\/364
|move|p2a: Senor|Counter|p1a: Golurk
|-immune|p1a: Golurk|[msg]
|
|-damage|p1a: Golurk|26\/382|[from] Leech Seed|[of] p2a: Senor
|-heal|p2a: Senor|115\/364|[silent]
|upkeep
|turn|7
|choice|move dynamicpunch|move drainpunch
|
|move|p2a: Senor|Drain Punch|p1a: Golurk
|-immune|p1a: Golurk|[msg]
|move|p1a: Golurk|Dynamic Punch|p2a: Senor
|-damage|p2a: Senor|0 fnt
|faint|p2a: Senor
|
|upkeep
|c|☆pepperpoots|o9mg
|choice||switch 6
|
|switch|p2a: Aggron|Aggron, F|282\/282
|turn|8
|c|☆Un semi Noob|I'm Ghost,I'm immune to fight and normal
|choice|move drainpunch|move substitute
|
|move|p2a: Aggron|Substitute|p2a: Aggron
|-start|p2a: Aggron|Substitute
|-damage|p2a: Aggron|212\/282
|move|p1a: Golurk|Drain Punch|p2a: Aggron
|-supereffective|p2a: Aggron
|-end|p2a: Aggron|Substitute
|-heal|p1a: Golurk|61\/382|[from] drain|[of] p2a: Aggron
|
|-heal|p2a: Aggron|229\/282|[from] item: Leftovers
|-damage|p1a: Golurk|14\/382|[from] Leech Seed|[of] p2a: Aggron
|-heal|p2a: Aggron|276\/282|[silent]
|upkeep
|turn|9
|c|☆pepperpoots|yep. idk much about gens 4+
|c|☆Un semi Noob|:3
|c|☆Un semi Noob|:3:3
|c|☆pepperpoots|and i need to think before acting more
|choice|move drainpunch|move rockslide
|
|move|p2a: Aggron|Rock Slide|p1a: Golurk
|-resisted|p1a: Golurk
|-damage|p1a: Golurk|0 fnt
|faint|p1a: Golurk
|
|-heal|p2a: Aggron|282\/282|[from] item: Leftovers
|upkeep
|choice|switch 5|
|
|switch|p1a: Malamar|Malamar, M|314\/314
|-damage|p1a: Malamar|275\/314|[from] Stealth Rock
|turn|10
|choice|move superpower|move thunderwave
|
|move|p1a: Malamar|Superpower|p2a: Aggron
|-supereffective|p2a: Aggron
|-damage|p2a: Aggron|34\/282
|-boost|p1a: Malamar|atk|1
|-boost|p1a: Malamar|def|1
|move|p2a: Aggron|Thunder Wave|p1a: Malamar
|-status|p1a: Malamar|par
|
|-heal|p2a: Aggron|51\/282|[from] item: Leftovers
|upkeep
|turn|11
|c|☆Un semi Noob|shish
|choice|move superpower|move rockslide
|
|move|p2a: Aggron|Rock Slide|p1a: Malamar
|-damage|p1a: Malamar|193\/314 par
|move|p1a: Malamar|Superpower|p2a: Aggron
|-supereffective|p2a: Aggron
|-damage|p2a: Aggron|0 fnt
|-boost|p1a: Malamar|atk|1
|-boost|p1a: Malamar|def|1
|faint|p2a: Aggron
|
|upkeep
|c|☆pepperpoots|oh man that ability
|choice||switch 5
|
|switch|p2a: Manectric|Manectric, M|281\/281
|turn|12
|choice|move rest|move switcheroo
|
|move|p2a: Manectric|Switcheroo|p1a: Malamar
|-activate|p2a: Manectric|move: Trick|[of] p1a: Malamar
|-item|p1a: Malamar|Choice Specs|[from] move: Switcheroo
|-item|p2a: Manectric|Focus Sash|[from] move: Switcheroo
|move|p1a: Malamar|Rest|p1a: Malamar
|-status|p1a: Malamar|slp
|-heal|p1a: Malamar|314\/314 slp|[silent]
|-status|p1a: Malamar|slp|[from] move: Rest
|
|upkeep
|turn|13
|c|☆Un semi Noob|Often I sweep with him
|choice|switch 4|switch 4
|
|switch|p2a: Tubby Smith|Poliwrath, M|322\/322
|switch|p1a: Pinsir|Pinsir, F|271\/271
|-damage|p1a: Pinsir|204\/271|[from] Stealth Rock
|
|-heal|p1a: Pinsir|220\/271|[from] item: Leftovers
|upkeep
|turn|14
|choice|move bulkup|switch 3
|
|switch|p2a: Torkoal|Torkoal, F|343\/343
|move|p1a: Pinsir|Bulk Up|p1a: Pinsir
|-boost|p1a: Pinsir|atk|1
|-boost|p1a: Pinsir|def|1
|
|-heal|p1a: Pinsir|236\/271|[from] item: Leftovers
|upkeep
|turn|15
|choice|move knockoff|move lavaplume
|
|move|p1a: Pinsir|Knock Off|p2a: Torkoal
|-damage|p2a: Torkoal|260\/343
|-enditem|p2a: Torkoal|Leftovers|[from] move: Knock Off|[of] p1a: Pinsir
|move|p2a: Torkoal|Lava Plume|p1a: Pinsir
|-supereffective|p1a: Pinsir
|-damage|p1a: Pinsir|32\/271
|
|-heal|p1a: Pinsir|48\/271|[from] item: Leftovers
|upkeep
|turn|16
|j|Tzums
|l|Tzums
|choice|move quickattack|move toxic
|
|move|p1a: Pinsir|Quick Attack|p2a: Torkoal
|-damage|p2a: Torkoal|226\/343
|move|p2a: Torkoal|Toxic|p1a: Pinsir
|-status|p1a: Pinsir|tox
|
|-heal|p1a: Pinsir|64\/271 tox|[from] item: Leftovers
|-damage|p1a: Pinsir|48\/271 tox|[from] psn
|upkeep
|turn|17
|choice|move quickattack|move toxic
|
|move|p1a: Pinsir|Quick Attack|p2a: Torkoal
|-damage|p2a: Torkoal|191\/343
|move|p2a: Torkoal|Toxic|p1a: Pinsir
|-fail|p1a: Pinsir|tox
|
|-heal|p1a: Pinsir|64\/271 tox|[from] item: Leftovers
|-damage|p1a: Pinsir|32\/271 tox|[from] psn
|upkeep
|turn|18
|choice|move knockoff|move lavaplume
|
|move|p1a: Pinsir|Knock Off|p2a: Torkoal
|-damage|p2a: Torkoal|139\/343
|move|p2a: Torkoal|Lava Plume|p1a: Pinsir
|-supereffective|p1a: Pinsir
|-crit|p1a: Pinsir
|-damage|p1a: Pinsir|0 fnt
|faint|p1a: Pinsir
|
|upkeep
|choice|switch 3|
|
|switch|p1a: Swellow|Swellow, F|261\/261
|-damage|p1a: Swellow|196\/261|[from] Stealth Rock
|turn|19
|choice|move boomburst|switch 4
|
|switch|p2a: Manectric|Manectric, M|281\/281
|move|p1a: Swellow|Boomburst|p2a: Manectric
|-enditem|p2a: Manectric|Focus Sash
|-damage|p2a: Manectric|1\/281
|
|upkeep
|turn|20
|c|☆Un semi Noob|:3
|c|☆Un semi Noob|:(
|choice|switch 6|switch 3
|
|switch|p1a: Vileplume|Vileplume, M|354\/354
|-damage|p1a: Vileplume|310\/354|[from] Stealth Rock
|switch|p2a: Tubby Smith|Poliwrath, M|322\/322
|
|-heal|p1a: Vileplume|332\/354|[from] item: Black Sludge
|upkeep
|turn|21
|choice|move aromatherapy|move circlethrow
|
|move|p1a: Vileplume|Aromatherapy|p1a: Vileplume
|-activate|p1a: Vileplume|move: Aromatherapy
|-curestatus|p1: Malamar|slp|[msg]
|move|p2a: Tubby Smith|Circle Throw|p1a: Vileplume
|-resisted|p1a: Vileplume
|-damage|p1a: Vileplume|284\/354
|drag|p1a: Défécation|Archeops, F|291\/291
|-damage|p1a: Défécation|219\/291|[from] Stealth Rock
|
|upkeep
|turn|22
|choice|move acrobatics|move circlethrow
|
|move|p1a: Défécation|Acrobatics|p2a: Tubby Smith
|-supereffective|p2a: Tubby Smith
|-damage|p2a: Tubby Smith|98\/322
|move|p2a: Tubby Smith|Circle Throw|p1a: Défécation
|-damage|p1a: Défécation|92\/291
|drag|p1a: Vileplume|Vileplume, M|284\/354
|-damage|p1a: Vileplume|240\/354|[from] Stealth Rock
|
|-heal|p1a: Vileplume|262\/354|[from] item: Black Sludge
|upkeep
|turn|23
|choice|move gigadrain|move circlethrow
|
|move|p1a: Vileplume|Giga Drain|p2a: Tubby Smith
|-supereffective|p2a: Tubby Smith
|-damage|p2a: Tubby Smith|0 fnt
|-heal|p1a: Vileplume|311\/354|[from] drain|[of] p2a: Tubby Smith
|faint|p2a: Tubby Smith
|
|-heal|p1a: Vileplume|333\/354|[from] item: Black Sludge
|upkeep
|choice||switch 4
|
|switch|p2a: Torkoal|Torkoal, F|139\/343
|turn|24
|choice|move stunspore|move lavaplume
|
|move|p1a: Vileplume|Stun Spore|p2a: Torkoal
|-status|p2a: Torkoal|par
|move|p2a: Torkoal|Lava Plume|p1a: Vileplume
|-supereffective|p1a: Vileplume
|-damage|p1a: Vileplume|159\/354
|
|-heal|p1a: Vileplume|181\/354|[from] item: Black Sludge
|upkeep
|turn|25
|choice|move sludgebomb|move lavaplume
|
|move|p1a: Vileplume|Sludge Bomb|p2a: Torkoal
|-damage|p2a: Torkoal|0 fnt
|faint|p2a: Torkoal
|
|-heal|p1a: Vileplume|203\/354|[from] item: Black Sludge
|upkeep
|choice||switch 3
|
|switch|p2a: Manectric|Manectric, M|1\/281
|turn|26
|choice|move gigadrain|move flamethrower
|
|move|p2a: Manectric|Flamethrower|p1a: Vileplume
|-supereffective|p1a: Vileplume
|-damage|p1a: Vileplume|0 fnt
|faint|p1a: Vileplume
|
|upkeep
|c|☆Un semi Noob|:3
|choice|switch 6|
|
|switch|p1a: Swellow|Swellow, F|196\/261
|-damage|p1a: Swellow|131\/261|[from] Stealth Rock
|turn|27
|choice|move boomburst|move thunderbolt
|
|move|p1a: Swellow|Boomburst|p2a: Manectric
|-damage|p2a: Manectric|0 fnt
|faint|p2a: Manectric
|
|win|Un semi Noob
|c|☆Un semi Noob|GG
|c|☆pepperpoots|GG</script>
</div>
<div class="battle-log battle-log-inline"><div class="inner"><div class="battle-options"></div><div class="inner"><div class="chat"><small>Un semi Noob joined.</small></div><div class="chat"><small>pepperpoots joined.</small></div><div class=""><small>Format:</small> <br><strong>NU</strong></div><div class=""><small><em>Sleep Clause Mod:</em> Limit one foe put to sleep</small></div><div class=""><small><em>Species Clause:</em> Limit one of each Pokémon</small></div><div class=""><small><em>OHKO Clause:</em> OHKO moves are banned</small></div><div class=""><small><em>Moody Clause:</em> Moody is banned</small></div><div class=""><small><em>Evasion Moves Clause:</em> Evasion moves are banned</small></div><div class=""><small><em>Endless Battle Clause:</em> Forcing endless battles is banned</small></div><div class=""><small><em>HP Percentage Mod:</em> HP is shown in percentages</small></div><div class=""><small><em>Swagger Clause:</em> Swagger is banned</small></div><div class=""><small><em>Baton Pass Clause:</em> Limit one Baton Passer, can't pass Spe and other stats simultaneously</small></div><div class="chat battle-history"><strong>Un semi Noob's team:</strong> <em style="color:#445566;display:block;">Pinsir / Archeops / Swellow / Vileplume / Malamar / Golurk</em></div><div class="chat battle-history"><strong>pepperpoots's team:</strong> <em style="color:#445566;display:block;">Aggron / Ludicolo / Mismagius / Poliwrath / Manectric / Torkoal</em></div><div class="spacer battle-history"><br></div><div class="battle-history">Battle started between Un semi Noob and pepperpoots!<br></div><div class="spacer battle-history"><br></div><div class="battle-history">Go! <strong>Vileplume</strong>!<br></div><div class="spacer battle-history"><br></div><div class="battle-history">pepperpoots sent out <strong>Torkoal</strong>!<br></div><div class="spacer battle-history"><br></div><h2 class="battle-history">Turn 1</h2><div class="spacer battle-history"><br></div><div class="battle-history">Vileplume, come back!<br></div><div class="battle-history">Go! <strong>Golurk</strong>!<br></div><div class="spacer battle-history"><br></div><div class="battle-history">The opposing Torkoal used <strong>Stealth Rock</strong>!<br></div><div class="battle-history"><small>Pointed stones float in the air around your team!</small><br></div><div class="spacer battle-history"><br></div><h2 class="battle-history">Turn 2</h2><div class="spacer battle-history"><br></div><div class="battle-history">pepperpoots withdrew Torkoal!<br></div><div class="battle-history">pepperpoots sent out <strong>Mismagius</strong>!<br></div><div class="spacer battle-history"><br></div><div class="battle-history">Golurk used <strong>Dynamic Punch</strong>!<br></div><div class="battle-history"><small>It doesn't affect the opposing Mismagius...</small><br></div><div class="spacer battle-history"><br></div><h2 class="battle-history">Turn 3</h2><div class="spacer battle-history"><br></div><div class="battle-history">The opposing Mismagius used <strong>Energy Ball</strong>!<br></div><div class="battle-history"><small>It's super effective!</small><br></div><div class="battle-history"><small>(Golurk lost <abbr title="−187/382">49.0%</abbr> of its health!)</small><br></div><div class="battle-history"><small>The opposing Mismagius lost some of its HP!</small><br></div><div class="spacer battle-history"><br></div><div class="battle-history">Golurk used <strong>Shadow Punch</strong>!<br></div><div class="battle-history"><small>It's super effective!</small><br></div><div class="battle-history"><small>(The opposing Mismagius lost <abbr title="−235/261">90.0%</abbr> of its health!)</small><br></div><div class="spacer battle-history"><br></div><div class="battle-history">The opposing Mismagius fainted!<br></div><div class="chat chatmessage-pepperpoots"><strong style="color:hsl(239,74%,64.75577641375669%)"><small>☆</small><span class="username" data-name="pepperpoots">pepperpoots</span>:</strong> <em>WELP</em></div><div class="spacer battle-history"><br></div><div class="battle-history">pepperpoots sent out Senor (<strong>Ludicolo</strong>)!<br></div><div class="spacer battle-history"><br></div><h2 class="battle-history">Turn 4</h2><div class="chat chatmessage-unseminoob"><strong style="color:hsl(297,87%,40.37605481960186%)"><small>☆</small><span class="username" data-name="Un semi Noob">Un semi Noob</span>:</strong> <em>He He He</em></div><div class="chat chatmessage-unseminoob"><strong style="color:hsl(297,87%,40.37605481960186%)"><small>☆</small><span class="username" data-name="Un semi Noob">Un semi Noob</span>:</strong> <em>:3</em></div><div class="spacer battle-history"><br></div><div class="battle-history">The opposing Senor used <strong>Knock Off</strong>!<br></div><div class="battle-history"><small>It's super effective!</small><br></div><div class="battle-history"><small>(Golurk lost <abbr title="−128/382">33.5%</abbr> of its health!)</small><br></div><div class="battle-history"><small>The opposing Senor knocked off Golurk's Assault Vest!</small><br></div><div class="spacer battle-history"><br></div><div class="battle-history">Golurk used <strong>Ice Punch</strong>!<br></div><div class="battle-history"><small>(The opposing Senor lost <abbr title="−96/364">26.4%</abbr> of its health!)</small><br></div><div class="spacer battle-history"><br></div><h2 class="battle-history">Turn 5</h2><div class="spacer battle-history"><br></div><div class="battle-history">The opposing Senor used <strong>Leech Seed</strong>!<br></div><div class="battle-history"><small>Golurk was seeded!</small><br></div><div class="spacer battle-history"><br></div><div class="battle-history">Golurk used <strong>Drain Punch</strong>!<br></div><div class="battle-history"><small>(The opposing Senor lost <abbr title="−106/364">29.1%</abbr> of its health!)</small><br></div><div class="battle-history"><small>The opposing Senor had its energy drained!</small><br></div><div class="spacer battle-history"><br></div><div class="battle-history"><small>Golurk's health is sapped by Leech Seed!</small><br></div><div class="spacer battle-history"><br></div><h2 class="battle-history">Turn 6</h2><div class="spacer battle-history"><br></div><div class="battle-history">Golurk used <strong>Dynamic Punch</strong>!<br></div><div class="battle-history"><small>(The opposing Senor lost <abbr title="−141/364">38.7%</abbr> of its health!)</small><br></div><div class="spacer battle-history"><br></div><div class="battle-history">The opposing Senor used <strong>Counter</strong>!<br></div><div class="battle-history"><small>It doesn't affect Golurk...</small><br></div><div class="spacer battle-history"><br></div><div class="battle-history"><small>Golurk's health is sapped by Leech Seed!</small><br></div><div class="spacer battle-history"><br></div><h2 class="battle-history">Turn 7</h2><div class="spacer battle-history"><br></div><div class="battle-history">The opposing Senor used <strong>Drain Punch</strong>!<br></div><div class="battle-history"><small>It doesn't affect Golurk...</small><br></div><div class="spacer battle-history"><br></div><div class="battle-history">Golurk used <strong>Dynamic Punch</strong>!<br></div><div class="battle-history"><small>(The opposing Senor lost <abbr title="−115/364">31.6%</abbr> of its health!)</small><br></div><div class="spacer battle-history"><br></div><div class="battle-history">The opposing Senor fainted!<br></div><div class="chat chatmessage-pepperpoots"><strong style="color:hsl(239,74%,64.75577641375669%)"><small>☆</small><span class="username" data-name="pepperpoots">pepperpoots</span>:</strong> <em>o9mg</em></div><div class="spacer battle-history"><br></div><div class="battle-history">pepperpoots sent out <strong>Aggron</strong>!<br></div><div class="spacer battle-history"><br></div><h2 class="battle-history">Turn 8</h2><div class="chat chatmessage-unseminoob"><strong style="color:hsl(297,87%,40.37605481960186%)"><small>☆</small><span class="username" data-name="Un semi Noob">Un semi Noob</span>:</strong> <em>I'm Ghost,I'm immune to fight and normal</em></div><div class="spacer battle-history"><br></div><div class="battle-history">The opposing Aggron used <strong>Substitute</strong>!<br></div><div class="battle-history"><small>The opposing Aggron put in a substitute!</small><br></div><div class="battle-history"><small>(The opposing Aggron lost <abbr title="−70/282">24.8%</abbr> of its health!)</small><br></div><div class="spacer battle-history"><br></div><div class="battle-history">Golurk used <strong>Drain Punch</strong>!<br></div><div class="battle-history"><small>It's super effective!</small><br></div><div class="battle-history"><small>The opposing Aggron's substitute faded!</small><br></div><div class="battle-history"><small>The opposing Aggron had its energy drained!</small><br></div><div class="spacer battle-history"><br></div><div class="battle-history"><small>The opposing Aggron restored a little HP using its Leftovers!</small><br></div><div class="battle-history"><small>Golurk's health is sapped by Leech Seed!</small><br></div><div class="spacer battle-history"><br></div><h2 class="battle-history">Turn 9</h2><div class="chat chatmessage-pepperpoots"><strong style="color:hsl(239,74%,64.75577641375669%)"><small>☆</small><span class="username" data-name="pepperpoots">pepperpoots</span>:</strong> <em>yep. idk much about gens 4+</em></div><div class="chat chatmessage-unseminoob"><strong style="color:hsl(297,87%,40.37605481960186%)"><small>☆</small><span class="username" data-name="Un semi Noob">Un semi Noob</span>:</strong> <em>:3</em></div><div class="chat chatmessage-unseminoob"><strong style="color:hsl(297,87%,40.37605481960186%)"><small>☆</small><span class="username" data-name="Un semi Noob">Un semi Noob</span>:</strong> <em>:3:3</em></div><div class="chat chatmessage-pepperpoots"><strong style="color:hsl(239,74%,64.75577641375669%)"><small>☆</small><span class="username" data-name="pepperpoots">pepperpoots</span>:</strong> <em>and i need to think before acting more</em></div><div class="spacer battle-history"><br></div><div class="battle-history">The opposing Aggron used <strong>Rock Slide</strong>!<br></div><div class="battle-history"><small>It's not very effective...</small><br></div><div class="battle-history"><small>(Golurk lost <abbr title="−14/382">3.7%</abbr> of its health!)</small><br></div><div class="spacer battle-history"><br></div><div class="battle-history">Golurk fainted!<br></div><div class="spacer battle-history"><br></div><div class="battle-history"><small>The opposing Aggron restored a little HP using its Leftovers!</small><br></div><div class="spacer battle-history"><br></div><div class="battle-history">Go! <strong>Malamar</strong>!<br></div><div class="battle-history"><small>Pointed stones dug into Malamar!</small><br></div><div class="spacer battle-history"><br></div><h2 class="battle-history">Turn 10</h2><div class="spacer battle-history"><br></div><div class="battle-history">Malamar used <strong>Superpower</strong>!<br></div><div class="battle-history"><small>It's super effective!</small><br></div><div class="battle-history"><small>(The opposing Aggron lost <abbr title="−248/282">87.9%</abbr> of its health!)</small><br></div><div class="battle-history"><small>Malamar's Attack rose!</small><br></div><div class="battle-history"><small>Malamar's Defense rose!</small><br></div><div class="spacer battle-history"><br></div><div class="battle-history">The opposing Aggron used <strong>Thunder Wave</strong>!<br></div><div class="battle-history"><small>Malamar is paralyzed! It may be unable to move!</small><br></div><div class="spacer battle-history"><br></div><div class="battle-history"><small>The opposing Aggron restored a little HP using its Leftovers!</small><br></div><div class="spacer battle-history"><br></div><h2 class="battle-history">Turn 11</h2><div class="chat chatmessage-unseminoob"><strong style="color:hsl(297,87%,40.37605481960186%)"><small>☆</small><span class="username" data-name="Un semi Noob">Un semi Noob</span>:</strong> <em>shish</em></div><div class="spacer battle-history"><br></div><div class="battle-history">The opposing Aggron used <strong>Rock Slide</strong>!<br></div><div class="battle-history"><small>(Malamar lost <abbr title="−82/314">26.1%</abbr> of its health!)</small><br></div><div class="spacer battle-history"><br></div><div class="battle-history">Malamar used <strong>Superpower</strong>!<br></div><div class="battle-history"><small>It's super effective!</small><br></div><div class="battle-history"><small>(The opposing Aggron lost <abbr title="−51/282">18.1%</abbr> of its health!)</small><br></div><div class="battle-history"><small>Malamar's Attack rose!</small><br></div><div class="battle-history"><small>Malamar's Defense rose!</small><br></div><div class="spacer battle-history"><br></div><div class="battle-history">The opposing Aggron fainted!<br></div><div class="chat chatmessage-pepperpoots"><strong style="color:hsl(239,74%,64.75577641375669%)"><small>☆</small><span class="username" data-name="pepperpoots">pepperpoots</span>:</strong> <em>oh man that ability</em></div><div class="spacer battle-history"><br></div><div class="battle-history">pepperpoots sent out <strong>Manectric</strong>!<br></div><div class="spacer battle-history"><br></div><h2 class="battle-history">Turn 12</h2><div class="spacer battle-history"><br></div><div class="battle-history">The opposing Manectric used <strong>Switcheroo</strong>!<br></div><div class="battle-history"><small>The opposing Manectric switched items with its target!</small><br></div><div class="battle-history"><small>Malamar obtained one Choice Specs.</small><br></div><div class="battle-history"><small>The opposing Manectric obtained one Focus Sash.</small><br></div><div class="spacer battle-history"><br></div><div class="battle-history">Malamar used <strong>Rest</strong>!<br></div><div class="battle-history"><small>Malamar fell asleep!</small><br></div><div class="battle-history"><small>Malamar slept and became healthy!</small><br></div><div class="spacer battle-history"><br></div><h2 class="battle-history">Turn 13</h2><div class="chat chatmessage-unseminoob"><strong style="color:hsl(297,87%,40.37605481960186%)"><small>☆</small><span class="username" data-name="Un semi Noob">Un semi Noob</span>:</strong> <em>Often I sweep with him</em></div><div class="spacer battle-history"><br></div><div class="battle-history">pepperpoots withdrew Manectric!<br></div><div class="battle-history">pepperpoots sent out Tubby Smith (<strong>Poliwrath</strong>)!<br></div><div class="spacer battle-history"><br></div><div class="battle-history">Malamar, come back!<br></div><div class="battle-history">Go! <strong>Pinsir</strong>!<br></div><div class="battle-history"><small>Pointed stones dug into Pinsir!</small><br></div><div class="spacer battle-history"><br></div><div class="battle-history"><small>Pinsir restored a little HP using its Leftovers!</small><br></div><div class="spacer battle-history"><br></div><h2 class="battle-history">Turn 14</h2><div class="spacer battle-history"><br></div><div class="battle-history">pepperpoots withdrew Tubby Smith!<br></div><div class="battle-history">pepperpoots sent out <strong>Torkoal</strong>!<br></div><div class="spacer battle-history"><br></div><div class="battle-history">Pinsir used <strong>Bulk Up</strong>!<br></div><div class="battle-history"><small>Pinsir's Attack rose!</small><br></div><div class="battle-history"><small>Pinsir's Defense rose!</small><br></div><div class="spacer battle-history"><br></div><div class="battle-history"><small>Pinsir restored a little HP using its Leftovers!</small><br></div><div class="spacer battle-history"><br></div><h2 class="battle-history">Turn 15</h2><div class="spacer battle-history"><br></div><div class="battle-history">Pinsir used <strong>Knock Off</strong>!<br></div><div class="battle-history"><small>(The opposing Torkoal lost <abbr title="−83/343">24.2%</abbr> of its health!)</small><br></div><div class="battle-history"><small>Pinsir knocked off the opposing Torkoal's Leftovers!</small><br></div><div class="spacer battle-history"><br></div><div class="battle-history">The opposing Torkoal used <strong>Lava Plume</strong>!<br></div><div class="battle-history"><small>It's super effective!</small><br></div><div class="battle-history"><small>(Pinsir lost <abbr title="−204/271">75.3%</abbr> of its health!)</small><br></div><div class="spacer battle-history"><br></div><div class="battle-history"><small>Pinsir restored a little HP using its Leftovers!</small><br></div><div class="spacer battle-history"><br></div><h2 class="battle-history">Turn 16</h2><div class="chat"><small>Tzums joined.</small></div><div class="chat"><small>Tzums left.</small></div><div class="spacer battle-history"><br></div><div class="battle-history">Pinsir used <strong>Quick Attack</strong>!<br></div><div class="battle-history"><small>(The opposing Torkoal lost <abbr title="−34/343">9.9%</abbr> of its health!)</small><br></div><div class="spacer battle-history"><br></div><div class="battle-history">The opposing Torkoal used <strong>Toxic</strong>!<br></div><div class="battle-history"><small>Pinsir was badly poisoned!</small><br></div><div class="spacer battle-history"><br></div><div class="battle-history"><small>Pinsir restored a little HP using its Leftovers!</small><br></div><div class="battle-history"><small>Pinsir was hurt by poison!</small><br></div><div class="spacer battle-history"><br></div><h2 class="battle-history">Turn 17</h2><div class="spacer battle-history"><br></div><div class="battle-history">Pinsir used <strong>Quick Attack</strong>!<br></div><div class="battle-history"><small>(The opposing Torkoal lost <abbr title="−35/343">10.2%</abbr> of its health!)</small><br></div><div class="spacer battle-history"><br></div><div class="battle-history">The opposing Torkoal used <strong>Toxic</strong>!<br></div><div class="battle-history"><small>But it failed!</small><br></div><div class="spacer battle-history"><br></div><div class="battle-history"><small>Pinsir restored a little HP using its Leftovers!</small><br></div><div class="battle-history"><small>Pinsir was hurt by poison!</small><br></div><div class="spacer battle-history"><br></div><h2 class="battle-history">Turn 18</h2><div class="spacer battle-history"><br></div><div class="battle-history">Pinsir used <strong>Knock Off</strong>!<br></div><div class="battle-history"><small>(The opposing Torkoal lost <abbr title="−52/343">15.2%</abbr> of its health!)</small><br></div><div class="spacer battle-history"><br></div><div class="battle-history">The opposing Torkoal used <strong>Lava Plume</strong>!<br></div><div class="battle-history"><small>It's super effective!</small><br></div><div class="battle-history"><small>A critical hit!</small><br></div><div class="battle-history"><small>(Pinsir lost <abbr title="−32/271">11.8%</abbr> of its health!)</small><br></div><div class="spacer battle-history"><br></div><div class="battle-history">Pinsir fainted!<br></div><div class="spacer battle-history"><br></div><div class="battle-history">Go! <strong>Swellow</strong>!<br></div><div class="battle-history"><small>Pointed stones dug into Swellow!</small><br></div><div class="spacer battle-history"><br></div><h2 class="battle-history">Turn 19</h2><div class="spacer battle-history"><br></div><div class="battle-history">pepperpoots withdrew Torkoal!<br></div><div class="battle-history">pepperpoots sent out <strong>Manectric</strong>!<br></div><div class="spacer battle-history"><br></div><div class="battle-history">Swellow used <strong>Boomburst</strong>!<br></div><div class="battle-history"><small>The opposing Manectric hung on using its Focus Sash!</small><br></div><div class="battle-history"><small>(The opposing Manectric lost <abbr title="−280/281">99.6%</abbr> of its health!)</small><br></div><div class="spacer battle-history"><br></div><h2 class="battle-history">Turn 20</h2><div class="chat chatmessage-unseminoob"><strong style="color:hsl(297,87%,40.37605481960186%)"><small>☆</small><span class="username" data-name="Un semi Noob">Un semi Noob</span>:</strong> <em>:3</em></div><div class="chat chatmessage-unseminoob"><strong style="color:hsl(297,87%,40.37605481960186%)"><small>☆</small><span class="username" data-name="Un semi Noob">Un semi Noob</span>:</strong> <em>:(</em></div><div class="spacer battle-history"><br></div><div class="battle-history">Swellow, come back!<br></div><div class="battle-history">Go! <strong>Vileplume</strong>!<br></div><div class="battle-history"><small>Pointed stones dug into Vileplume!</small><br></div><div class="spacer battle-history"><br></div><div class="battle-history">pepperpoots withdrew Manectric!<br></div><div class="battle-history">pepperpoots sent out Tubby Smith (<strong>Poliwrath</strong>)!<br></div><div class="spacer battle-history"><br></div><div class="battle-history"><small>Vileplume restored a little HP using its Black Sludge!</small><br></div><div class="spacer battle-history"><br></div><h2 class="battle-history">Turn 21</h2><div class="spacer battle-history"><br></div><div class="battle-history">Vileplume used <strong>Aromatherapy</strong>!<br></div><div class="battle-history"><small>A soothing aroma wafted through the area!</small><br></div><div class="battle-history"><small>Malamar woke up!</small><br></div><div class="spacer battle-history"><br></div><div class="battle-history">The opposing Tubby Smith used <strong>Circle Throw</strong>!<br></div><div class="battle-history"><small>It's not very effective...</small><br></div><div class="battle-history"><small>(Vileplume lost <abbr title="−48/354">13.6%</abbr> of its health!)</small><br></div><div class="spacer battle-history"><br></div><div class="battle-history">Défécation (<strong>Archeops</strong>) was dragged out!<br></div><div class="battle-history"><small>Pointed stones dug into Défécation!</small><br></div><div class="spacer battle-history"><br></div><h2 class="battle-history">Turn 22</h2><div class="spacer battle-history"><br></div><div class="battle-history">Défécation used <strong>Acrobatics</strong>!<br></div><div class="battle-history"><small>It's super effective!</small><br></div><div class="battle-history"><small>(The opposing Tubby Smith lost <abbr title="−224/322">69.6%</abbr> of its health!)</small><br></div><div class="spacer battle-history"><br></div><div class="battle-history">The opposing Tubby Smith used <strong>Circle Throw</strong>!<br></div><div class="battle-history"><small>(Défécation lost <abbr title="−127/291">43.6%</abbr> of its health!)</small><br></div><div class="spacer battle-history"><br></div><div class="battle-history"><strong>Vileplume</strong> was dragged out!<br></div><div class="battle-history"><small>Pointed stones dug into Vileplume!</small><br></div><div class="spacer battle-history"><br></div><div class="battle-history"><small>Vileplume restored a little HP using its Black Sludge!</small><br></div><div class="spacer battle-history"><br></div><h2 class="battle-history">Turn 23</h2><div class="spacer battle-history"><br></div><div class="battle-history">Vileplume used <strong>Giga Drain</strong>!<br></div><div class="battle-history"><small>It's super effective!</small><br></div><div class="battle-history"><small>(The opposing Tubby Smith lost <abbr title="−98/322">30.4%</abbr> of its health!)</small><br></div><div class="battle-history"><small>The opposing Tubby Smith had its energy drained!</small><br></div><div class="spacer battle-history"><br></div><div class="battle-history">The opposing Tubby Smith fainted!<br></div><div class="spacer battle-history"><br></div><div class="battle-history"><small>Vileplume restored a little HP using its Black Sludge!</small><br></div><div class="spacer battle-history"><br></div><div class="battle-history">pepperpoots sent out <strong>Torkoal</strong>!<br></div><div class="spacer battle-history"><br></div><h2 class="battle-history">Turn 24</h2><div class="spacer battle-history"><br></div><div class="battle-history">Vileplume used <strong>Stun Spore</strong>!<br></div><div class="battle-history"><small>The opposing Torkoal is paralyzed! It may be unable to move!</small><br></div><div class="spacer battle-history"><br></div><div class="battle-history">The opposing Torkoal used <strong>Lava Plume</strong>!<br></div><div class="battle-history"><small>It's super effective!</small><br></div><div class="battle-history"><small>(Vileplume lost <abbr title="−174/354">49.2%</abbr> of its health!)</small><br></div><div class="spacer battle-history"><br></div><div class="battle-history"><small>Vileplume restored a little HP using its Black Sludge!</small><br></div><div class="spacer battle-history"><br></div><h2 class="battle-history">Turn 25</h2><div class="spacer battle-history"><br></div><div class="battle-history">Vileplume used <strong>Sludge Bomb</strong>!<br></div><div class="battle-history"><small>(The opposing Torkoal lost <abbr title="−139/343">40.5%</abbr> of its health!)</small><br></div><div class="spacer battle-history"><br></div><div class="battle-history">The opposing Torkoal fainted!<br></div><div class="spacer battle-history"><br></div><div class="battle-history"><small>Vileplume restored a little HP using its Black Sludge!</small><br></div><div class="spacer battle-history"><br></div><div class="battle-history">pepperpoots sent out <strong>Manectric</strong>!<br></div><div class="spacer battle-history"><br></div><h2 class="battle-history">Turn 26</h2><div class="spacer battle-history"><br></div><div class="battle-history">The opposing Manectric used <strong>Flamethrower</strong>!<br></div><div class="battle-history"><small>It's super effective!</small><br></div><div class="battle-history"><small>(Vileplume lost <abbr title="−203/354">57.3%</abbr> of its health!)</small><br></div><div class="spacer battle-history"><br></div><div class="battle-history">Vileplume fainted!<br></div><div class="chat chatmessage-unseminoob"><strong style="color:hsl(297,87%,40.37605481960186%)"><small>☆</small><span class="username" data-name="Un semi Noob">Un semi Noob</span>:</strong> <em>:3</em></div><div class="spacer battle-history"><br></div><div class="battle-history">Go! <strong>Swellow</strong>!<br></div><div class="battle-history"><small>Pointed stones dug into Swellow!</small><br></div><div class="spacer battle-history"><br></div><h2 class="battle-history">Turn 27</h2><div class="spacer battle-history"><br></div><div class="battle-history">Swellow used <strong>Boomburst</strong>!<br></div><div class="battle-history"><small>(The opposing Manectric lost <abbr title="−1/281">0.4%</abbr> of its health!)</small><br></div><div class="spacer battle-history"><br></div><div class="battle-history">The opposing Manectric fainted!<br></div><div class="spacer battle-history"><br></div><div class="battle-history"><strong>Un semi Noob</strong> won the battle!<br></div><div class="chat chatmessage-unseminoob"><strong style="color:hsl(297,87%,40.37605481960186%)"><small>☆</small><span class="username" data-name="Un semi Noob">Un semi Noob</span>:</strong> <em>GG</em></div><div class="chat chatmessage-pepperpoots"><strong style="color:hsl(239,74%,64.75577641375669%)"><small>☆</small><span class="username" data-name="pepperpoots">pepperpoots</span>:</strong> <em>GG</em></div></div><div class="inner-preempt"></div></div></div>
</div>
<script>
let daily = Math.floor(Date.now()/1000/60/60/24);document.write('<script src="https://play.pokemonshowdown.com/js/replay-embed.js?version'+daily+'"></'+'script>');
</script>
