<!DOCTYPE html>
<meta charset="utf-8" />
<!-- version 1 -->
<title>NU replay: KingofBugs vs. CrunChyy</title>
<style>
html,body {font-family:Verdana, sans-serif;font-size:10pt;margin:0;padding:0;}body{padding:12px 0;} .battle-log {font-family:Verdana, sans-serif;font-size:10pt;} .battle-log-inline {border:1px solid #AAAAAA;background:#EEF2F5;color:black;max-width:640px;margin:0 auto 80px;padding-bottom:5px;} .battle-log .inner {padding:4px 8px 0px 8px;} .battle-log .inner-preempt {padding:0 8px 4px 8px;} .battle-log .inner-after {margin-top:0.5em;} .battle-log h2 {margin:0.5em -8px;padding:4px 8px;border:1px solid #AAAAAA;background:#E0E7EA;border-left:0;border-right:0;font-family:Verdana, sans-serif;font-size:13pt;} .battle-log .chat {vertical-align:middle;padding:3px 0 3px 0;font-size:8pt;} .battle-log .chat strong {color:#40576A;} .battle-log .chat em {padding:1px 4px 1px 3px;color:#000000;font-style:normal;} .chat.mine {background:rgba(0,0,0,0.05);margin-left:-8px;margin-right:-8px;padding-left:8px;padding-right:8px;} .spoiler {color:#BBBBBB;background:#BBBBBB;padding:0px 3px;} .spoiler:hover, .spoiler:active, .spoiler-shown {color:#000000;background:#E2E2E2;padding:0px 3px;} .spoiler a {color:#BBBBBB;} .spoiler:hover a, .spoiler:active a, .spoiler-shown a {color:#2288CC;} .chat code, .chat .spoiler:hover code, .chat .spoiler:active code, .chat .spoiler-shown code {border:1px solid #C0C0C0;background:#EEEEEE;color:black;padding:0 2px;} .chat .spoiler code {border:1px solid #CCCCCC;background:#CCCCCC;color:#CCCCCC;} .battle-log .rated {padding:3px 4px;} .battle-log .rated strong {color:white;background:#89A;padding:1px 4px;border-radius:4px;} .spacer {margin-top:0.5em;} .message-announce {background:#6688AA;color:white;padding:1px 4px 2px;} .message-announce a, .broadcast-green a, .broadcast-blue a, .broadcast-red a {color:#DDEEFF;} .broadcast-green {background-color:#559955;color:white;padding:2px 4px;} .broadcast-blue {background-color:#6688AA;color:white;padding:2px 4px;} .infobox {border:1px solid #6688AA;padding:2px 4px;} .infobox-limited {max-height:200px;overflow:auto;overflow-x:hidden;} .broadcast-red {background-color:#AA5544;color:white;padding:2px 4px;} .message-learn-canlearn {font-weight:bold;color:#228822;text-decoration:underline;} .message-learn-cannotlearn {font-weight:bold;color:#CC2222;text-decoration:underline;} .message-effect-weak {font-weight:bold;color:#CC2222;} .message-effect-resist {font-weight:bold;color:#6688AA;} .message-effect-immune {font-weight:bold;color:#666666;} .message-learn-list {margin-top:0;margin-bottom:0;} .message-throttle-notice, .message-error {color:#992222;} .message-overflow, .chat small.message-overflow {font-size:0pt;} .message-overflow::before {font-size:9pt;content:'...';} .subtle {color:#3A4A66;}
</style>
<div class="wrapper replay-wrapper" style="max-width:1180px;margin:0 auto">
<input type="hidden" name="replayid" value="nu-505896919" />
<div class="battle"></div><div class="battle-log"></div><div class="replay-controls"></div><div class="replay-controls-2"></div>
<h1 style="font-weight:normal;text-align:center"><strong>NU</strong><br /><a href="http://pokemonshowdown.com/users/kingofbugs" class="subtle" target="_blank">KingofBugs</a> vs. <a href="http://pokemonshowdown.com/users/crunchyy" class="subtle" target="_blank">CrunChyy</a></h1>
<script type="text/plain" class="battle-log-data">|j|KingofBugs
|j|CrunChyy
|player|p1|KingofBugs|290
|player|p2|CrunChyy|107
|gametype|singles
|gen|6
|tier|NU
|rated
|seed|31445,36643,37099,18984
|rule|Sleep Clause Mod: Limit one foe put to sleep
|rule|Species Clause: Limit one of each Pokémon
|rule|OHKO Clause: OHKO moves are banned
|rule|Moody Clause: Moody is banned
|rule|Evasion Moves Clause: Evasion moves are banned
|rule|Endless Battle Clause: Forcing endless battles is banned
|rule|HP Percentage Mod: HP is shown in percentages
|clearpoke
|poke|p1|Scyther, M|item
|poke|p1|Vibrava, F|item
|poke|p1|Lanturn, M|item
|poke|p1|Steelix, M|item
|poke|p1|Magmortar, M|item
|poke|p1|Swellow, M|item
|poke|p2|Mesprit|item
|poke|p2|Hariyama, M|item
|poke|p2|Sandslash, F, shiny|item
|poke|p2|Shiftry, M|item
|poke|p2|Poliwrath, M, shiny|item
|poke|p2|Rotom|item
|rule|Swagger Clause: Swagger is banned
|rule|Baton Pass Clause: Limit one Baton Passer, can't pass Spe and other stats simultaneously
|teampreview
|choice|team 2, team 1, team 3, team 4, team 5, team 6|team 4, team 2, team 3, team 1, team 5, team 6
|
|start
|switch|p1a: Vibrava|Vibrava, F|303\/303
|switch|p2a: Pinocchio|Shiftry, M|321\/321
|turn|1
|choice|move uturn|switch 3
|
|switch|p2a: Flaky|Sandslash, F, shiny|354\/354
|move|p1a: Vibrava|U-turn|p2a: Flaky
|-damage|p2a: Flaky|324\/354
|choice|switch 6|
|
|switch|p1a: Swellow|Swellow, M|261\/261
|
|-heal|p2a: Flaky|346\/354|[from] item: Leftovers
|upkeep
|turn|2
|choice|move boomburst|switch 2
|
|switch|p2a: SuMole|Hariyama, M|429\/429
|move|p1a: Swellow|Boomburst|p2a: SuMole
|-damage|p2a: SuMole|278\/429
|
|upkeep
|turn|3
|choice|switch 4|move knockoff
|
|switch|p1a: Steelix|Steelix, M|352\/352
|move|p2a: SuMole|Knock Off|p1a: Steelix
|-damage|p1a: Steelix|286\/352
|-enditem|p1a: Steelix|Leftovers|[from] move: Knock Off|[of] p2a: SuMole
|
|upkeep
|turn|4
|choice|move earthquake|switch 2
|
|switch|p2a: Flaky|Sandslash, F, shiny|346\/354
|move|p1a: Steelix|Earthquake|p2a: Flaky
|-damage|p2a: Flaky|249\/354
|
|-heal|p2a: Flaky|271\/354|[from] item: Leftovers
|upkeep
|turn|5
|choice|move toxic|move knockoff
|
|move|p2a: Flaky|Knock Off|p1a: Steelix
|-damage|p1a: Steelix|257\/352
|move|p1a: Steelix|Toxic|p2a: Flaky
|-status|p2a: Flaky|tox
|
|-heal|p2a: Flaky|293\/354 tox|[from] item: Leftovers
|-damage|p2a: Flaky|271\/354 tox|[from] psn
|upkeep
|turn|6
|choice|move heavyslam|move stealthrock
|
|move|p2a: Flaky|Stealth Rock|p1a: Steelix
|-sidestart|p1: KingofBugs|move: Stealth Rock
|move|p1a: Steelix|Heavy Slam|p2a: Flaky
|-damage|p2a: Flaky|160\/354 tox
|
|-heal|p2a: Flaky|182\/354 tox|[from] item: Leftovers
|-damage|p2a: Flaky|138\/354 tox|[from] psn
|upkeep
|turn|7
|choice|move stealthrock|switch 5
|
|switch|p2a: Tieon|Poliwrath, M, shiny|345\/345
|move|p1a: Steelix|Stealth Rock|p2a: Tieon
|-sidestart|p2: CrunChyy|move: Stealth Rock
|
|upkeep
|turn|8
|choice|switch 3|move scald
|
|switch|p1a: Lanturn|Lanturn, M|401\/401
|-damage|p1a: Lanturn|351\/401|[from] Stealth Rock
|move|p2a: Tieon|Scald|p1a: Lanturn
|-resisted|p1a: Lanturn
|-damage|p1a: Lanturn|306\/401
|-status|p1a: Lanturn|brn
|
|-heal|p1a: Lanturn|331\/401 brn|[from] item: Leftovers
|-damage|p1a: Lanturn|281\/401 brn|[from] brn
|upkeep
|turn|9
|choice|move healbell|move earthquake
|
|move|p2a: Tieon|Earthquake|p1a: Lanturn
|-supereffective|p1a: Lanturn
|-damage|p1a: Lanturn|123\/401 brn
|move|p1a: Lanturn|Heal Bell|p1a: Lanturn
|-activate|p1a: Lanturn|move: Heal Bell
|-curestatus|p1a: Lanturn|brn|[msg]
|
|-heal|p1a: Lanturn|148\/401|[from] item: Leftovers
|upkeep
|turn|10
|choice|switch 2|move icebeam
|
|switch|p1a: Scyther|Scyther, M|343\/343
|-damage|p1a: Scyther|172\/343|[from] Stealth Rock
|move|p2a: Tieon|Ice Beam|p1a: Scyther
|-supereffective|p1a: Scyther
|-damage|p1a: Scyther|42\/343
|
|upkeep
|turn|11
|choice|move roost|switch 5
|
|switch|p2a: Flaky|Sandslash, F, shiny|138\/354 tox
|-damage|p2a: Flaky|116\/354 tox|[from] Stealth Rock
|move|p1a: Scyther|Roost|p1a: Scyther
|-heal|p1a: Scyther|214\/343
|
|-heal|p2a: Flaky|138\/354 tox|[from] item: Leftovers
|-damage|p2a: Flaky|116\/354 tox|[from] psn
|upkeep
|turn|12
|choice|move uturn|move knockoff
|
|move|p1a: Scyther|U-turn|p2a: Flaky
|-damage|p2a: Flaky|58\/354 tox
|choice|switch 3|
|
|switch|p1a: Steelix|Steelix, M|257\/352
|-damage|p1a: Steelix|246\/352|[from] Stealth Rock
|move|p2a: Flaky|Knock Off|p1a: Steelix
|-crit|p1a: Steelix
|-damage|p1a: Steelix|206\/352
|
|-heal|p2a: Flaky|80\/354 tox|[from] item: Leftovers
|-damage|p2a: Flaky|36\/354 tox|[from] psn
|upkeep
|turn|13
|choice|move heavyslam|move rapidspin
|
|move|p2a: Flaky|Rapid Spin|p1a: Steelix
|-resisted|p1a: Steelix
|-damage|p1a: Steelix|201\/352
|-sideend|p2: CrunChyy|Stealth Rock|[from] move: Rapid Spin|[of] p2a: Flaky
|move|p1a: Steelix|Heavy Slam|p2a: Flaky
|-damage|p2a: Flaky|0 fnt
|faint|p2a: Flaky
|
|upkeep
|choice||switch 5
|
|switch|p2a: Tieon|Poliwrath, M, shiny|345\/345
|turn|14
|choice|switch 3|move scald
|
|switch|p1a: Scyther|Scyther, M|214\/343
|-damage|p1a: Scyther|43\/343|[from] Stealth Rock
|move|p2a: Tieon|Scald|p1a: Scyther
|-damage|p1a: Scyther|0 fnt
|faint|p1a: Scyther
|
|upkeep
|choice|switch 5|
|
|switch|p1a: Magmortar|Magmortar, M|307\/307
|-damage|p1a: Magmortar|231\/307|[from] Stealth Rock
|turn|15
|choice|move thunderbolt|switch 2
|
|switch|p2a: SuMole|Hariyama, M|278\/429
|move|p1a: Magmortar|Thunderbolt|p2a: SuMole
|-damage|p2a: SuMole|189\/429
|
|upkeep
|turn|16
|choice|switch 3|move closecombat
|
|switch|p1a: Steelix|Steelix, M|201\/352
|-damage|p1a: Steelix|190\/352|[from] Stealth Rock
|move|p2a: SuMole|Close Combat|p1a: Steelix
|-supereffective|p1a: Steelix
|-damage|p1a: Steelix|0 fnt
|-unboost|p2a: SuMole|def|1
|-unboost|p2a: SuMole|spd|1
|faint|p1a: Steelix
|
|upkeep
|choice|switch 4|
|
|switch|p1a: Swellow|Swellow, M|261\/261
|-damage|p1a: Swellow|196\/261|[from] Stealth Rock
|turn|17
|choice|move boomburst|switch 6
|
|switch|p2a: Lil'Bro|Rotom|241\/241
|move|p1a: Swellow|Boomburst|p2a: Lil'Bro
|-damage|p2a: Lil'Bro|0 fnt
|faint|p2a: Lil'Bro
|
|upkeep
|choice||switch 6
|
|switch|p2a: SuMole|Hariyama, M|189\/429
|turn|18
|choice|switch 6|move fakeout
|
|switch|p1a: Vibrava|Vibrava, F|303\/303
|-damage|p1a: Vibrava|285\/303|[from] Stealth Rock
|move|p2a: SuMole|Fake Out|p1a: Vibrava
|-crit|p1a: Vibrava
|-damage|p1a: Vibrava|229\/303
|
|upkeep
|turn|19
|choice|move roost|move knockoff
|
|move|p1a: Vibrava|Roost|p1a: Vibrava
|-heal|p1a: Vibrava|303\/303
|move|p2a: SuMole|Knock Off|p1a: Vibrava
|-damage|p1a: Vibrava|217\/303
|-enditem|p1a: Vibrava|Eviolite|[from] move: Knock Off|[of] p2a: SuMole
|
|upkeep
|turn|20
|choice|move defog|switch 2
|
|switch|p2a: Tieon|Poliwrath, M, shiny|345\/345
|move|p1a: Vibrava|Defog|p2a: Tieon
|-unboost|p2a: Tieon|evasion|1
|-sideend|p1: KingofBugs|Stealth Rock|[from] move: Defog|[of] p1a: Vibrava
|
|upkeep
|turn|21
|choice|switch 2|move icebeam
|
|switch|p1a: Lanturn|Lanturn, M|148\/401
|move|p2a: Tieon|Ice Beam|p1a: Lanturn
|-resisted|p1a: Lanturn
|-damage|p1a: Lanturn|115\/401
|
|-heal|p1a: Lanturn|140\/401|[from] item: Leftovers
|upkeep
|turn|22
|choice|move thunderwave|move earthquake
|
|move|p2a: Tieon|Earthquake|p1a: Lanturn
|-supereffective|p1a: Lanturn
|-damage|p1a: Lanturn|0 fnt
|faint|p1a: Lanturn
|
|upkeep
|choice|switch 3|
|
|switch|p1a: Magmortar|Magmortar, M|231\/307
|turn|23
|choice|move thunderbolt|switch 4
|
|switch|p2a: MojoFiend|Mesprit|301\/301
|move|p1a: Magmortar|Thunderbolt|p2a: MojoFiend
|-damage|p2a: MojoFiend|186\/301
|
|upkeep
|turn|24
|choice|move fireblast|move psyshock
|
|move|p2a: MojoFiend|Psyshock|p1a: Magmortar
|-damage|p1a: Magmortar|0 fnt
|faint|p1a: Magmortar
|
|upkeep
|choice|switch 6|
|
|switch|p1a: Swellow|Swellow, M|196\/261
|turn|25
|choice|move boomburst|move psyshock
|
|move|p1a: Swellow|Boomburst|p2a: MojoFiend
|-damage|p2a: MojoFiend|0 fnt
|faint|p2a: MojoFiend
|
|upkeep
|choice||switch 2
|
|switch|p2a: SuMole|Hariyama, M|189\/429
|turn|26
|choice|switch 2|switch 4
|
|switch|p1a: Vibrava|Vibrava, F|217\/303
|switch|p2a: Tieon|Poliwrath, M, shiny|345\/345
|
|upkeep
|turn|27
|choice|move earthquake|move icebeam
|
|move|p2a: Tieon|Ice Beam|p1a: Vibrava
|-supereffective|p1a: Vibrava
|-damage|p1a: Vibrava|0 fnt
|faint|p1a: Vibrava
|
|upkeep
|choice|switch 2|
|
|switch|p1a: Swellow|Swellow, M|196\/261
|turn|28
|c|★KingofBugs|gg
|c|★CrunChyy|wp bro
|choice|move boomburst|move vacuumwave
|
|move|p2a: Tieon|Vacuum Wave|p1a: Swellow
|-damage|p1a: Swellow|100\/261
|move|p1a: Swellow|Boomburst|p2a: Tieon
|-damage|p2a: Tieon|99\/345
|
|-heal|p2a: Tieon|120\/345|[from] item: Leftovers
|upkeep
|turn|29
|choice|move boomburst|move vacuumwave
|
|move|p2a: Tieon|Vacuum Wave|p1a: Swellow
|-damage|p1a: Swellow|7\/261
|move|p1a: Swellow|Boomburst|p2a: Tieon
|-damage|p2a: Tieon|0 fnt
|faint|p2a: Tieon
|
|upkeep
|choice||switch 4
|
|switch|p2a: SuMole|Hariyama, M|189\/429
|turn|30
|choice|move boomburst|move fakeout
|
|move|p2a: SuMole|Fake Out|p1a: Swellow
|-damage|p1a: Swellow|0 fnt
|faint|p1a: Swellow
|
|win|CrunChyy
|player|p1
|player|p2</script>
</div>
<div class="battle-log battle-log-inline"><div class="inner"><div class="battle-options"></div><div class="inner"><div class="chat"><small>KingofBugs joined.</small></div><div class="chat"><small>CrunChyy joined.</small></div><div class=""><small>Format:</small> <br><strong>NU</strong></div><div class="rated"><strong>Rated battle</strong></div><div class=""><small><em>Sleep Clause Mod:</em> Limit one foe put to sleep</small></div><div class=""><small><em>Species Clause:</em> Limit one of each Pokémon</small></div><div class=""><small><em>OHKO Clause:</em> OHKO moves are banned</small></div><div class=""><small><em>Moody Clause:</em> Moody is banned</small></div><div class=""><small><em>Evasion Moves Clause:</em> Evasion moves are banned</small></div><div class=""><small><em>Endless Battle Clause:</em> Forcing endless battles is banned</small></div><div class=""><small><em>HP Percentage Mod:</em> HP is shown in percentages</small></div><div class=""><small><em>Swagger Clause:</em> Swagger is banned</small></div><div class=""><small><em>Baton Pass Clause:</em> Limit one Baton Passer, can't pass Spe and other stats simultaneously</small></div><div class="chat battle-history"><strong>KingofBugs's team:</strong> <em style="color:#445566;display:block;">Scyther / Vibrava / Lanturn / Steelix / Magmortar / Swellow</em></div><div class="chat battle-history"><strong>CrunChyy's team:</strong> <em style="color:#445566;display:block;">Mesprit / Hariyama / Sandslash / Shiftry / Poliwrath / Rotom</em></div><div class="spacer battle-history"><br></div><div class="battle-history">Battle started between KingofBugs and CrunChyy!<br></div><div class="spacer battle-history"><br></div><div class="battle-history">Go! <strong>Vibrava</strong>!<br></div><div class="spacer battle-history"><br></div><div class="battle-history">CrunChyy sent out Pinocchio (<strong>Shiftry</strong>)!<br></div><div class="spacer battle-history"><br></div><h2 class="battle-history">Turn 1</h2><div class="spacer battle-history"><br></div><div class="battle-history">CrunChyy withdrew Pinocchio!<br></div><div class="battle-history">CrunChyy sent out Flaky (<strong>Sandslash</strong>)!<br></div><div class="spacer battle-history"><br></div><div class="battle-history">Vibrava used <strong>U-turn</strong>!<br></div><div class="battle-history"><small>(The opposing Flaky lost <abbr title="−30/354">8.5%</abbr> of its health!)</small><br></div><div class="spacer battle-history"><br></div><div class="battle-history">Vibrava went back to KingofBugs!<br></div><div class="battle-history">Go! <strong>Swellow</strong>!<br></div><div class="spacer battle-history"><br></div><div class="battle-history"><small>The opposing Flaky restored a little HP using its Leftovers!</small><br></div><div class="spacer battle-history"><br></div><h2 class="battle-history">Turn 2</h2><div class="spacer battle-history"><br></div><div class="battle-history">CrunChyy withdrew Flaky!<br></div><div class="battle-history">CrunChyy sent out SuMole (<strong>Hariyama</strong>)!<br></div><div class="spacer battle-history"><br></div><div class="battle-history">Swellow used <strong>Boomburst</strong>!<br></div><div class="battle-history"><small>(The opposing SuMole lost <abbr title="−151/429">35.2%</abbr> of its health!)</small><br></div><div class="spacer battle-history"><br></div><h2 class="battle-history">Turn 3</h2><div class="spacer battle-history"><br></div><div class="battle-history">Swellow, come back!<br></div><div class="battle-history">Go! <strong>Steelix</strong>!<br></div><div class="spacer battle-history"><br></div><div class="battle-history">The opposing SuMole used <strong>Knock Off</strong>!<br></div><div class="battle-history"><small>(Steelix lost <abbr title="−66/352">18.8%</abbr> of its health!)</small><br></div><div class="battle-history"><small>The opposing SuMole knocked off Steelix's Leftovers!</small><br></div><div class="spacer battle-history"><br></div><h2 class="battle-history">Turn 4</h2><div class="spacer battle-history"><br></div><div class="battle-history">CrunChyy withdrew SuMole!<br></div><div class="battle-history">CrunChyy sent out Flaky (<strong>Sandslash</strong>)!<br></div><div class="spacer battle-history"><br></div><div class="battle-history">Steelix used <strong>Earthquake</strong>!<br></div><div class="battle-history"><small>(The opposing Flaky lost <abbr title="−97/354">27.4%</abbr> of its health!)</small><br></div><div class="spacer battle-history"><br></div><div class="battle-history"><small>The opposing Flaky restored a little HP using its Leftovers!</small><br></div><div class="spacer battle-history"><br></div><h2 class="battle-history">Turn 5</h2><div class="spacer battle-history"><br></div><div class="battle-history">The opposing Flaky used <strong>Knock Off</strong>!<br></div><div class="battle-history"><small>(Steelix lost <abbr title="−29/352">8.2%</abbr> of its health!)</small><br></div><div class="spacer battle-history"><br></div><div class="battle-history">Steelix used <strong>Toxic</strong>!<br></div><div class="battle-history"><small>The opposing Flaky was badly poisoned!</small><br></div><div class="spacer battle-history"><br></div><div class="battle-history"><small>The opposing Flaky restored a little HP using its Leftovers!</small><br></div><div class="battle-history"><small>The opposing Flaky was hurt by poison!</small><br></div><div class="spacer battle-history"><br></div><h2 class="battle-history">Turn 6</h2><div class="spacer battle-history"><br></div><div class="battle-history">The opposing Flaky used <strong>Stealth Rock</strong>!<br></div><div class="battle-history"><small>Pointed stones float in the air around your team!</small><br></div><div class="spacer battle-history"><br></div><div class="battle-history">Steelix used <strong>Heavy Slam</strong>!<br></div><div class="battle-history"><small>(The opposing Flaky lost <abbr title="−111/354">31.4%</abbr> of its health!)</small><br></div><div class="spacer battle-history"><br></div><div class="battle-history"><small>The opposing Flaky restored a little HP using its Leftovers!</small><br></div><div class="battle-history"><small>The opposing Flaky was hurt by poison!</small><br></div><div class="spacer battle-history"><br></div><h2 class="battle-history">Turn 7</h2><div class="spacer battle-history"><br></div><div class="battle-history">CrunChyy withdrew Flaky!<br></div><div class="battle-history">CrunChyy sent out Tieon (<strong>Poliwrath</strong>)!<br></div><div class="spacer battle-history"><br></div><div class="battle-history">Steelix used <strong>Stealth Rock</strong>!<br></div><div class="battle-history"><small>Pointed stones float in the air around the opposing team!</small><br></div><div class="spacer battle-history"><br></div><h2 class="battle-history">Turn 8</h2><div class="spacer battle-history"><br></div><div class="battle-history">Steelix, come back!<br></div><div class="battle-history">Go! <strong>Lanturn</strong>!<br></div><div class="battle-history"><small>Pointed stones dug into Lanturn!</small><br></div><div class="spacer battle-history"><br></div><div class="battle-history">The opposing Tieon used <strong>Scald</strong>!<br></div><div class="battle-history"><small>It's not very effective...</small><br></div><div class="battle-history"><small>(Lanturn lost <abbr title="−45/401">11.2%</abbr> of its health!)</small><br></div><div class="battle-history"><small>Lanturn was burned!</small><br></div><div class="spacer battle-history"><br></div><div class="battle-history"><small>Lanturn restored a little HP using its Leftovers!</small><br></div><div class="battle-history"><small>Lanturn was hurt by its burn!</small><br></div><div class="spacer battle-history"><br></div><h2 class="battle-history">Turn 9</h2><div class="spacer battle-history"><br></div><div class="battle-history">The opposing Tieon used <strong>Earthquake</strong>!<br></div><div class="battle-history"><small>It's super effective!</small><br></div><div class="battle-history"><small>(Lanturn lost <abbr title="−158/401">39.4%</abbr> of its health!)</small><br></div><div class="spacer battle-history"><br></div><div class="battle-history">Lanturn used <strong>Heal Bell</strong>!<br></div><div class="battle-history"><small>A bell chimed!</small><br></div><div class="battle-history"><small>Lanturn's burn was healed.</small><br></div><div class="spacer battle-history"><br></div><div class="battle-history"><small>Lanturn restored a little HP using its Leftovers!</small><br></div><div class="spacer battle-history"><br></div><h2 class="battle-history">Turn 10</h2><div class="spacer battle-history"><br></div><div class="battle-history">Lanturn, come back!<br></div><div class="battle-history">Go! <strong>Scyther</strong>!<br></div><div class="battle-history"><small>Pointed stones dug into Scyther!</small><br></div><div class="spacer battle-history"><br></div><div class="battle-history">The opposing Tieon used <strong>Ice Beam</strong>!<br></div><div class="battle-history"><small>It's super effective!</small><br></div><div class="battle-history"><small>(Scyther lost <abbr title="−130/343">37.9%</abbr> of its health!)</small><br></div><div class="spacer battle-history"><br></div><h2 class="battle-history">Turn 11</h2><div class="spacer battle-history"><br></div><div class="battle-history">CrunChyy withdrew Tieon!<br></div><div class="battle-history">CrunChyy sent out Flaky (<strong>Sandslash</strong>)!<br></div><div class="battle-history"><small>Pointed stones dug into the opposing Flaky!</small><br></div><div class="spacer battle-history"><br></div><div class="battle-history">Scyther used <strong>Roost</strong>!<br></div><div class="battle-history"><small>Scyther restored its HP.</small><br></div><div class="spacer battle-history"><br></div><div class="battle-history"><small>The opposing Flaky restored a little HP using its Leftovers!</small><br></div><div class="battle-history"><small>The opposing Flaky was hurt by poison!</small><br></div><div class="spacer battle-history"><br></div><h2 class="battle-history">Turn 12</h2><div class="spacer battle-history"><br></div><div class="battle-history">Scyther used <strong>U-turn</strong>!<br></div><div class="battle-history"><small>(The opposing Flaky lost <abbr title="−58/354">16.4%</abbr> of its health!)</small><br></div><div class="spacer battle-history"><br></div><div class="battle-history">Scyther went back to KingofBugs!<br></div><div class="battle-history">Go! <strong>Steelix</strong>!<br></div><div class="battle-history"><small>Pointed stones dug into Steelix!</small><br></div><div class="spacer battle-history"><br></div><div class="battle-history">The opposing Flaky used <strong>Knock Off</strong>!<br></div><div class="battle-history"><small>A critical hit!</small><br></div><div class="battle-history"><small>(Steelix lost <abbr title="−40/352">11.4%</abbr> of its health!)</small><br></div><div class="spacer battle-history"><br></div><div class="battle-history"><small>The opposing Flaky restored a little HP using its Leftovers!</small><br></div><div class="battle-history"><small>The opposing Flaky was hurt by poison!</small><br></div><div class="spacer battle-history"><br></div><h2 class="battle-history">Turn 13</h2><div class="spacer battle-history"><br></div><div class="battle-history">The opposing Flaky used <strong>Rapid Spin</strong>!<br></div><div class="battle-history"><small>It's not very effective...</small><br></div><div class="battle-history"><small>(Steelix lost <abbr title="−5/352">1.4%</abbr> of its health!)</small><br></div><div class="battle-history"><small>The pointed stones disappeared from around the opposing team!</small><br></div><div class="spacer battle-history"><br></div><div class="battle-history">Steelix used <strong>Heavy Slam</strong>!<br></div><div class="battle-history"><small>(The opposing Flaky lost <abbr title="−36/354">10.2%</abbr> of its health!)</small><br></div><div class="spacer battle-history"><br></div><div class="battle-history">The opposing Flaky fainted!<br></div><div class="spacer battle-history"><br></div><div class="battle-history">CrunChyy sent out Tieon (<strong>Poliwrath</strong>)!<br></div><div class="spacer battle-history"><br></div><h2 class="battle-history">Turn 14</h2><div class="spacer battle-history"><br></div><div class="battle-history">Steelix, come back!<br></div><div class="battle-history">Go! <strong>Scyther</strong>!<br></div><div class="battle-history"><small>Pointed stones dug into Scyther!</small><br></div><div class="spacer battle-history"><br></div><div class="battle-history">The opposing Tieon used <strong>Scald</strong>!<br></div><div class="battle-history"><small>(Scyther lost <abbr title="−43/343">12.5%</abbr> of its health!)</small><br></div><div class="spacer battle-history"><br></div><div class="battle-history">Scyther fainted!<br></div><div class="spacer battle-history"><br></div><div class="battle-history">Go! <strong>Magmortar</strong>!<br></div><div class="battle-history"><small>Pointed stones dug into Magmortar!</small><br></div><div class="spacer battle-history"><br></div><h2 class="battle-history">Turn 15</h2><div class="spacer battle-history"><br></div><div class="battle-history">CrunChyy withdrew Tieon!<br></div><div class="battle-history">CrunChyy sent out SuMole (<strong>Hariyama</strong>)!<br></div><div class="spacer battle-history"><br></div><div class="battle-history">Magmortar used <strong>Thunderbolt</strong>!<br></div><div class="battle-history"><small>(The opposing SuMole lost <abbr title="−89/429">20.7%</abbr> of its health!)</small><br></div><div class="spacer battle-history"><br></div><h2 class="battle-history">Turn 16</h2><div class="spacer battle-history"><br></div><div class="battle-history">Magmortar, come back!<br></div><div class="battle-history">Go! <strong>Steelix</strong>!<br></div><div class="battle-history"><small>Pointed stones dug into Steelix!</small><br></div><div class="spacer battle-history"><br></div><div class="battle-history">The opposing SuMole used <strong>Close Combat</strong>!<br></div><div class="battle-history"><small>It's super effective!</small><br></div><div class="battle-history"><small>(Steelix lost <abbr title="−190/352">54.0%</abbr> of its health!)</small><br></div><div class="battle-history"><small>The opposing SuMole's Defense fell!</small><br></div><div class="battle-history"><small>The opposing SuMole's Special Defense fell!</small><br></div><div class="spacer battle-history"><br></div><div class="battle-history">Steelix fainted!<br></div><div class="spacer battle-history"><br></div><div class="battle-history">Go! <strong>Swellow</strong>!<br></div><div class="battle-history"><small>Pointed stones dug into Swellow!</small><br></div><div class="spacer battle-history"><br></div><h2 class="battle-history">Turn 17</h2><div class="spacer battle-history"><br></div><div class="battle-history">CrunChyy withdrew SuMole!<br></div><div class="battle-history">CrunChyy sent out Lil'Bro (<strong>Rotom</strong>)!<br></div><div class="spacer battle-history"><br></div><div class="battle-history">Swellow used <strong>Boomburst</strong>!<br></div><div class="battle-history"><small>(The opposing Lil'Bro lost <abbr title="−241/241">100%</abbr> of its health!)</small><br></div><div class="spacer battle-history"><br></div><div class="battle-history">The opposing Lil'Bro fainted!<br></div><div class="spacer battle-history"><br></div><div class="battle-history">CrunChyy sent out SuMole (<strong>Hariyama</strong>)!<br></div><div class="spacer battle-history"><br></div><h2 class="battle-history">Turn 18</h2><div class="spacer battle-history"><br></div><div class="battle-history">Swellow, come back!<br></div><div class="battle-history">Go! <strong>Vibrava</strong>!<br></div><div class="battle-history"><small>Pointed stones dug into Vibrava!</small><br></div><div class="spacer battle-history"><br></div><div class="battle-history">The opposing SuMole used <strong>Fake Out</strong>!<br></div><div class="battle-history"><small>A critical hit!</small><br></div><div class="battle-history"><small>(Vibrava lost <abbr title="−56/303">18.5%</abbr> of its health!)</small><br></div><div class="spacer battle-history"><br></div><h2 class="battle-history">Turn 19</h2><div class="spacer battle-history"><br></div><div class="battle-history">Vibrava used <strong>Roost</strong>!<br></div><div class="battle-history"><small>Vibrava restored its HP.</small><br></div><div class="spacer battle-history"><br></div><div class="battle-history">The opposing SuMole used <strong>Knock Off</strong>!<br></div><div class="battle-history"><small>(Vibrava lost <abbr title="−86/303">28.4%</abbr> of its health!)</small><br></div><div class="battle-history"><small>The opposing SuMole knocked off Vibrava's Eviolite!</small><br></div><div class="spacer battle-history"><br></div><h2 class="battle-history">Turn 20</h2><div class="spacer battle-history"><br></div><div class="battle-history">CrunChyy withdrew SuMole!<br></div><div class="battle-history">CrunChyy sent out Tieon (<strong>Poliwrath</strong>)!<br></div><div class="spacer battle-history"><br></div><div class="battle-history">Vibrava used <strong>Defog</strong>!<br></div><div class="battle-history"><small>The opposing Tieon's evasiveness fell!</small><br></div><div class="battle-history"><small>The pointed stones disappeared from around your team!</small><br></div><div class="spacer battle-history"><br></div><h2 class="battle-history">Turn 21</h2><div class="spacer battle-history"><br></div><div class="battle-history">Vibrava, come back!<br></div><div class="battle-history">Go! <strong>Lanturn</strong>!<br></div><div class="spacer battle-history"><br></div><div class="battle-history">The opposing Tieon used <strong>Ice Beam</strong>!<br></div><div class="battle-history"><small>It's not very effective...</small><br></div><div class="battle-history"><small>(Lanturn lost <abbr title="−33/401">8.2%</abbr> of its health!)</small><br></div><div class="spacer battle-history"><br></div><div class="battle-history"><small>Lanturn restored a little HP using its Leftovers!</small><br></div><div class="spacer battle-history"><br></div><h2 class="battle-history">Turn 22</h2><div class="spacer battle-history"><br></div><div class="battle-history">The opposing Tieon used <strong>Earthquake</strong>!<br></div><div class="battle-history"><small>It's super effective!</small><br></div><div class="battle-history"><small>(Lanturn lost <abbr title="−140/401">34.9%</abbr> of its health!)</small><br></div><div class="spacer battle-history"><br></div><div class="battle-history">Lanturn fainted!<br></div><div class="spacer battle-history"><br></div><div class="battle-history">Go! <strong>Magmortar</strong>!<br></div><div class="spacer battle-history"><br></div><h2 class="battle-history">Turn 23</h2><div class="spacer battle-history"><br></div><div class="battle-history">CrunChyy withdrew Tieon!<br></div><div class="battle-history">CrunChyy sent out MojoFiend (<strong>Mesprit</strong>)!<br></div><div class="spacer battle-history"><br></div><div class="battle-history">Magmortar used <strong>Thunderbolt</strong>!<br></div><div class="battle-history"><small>(The opposing MojoFiend lost <abbr title="−115/301">38.2%</abbr> of its health!)</small><br></div><div class="spacer battle-history"><br></div><h2 class="battle-history">Turn 24</h2><div class="spacer battle-history"><br></div><div class="battle-history">The opposing MojoFiend used <strong>Psyshock</strong>!<br></div><div class="battle-history"><small>(Magmortar lost <abbr title="−231/307">75.2%</abbr> of its health!)</small><br></div><div class="spacer battle-history"><br></div><div class="battle-history">Magmortar fainted!<br></div><div class="spacer battle-history"><br></div><div class="battle-history">Go! <strong>Swellow</strong>!<br></div><div class="spacer battle-history"><br></div><h2 class="battle-history">Turn 25</h2><div class="spacer battle-history"><br></div><div class="battle-history">Swellow used <strong>Boomburst</strong>!<br></div><div class="battle-history"><small>(The opposing MojoFiend lost <abbr title="−186/301">61.8%</abbr> of its health!)</small><br></div><div class="spacer battle-history"><br></div><div class="battle-history">The opposing MojoFiend fainted!<br></div><div class="spacer battle-history"><br></div><div class="battle-history">CrunChyy sent out SuMole (<strong>Hariyama</strong>)!<br></div><div class="spacer battle-history"><br></div><h2 class="battle-history">Turn 26</h2><div class="spacer battle-history"><br></div><div class="battle-history">Swellow, come back!<br></div><div class="battle-history">Go! <strong>Vibrava</strong>!<br></div><div class="spacer battle-history"><br></div><div class="battle-history">CrunChyy withdrew SuMole!<br></div><div class="battle-history">CrunChyy sent out Tieon (<strong>Poliwrath</strong>)!<br></div><div class="spacer battle-history"><br></div><h2 class="battle-history">Turn 27</h2><div class="spacer battle-history"><br></div><div class="battle-history">The opposing Tieon used <strong>Ice Beam</strong>!<br></div><div class="battle-history"><small>It's super effective!</small><br></div><div class="battle-history"><small>(Vibrava lost <abbr title="−217/303">71.6%</abbr> of its health!)</small><br></div><div class="spacer battle-history"><br></div><div class="battle-history">Vibrava fainted!<br></div><div class="spacer battle-history"><br></div><div class="battle-history">Go! <strong>Swellow</strong>!<br></div><div class="spacer battle-history"><br></div><h2 class="battle-history">Turn 28</h2><div class="chat chatmessage-kingofbugs"><strong style="color:hsl(60,56%,38.53474908613888%)"><small>★</small><span class="username" data-name="KingofBugs">KingofBugs</span>:</strong> <em>gg</em></div><div class="chat chatmessage-crunchyy"><strong style="color:hsl(97,69%,36%)"><small>★</small><span class="username" data-name="CrunChyy">CrunChyy</span>:</strong> <em>wp bro</em></div><div class="spacer battle-history"><br></div><div class="battle-history">The opposing Tieon used <strong>Vacuum Wave</strong>!<br></div><div class="battle-history"><small>(Swellow lost <abbr title="−96/261">36.8%</abbr> of its health!)</small><br></div><div class="spacer battle-history"><br></div><div class="battle-history">Swellow used <strong>Boomburst</strong>!<br></div><div class="battle-history"><small>(The opposing Tieon lost <abbr title="−246/345">71.3%</abbr> of its health!)</small><br></div><div class="spacer battle-history"><br></div><div class="battle-history"><small>The opposing Tieon restored a little HP using its Leftovers!</small><br></div><div class="spacer battle-history"><br></div><h2 class="battle-history">Turn 29</h2><div class="spacer battle-history"><br></div><div class="battle-history">The opposing Tieon used <strong>Vacuum Wave</strong>!<br></div><div class="battle-history"><small>(Swellow lost <abbr title="−93/261">35.6%</abbr> of its health!)</small><br></div><div class="spacer battle-history"><br></div><div class="battle-history">Swellow used <strong>Boomburst</strong>!<br></div><div class="battle-history"><small>(The opposing Tieon lost <abbr title="−120/345">34.8%</abbr> of its health!)</small><br></div><div class="spacer battle-history"><br></div><div class="battle-history">The opposing Tieon fainted!<br></div><div class="spacer battle-history"><br></div><div class="battle-history">CrunChyy sent out SuMole (<strong>Hariyama</strong>)!<br></div><div class="spacer battle-history"><br></div><h2 class="battle-history">Turn 30</h2><div class="spacer battle-history"><br></div><div class="battle-history">The opposing SuMole used <strong>Fake Out</strong>!<br></div><div class="battle-history"><small>(Swellow lost <abbr title="−7/261">2.7%</abbr> of its health!)</small><br></div><div class="spacer battle-history"><br></div><div class="battle-history">Swellow fainted!<br></div><div class="spacer battle-history"><br></div><div class="battle-history"><strong>CrunChyy</strong> won the battle!<br></div></div><div class="inner-preempt"></div></div></div>
</div>
<script>
let daily = Math.floor(Date.now()/1000/60/60/24);document.write('<script src="https://play.pokemonshowdown.com/js/replay-embed.js?version'+daily+'"></'+'script>');
</script>
