<!DOCTYPE html>
<meta charset="utf-8" />
<!-- version 1 -->
<title>NU replay: Flerovium vs. jh3828 (teal) ✔</title>
<style>
html,body {font-family:Verdana, sans-serif;font-size:10pt;margin:0;padding:0;}body{padding:12px 0;} .battle-log {font-family:Verdana, sans-serif;font-size:10pt;} .battle-log-inline {border:1px solid #AAAAAA;background:#EEF2F5;color:black;max-width:640px;margin:0 auto 80px;padding-bottom:5px;} .battle-log .inner {padding:4px 8px 0px 8px;} .battle-log .inner-preempt {padding:0 8px 4px 8px;} .battle-log .inner-after {margin-top:0.5em;} .battle-log h2 {margin:0.5em -8px;padding:4px 8px;border:1px solid #AAAAAA;background:#E0E7EA;border-left:0;border-right:0;font-family:Verdana, sans-serif;font-size:13pt;} .battle-log .chat {vertical-align:middle;padding:3px 0 3px 0;font-size:8pt;} .battle-log .chat strong {color:#40576A;} .battle-log .chat em {padding:1px 4px 1px 3px;color:#000000;font-style:normal;} .chat.mine {background:rgba(0,0,0,0.05);margin-left:-8px;margin-right:-8px;padding-left:8px;padding-right:8px;} .spoiler {color:#BBBBBB;background:#BBBBBB;padding:0px 3px;} .spoiler:hover, .spoiler:active, .spoiler-shown {color:#000000;background:#E2E2E2;padding:0px 3px;} .spoiler a {color:#BBBBBB;} .spoiler:hover a, .spoiler:active a, .spoiler-shown a {color:#2288CC;} .chat code, .chat .spoiler:hover code, .chat .spoiler:active code, .chat .spoiler-shown code {border:1px solid #C0C0C0;background:#EEEEEE;color:black;padding:0 2px;} .chat .spoiler code {border:1px solid #CCCCCC;background:#CCCCCC;color:#CCCCCC;} .battle-log .rated {padding:3px 4px;} .battle-log .rated strong {color:white;background:#89A;padding:1px 4px;border-radius:4px;} .spacer {margin-top:0.5em;} .message-announce {background:#6688AA;color:white;padding:1px 4px 2px;} .message-announce a, .broadcast-green a, .broadcast-blue a, .broadcast-red a {color:#DDEEFF;} .broadcast-green {background-color:#559955;color:white;padding:2px 4px;} .broadcast-blue {background-color:#6688AA;color:white;padding:2px 4px;} .infobox {border:1px solid #6688AA;padding:2px 4px;} .infobox-limited {max-height:200px;overflow:auto;overflow-x:hidden;} .broadcast-red {background-color:#AA5544;color:white;padding:2px 4px;} .message-learn-canlearn {font-weight:bold;color:#228822;text-decoration:underline;} .message-learn-cannotlearn {font-weight:bold;color:#CC2222;text-decoration:underline;} .message-effect-weak {font-weight:bold;color:#CC2222;} .message-effect-resist {font-weight:bold;color:#6688AA;} .message-effect-immune {font-weight:bold;color:#666666;} .message-learn-list {margin-top:0;margin-bottom:0;} .message-throttle-notice, .message-error {color:#992222;} .message-overflow, .chat small.message-overflow {font-size:0pt;} .message-overflow::before {font-size:9pt;content:'...';} .subtle {color:#3A4A66;}
</style>
<div class="wrapper replay-wrapper" style="max-width:1180px;margin:0 auto">
<input type="hidden" name="replayid" value="nu-517330561" />
<div class="battle"></div><div class="battle-log"></div><div class="replay-controls"></div><div class="replay-controls-2"></div>
<h1 style="font-weight:normal;text-align:center"><strong>NU</strong><br /><a href="http://pokemonshowdown.com/users/flerovium" class="subtle" target="_blank">Flerovium</a> vs. <a href="http://pokemonshowdown.com/users/jh3828teal" class="subtle" target="_blank">jh3828 (teal) ✔</a></h1>
<script type="text/plain" class="battle-log-data">|j|Flerovium
|j|jh3828 (teal) ✔
|player|p1|Flerovium|75
|player|p2|jh3828 (teal) ✔|101
|gametype|singles
|gen|6
|tier|NU
|seed|28240,56673,417,21737
|rule|Sleep Clause Mod: Limit one foe put to sleep
|rule|Species Clause: Limit one of each Pokémon
|rule|OHKO Clause: OHKO moves are banned
|rule|Moody Clause: Moody is banned
|rule|Evasion Moves Clause: Evasion moves are banned
|rule|Endless Battle Clause: Forcing endless battles is banned
|rule|HP Percentage Mod: HP is shown in percentages
|clearpoke
|poke|p1|Rotom|item
|poke|p1|Mesprit|item
|poke|p1|Tauros, M|item
|poke|p1|Swellow, M|item
|poke|p1|Piloswine, M|item
|poke|p1|Lilligant, F|item
|poke|p2|Mesprit|item
|poke|p2|Rotom|item
|poke|p2|Garbodor, M|item
|poke|p2|Combusken, M|item
|poke|p2|Lanturn, F|item
|poke|p2|Shiftry, F|item
|rule|Swagger Clause: Swagger is banned
|rule|Baton Pass Clause: Limit one Baton Passer, can't pass Spe and other stats simultaneously
|teampreview
|j|Stats Bot
|l|Stats Bot
|j|AlexAkSD
|j|lepres
|c|★Flerovium|I literally just faced this team, lol.
|c|★jh3828 (teal) ✔|well you can face it again
|j|yogibears
|c| yogibears|samples ftw
|choice|team 5, team 2, team 3, team 4, team 1, team 6|team 1, team 2, team 3, team 4, team 5, team 6
|
|start
|switch|p1a: Piloswine|Piloswine, M|403\/403
|switch|p2a: Mesprit|Mesprit|364\/364
|turn|1
|choice|move stealthrock|move stealthrock
|
|move|p2a: Mesprit|Stealth Rock|p1a: Piloswine
|-sidestart|p1: Flerovium|move: Stealth Rock
|move|p1a: Piloswine|Stealth Rock|p2a: Mesprit
|-sidestart|p2: jh3828 (teal) ✔|move: Stealth Rock
|
|upkeep
|turn|2
|l|lepres
|choice|move iciclecrash|move psychic
|
|move|p2a: Mesprit|Psychic|p1a: Piloswine
|-damage|p1a: Piloswine|283\/403
|move|p1a: Piloswine|Icicle Crash|p2a: Mesprit|[miss]
|-miss|p1a: Piloswine|p2a: Mesprit
|
|upkeep
|turn|3
|j|Omnislasher
|choice|move iciclecrash|move psychic
|
|move|p2a: Mesprit|Psychic|p1a: Piloswine
|-damage|p1a: Piloswine|174\/403
|move|p1a: Piloswine|Icicle Crash|p2a: Mesprit
|-damage|p2a: Mesprit|270\/364
|
|upkeep
|turn|4
|j|Almighty Meloetta
|choice|move iciclecrash|move psychic
|
|move|p2a: Mesprit|Psychic|p1a: Piloswine
|-damage|p1a: Piloswine|71\/403
|-unboost|p1a: Piloswine|spd|1
|move|p1a: Piloswine|Icicle Crash|p2a: Mesprit
|-crit|p2a: Mesprit
|-damage|p2a: Mesprit|119\/364
|
|upkeep
|turn|5
|choice|move iceshard|move psychic
|
|move|p1a: Piloswine|Ice Shard|p2a: Mesprit
|-damage|p2a: Mesprit|74\/364
|move|p2a: Mesprit|Psychic|p1a: Piloswine
|-damage|p1a: Piloswine|0 fnt
|faint|p1a: Piloswine
|
|upkeep
|choice|switch 4|
|
|switch|p1a: Swellow|Swellow, M|261\/261
|-damage|p1a: Swellow|196\/261|[from] Stealth Rock
|turn|6
|choice|move boomburst|move psychic
|
|move|p1a: Swellow|Boomburst|p2a: Mesprit
|-damage|p2a: Mesprit|0 fnt
|faint|p2a: Mesprit
|
|upkeep
|c|★jh3828 (teal) ✔|I guess you aren't mainstream
|c|★Flerovium|kek
|c|★Flerovium|Hipster Flerovium wants to battle!
|c|★jh3828 (teal) ✔|That's a swell mon you got there
|c| yogibears|urm
|c|★jh3828 (teal) ✔|mm love that 75 base sp.atk
|c|★Flerovium|It's even lower in Gen 6, lol.
|c| yogibears|swallow is great with specs
|c| yogibears|its nu yah know
|c| yogibears|not ou
|choice||switch 2
|
|switch|p2a: Rotom|Rotom|241\/241
|-damage|p2a: Rotom|211\/241|[from] Stealth Rock
|turn|7
|choice|move boomburst|move voltswitch
|
|move|p1a: Swellow|Boomburst|p2a: Rotom
|-crit|p2a: Rotom
|-damage|p2a: Rotom|0 fnt
|faint|p2a: Rotom
|
|upkeep
|c|★jh3828 (teal) ✔|fudge I'm stupid
|choice||switch 5
|
|switch|p2a: Lanturn|Lanturn, F|401\/401
|-damage|p2a: Lanturn|351\/401|[from] Stealth Rock
|turn|8
|choice|move boomburst|move thunderwave
|
|move|p1a: Swellow|Boomburst|p2a: Lanturn
|-damage|p2a: Lanturn|150\/401
|move|p2a: Lanturn|Thunder Wave|p1a: Swellow
|-status|p1a: Swellow|par
|
|-heal|p2a: Lanturn|175\/401|[from] item: Leftovers
|upkeep
|turn|9
|choice|move boomburst|move voltswitch
|
|move|p2a: Lanturn|Volt Switch|p1a: Swellow
|-supereffective|p1a: Swellow
|-damage|p1a: Swellow|0 fnt
|faint|p1a: Swellow
|choice||switch 3
|
|switch|p2a: Garbodor|Garbodor, M|364\/364
|-damage|p2a: Garbodor|319\/364|[from] Stealth Rock
|
|upkeep
|choice|switch 3|
|
|switch|p1a: Tauros|Tauros, M|291\/291
|-damage|p1a: Tauros|255\/291|[from] Stealth Rock
|turn|10
|c|★jh3828 (teal) ✔|bad play
|choice|move earthquake|move toxicspikes
|
|move|p1a: Tauros|Earthquake|p2a: Garbodor
|-supereffective|p2a: Garbodor
|-damage|p2a: Garbodor|77\/364
|-damage|p1a: Tauros|226\/291|[from] item: Life Orb
|move|p2a: Garbodor|Toxic Spikes|p1a: Tauros
|-sidestart|p1: Flerovium|move: Toxic Spikes
|
|upkeep
|turn|11
|choice|move rockslide|move toxicspikes
|
|move|p1a: Tauros|Rock Slide|p2a: Garbodor
|-damage|p2a: Garbodor|0 fnt
|faint|p2a: Garbodor
|
|upkeep
|choice||switch 4
|
|switch|p2a: Combusken|Combusken, M|261\/261
|-damage|p2a: Combusken|229\/261|[from] Stealth Rock
|turn|12
|choice|move earthquake|move protect
|
|move|p2a: Combusken|Protect|p2a: Combusken
|-singleturn|p2a: Combusken|Protect
|move|p1a: Tauros|Earthquake|p2a: Combusken
|-activate|p2a: Combusken|move: Protect
|
|-ability|p2a: Combusken|Speed Boost|boost
|-boost|p2a: Combusken|spe|1
|upkeep
|turn|13
|c|★jh3828 (teal) ✔|\/me hopes
|choice|move earthquake|move focusblast
|
|move|p1a: Tauros|Earthquake|p2a: Combusken
|-supereffective|p2a: Combusken
|-damage|p2a: Combusken|0 fnt
|-damage|p1a: Tauros|197\/291|[from] item: Life Orb
|faint|p2a: Combusken
|
|upkeep
|c|★jh3828 (teal) ✔|...
|c|★jh3828 (teal) ✔|......
|choice||switch 6
|
|switch|p2a: Shiftry|Shiftry, F|321\/321
|-damage|p2a: Shiftry|281\/321|[from] Stealth Rock
|turn|14
|c|★Flerovium|...
|c| yogibears|lol
|c|★jh3828 (teal) ✔|NOOOOOOO
|c| Omnislasher|Flerovium cheated :O
|c|★jh3828 (teal) ✔|o.O
|c| Omnislasher|(jk :P)
|choice|move rockclimb|move swordsdance
|
|move|p1a: Tauros|Rock Climb|p2a: Shiftry
|-damage|p2a: Shiftry|0 fnt
|faint|p2a: Shiftry
|
|upkeep
|c|★jh3828 (teal) ✔|I'll take the L
|choice||switch 3
|
|switch|p2a: Lanturn|Lanturn, F|175\/401
|-damage|p2a: Lanturn|125\/401|[from] Stealth Rock
|turn|15
|c|★Flerovium|gg
|c|★jh3828 (teal) ✔|It's been a nice game
|l|Omnislasher
|c|★jh3828 (teal) ✔|\/me paid Hipster Flerovium the W...
|c|★jh3828 (teal) ✔|\/me whited out!
|choice|move earthquake|move thunderwave
|
|move|p1a: Tauros|Earthquake|p2a: Lanturn
|-supereffective|p2a: Lanturn
|-damage|p2a: Lanturn|0 fnt
|-damage|p1a: Tauros|168\/291|[from] item: Life Orb
|faint|p2a: Lanturn
|
|win|Flerovium
|player|p1
|player|p2
|c|★Flerovium|__Haven't I killed you before?__
|l|Almighty Meloetta
|c|★jh3828 (teal) ✔|Did you?
|l|yogibears
|l|AlexAkSD
|c|★jh3828 (teal) ✔|Just bc it was the same team xD
|l|Flerovium</script>
</div>
<div class="battle-log battle-log-inline"><div class="inner"><div class="battle-options"></div><div class="inner"><div class="chat"><small>Flerovium joined.</small></div><div class="chat"><small>jh3828 (teal) ✔ joined.</small></div><div class=""><small>Format:</small> <br><strong>NU</strong></div><div class=""><small><em>Sleep Clause Mod:</em> Limit one foe put to sleep</small></div><div class=""><small><em>Species Clause:</em> Limit one of each Pokémon</small></div><div class=""><small><em>OHKO Clause:</em> OHKO moves are banned</small></div><div class=""><small><em>Moody Clause:</em> Moody is banned</small></div><div class=""><small><em>Evasion Moves Clause:</em> Evasion moves are banned</small></div><div class=""><small><em>Endless Battle Clause:</em> Forcing endless battles is banned</small></div><div class=""><small><em>HP Percentage Mod:</em> HP is shown in percentages</small></div><div class=""><small><em>Swagger Clause:</em> Swagger is banned</small></div><div class=""><small><em>Baton Pass Clause:</em> Limit one Baton Passer, can't pass Spe and other stats simultaneously</small></div><div class="chat battle-history"><strong>Flerovium's team:</strong> <em style="color:#445566;display:block;">Rotom / Mesprit / Tauros / Swellow / Piloswine / Lilligant</em></div><div class="chat battle-history"><strong>jh3828 (teal) ✔'s team:</strong> <em style="color:#445566;display:block;">Mesprit / Rotom / Garbodor / Combusken / Lanturn / Shiftry</em></div><div class="chat"><small>Stats Bot joined.</small></div><div class="chat"><small>Stats Bot left.</small></div><div class="chat"><small>AlexAkSD joined.</small></div><div class="chat"><small>lepres joined.</small></div><div class="chat chatmessage-flerovium"><strong style="color:hsl(349,85%,44.73113497511153%)"><small>★</small><span class="username" data-name="Flerovium">Flerovium</span>:</strong> <em>I literally just faced this team, lol.</em></div><div class="chat chatmessage-jh3828teal"><strong style="color:hsl(188,85%,41.30735257645083%)"><small>★</small><span class="username" data-name="jh3828 (teal) ✔">jh3828 (teal) ✔</span>:</strong> <em>well you can face it again</em></div><div class="chat"><small>yogibears joined.</small></div><div class="chat chatmessage-yogibears"><strong style="color:hsl(183,63%,44.99448677551407%)"><small> </small><span class="username" data-name="yogibears">yogibears</span>:</strong> <em>samples ftw</em></div><div class="spacer battle-history"><br></div><div class="battle-history">Battle started between Flerovium and jh3828 (teal) ✔!<br></div><div class="spacer battle-history"><br></div><div class="battle-history">Go! <strong>Piloswine</strong>!<br></div><div class="spacer battle-history"><br></div><div class="battle-history">jh3828 (teal) ✔ sent out <strong>Mesprit</strong>!<br></div><div class="spacer battle-history"><br></div><h2 class="battle-history">Turn 1</h2><div class="spacer battle-history"><br></div><div class="battle-history">The opposing Mesprit used <strong>Stealth Rock</strong>!<br></div><div class="battle-history"><small>Pointed stones float in the air around your team!</small><br></div><div class="spacer battle-history"><br></div><div class="battle-history">Piloswine used <strong>Stealth Rock</strong>!<br></div><div class="battle-history"><small>Pointed stones float in the air around the opposing team!</small><br></div><div class="spacer battle-history"><br></div><h2 class="battle-history">Turn 2</h2><div class="chat"><small>lepres left.</small></div><div class="spacer battle-history"><br></div><div class="battle-history">The opposing Mesprit used <strong>Psychic</strong>!<br></div><div class="battle-history"><small>(Piloswine lost <abbr title="−120/403">29.8%</abbr> of its health!)</small><br></div><div class="spacer battle-history"><br></div><div class="battle-history">Piloswine used <strong>Icicle Crash</strong>!<br></div><div class="battle-history"><small>The opposing Mesprit avoided the attack!</small><br></div><div class="spacer battle-history"><br></div><h2 class="battle-history">Turn 3</h2><div class="chat"><small>Omnislasher joined.</small></div><div class="spacer battle-history"><br></div><div class="battle-history">The opposing Mesprit used <strong>Psychic</strong>!<br></div><div class="battle-history"><small>(Piloswine lost <abbr title="−109/403">27.0%</abbr> of its health!)</small><br></div><div class="spacer battle-history"><br></div><div class="battle-history">Piloswine used <strong>Icicle Crash</strong>!<br></div><div class="battle-history"><small>(The opposing Mesprit lost <abbr title="−94/364">25.8%</abbr> of its health!)</small><br></div><div class="spacer battle-history"><br></div><h2 class="battle-history">Turn 4</h2><div class="chat"><small>Almighty Meloetta joined.</small></div><div class="spacer battle-history"><br></div><div class="battle-history">The opposing Mesprit used <strong>Psychic</strong>!<br></div><div class="battle-history"><small>(Piloswine lost <abbr title="−103/403">25.6%</abbr> of its health!)</small><br></div><div class="battle-history"><small>Piloswine's Special Defense fell!</small><br></div><div class="spacer battle-history"><br></div><div class="battle-history">Piloswine used <strong>Icicle Crash</strong>!<br></div><div class="battle-history"><small>A critical hit!</small><br></div><div class="battle-history"><small>(The opposing Mesprit lost <abbr title="−151/364">41.5%</abbr> of its health!)</small><br></div><div class="spacer battle-history"><br></div><h2 class="battle-history">Turn 5</h2><div class="spacer battle-history"><br></div><div class="battle-history">Piloswine used <strong>Ice Shard</strong>!<br></div><div class="battle-history"><small>(The opposing Mesprit lost <abbr title="−45/364">12.4%</abbr> of its health!)</small><br></div><div class="spacer battle-history"><br></div><div class="battle-history">The opposing Mesprit used <strong>Psychic</strong>!<br></div><div class="battle-history"><small>(Piloswine lost <abbr title="−71/403">17.6%</abbr> of its health!)</small><br></div><div class="spacer battle-history"><br></div><div class="battle-history">Piloswine fainted!<br></div><div class="spacer battle-history"><br></div><div class="battle-history">Go! <strong>Swellow</strong>!<br></div><div class="battle-history"><small>Pointed stones dug into Swellow!</small><br></div><div class="spacer battle-history"><br></div><h2 class="battle-history">Turn 6</h2><div class="spacer battle-history"><br></div><div class="battle-history">Swellow used <strong>Boomburst</strong>!<br></div><div class="battle-history"><small>(The opposing Mesprit lost <abbr title="−74/364">20.3%</abbr> of its health!)</small><br></div><div class="spacer battle-history"><br></div><div class="battle-history">The opposing Mesprit fainted!<br></div><div class="chat chatmessage-jh3828teal"><strong style="color:hsl(188,85%,41.30735257645083%)"><small>★</small><span class="username" data-name="jh3828 (teal) ✔">jh3828 (teal) ✔</span>:</strong> <em>I guess you aren't mainstream</em></div><div class="chat chatmessage-flerovium"><strong style="color:hsl(349,85%,44.73113497511153%)"><small>★</small><span class="username" data-name="Flerovium">Flerovium</span>:</strong> <em>kek</em></div><div class="chat chatmessage-flerovium"><strong style="color:hsl(349,85%,44.73113497511153%)"><small>★</small><span class="username" data-name="Flerovium">Flerovium</span>:</strong> <em>Hipster Flerovium wants to battle!</em></div><div class="chat chatmessage-jh3828teal"><strong style="color:hsl(188,85%,41.30735257645083%)"><small>★</small><span class="username" data-name="jh3828 (teal) ✔">jh3828 (teal) ✔</span>:</strong> <em>That's a swell mon you got there</em></div><div class="chat chatmessage-yogibears"><strong style="color:hsl(183,63%,44.99448677551407%)"><small> </small><span class="username" data-name="yogibears">yogibears</span>:</strong> <em>urm</em></div><div class="chat chatmessage-jh3828teal"><strong style="color:hsl(188,85%,41.30735257645083%)"><small>★</small><span class="username" data-name="jh3828 (teal) ✔">jh3828 (teal) ✔</span>:</strong> <em>mm love that 75 base sp.atk</em></div><div class="chat chatmessage-flerovium"><strong style="color:hsl(349,85%,44.73113497511153%)"><small>★</small><span class="username" data-name="Flerovium">Flerovium</span>:</strong> <em>It's even lower in Gen 6, lol.</em></div><div class="chat chatmessage-yogibears"><strong style="color:hsl(183,63%,44.99448677551407%)"><small> </small><span class="username" data-name="yogibears">yogibears</span>:</strong> <em>swallow is great with specs</em></div><div class="chat chatmessage-yogibears"><strong style="color:hsl(183,63%,44.99448677551407%)"><small> </small><span class="username" data-name="yogibears">yogibears</span>:</strong> <em>its nu yah know</em></div><div class="chat chatmessage-yogibears"><strong style="color:hsl(183,63%,44.99448677551407%)"><small> </small><span class="username" data-name="yogibears">yogibears</span>:</strong> <em>not ou</em></div><div class="spacer battle-history"><br></div><div class="battle-history">jh3828 (teal) ✔ sent out <strong>Rotom</strong>!<br></div><div class="battle-history"><small>Pointed stones dug into the opposing Rotom!</small><br></div><div class="spacer battle-history"><br></div><h2 class="battle-history">Turn 7</h2><div class="spacer battle-history"><br></div><div class="battle-history">Swellow used <strong>Boomburst</strong>!<br></div><div class="battle-history"><small>A critical hit!</small><br></div><div class="battle-history"><small>(The opposing Rotom lost <abbr title="−211/241">87.6%</abbr> of its health!)</small><br></div><div class="spacer battle-history"><br></div><div class="battle-history">The opposing Rotom fainted!<br></div><div class="chat chatmessage-jh3828teal"><strong style="color:hsl(188,85%,41.30735257645083%)"><small>★</small><span class="username" data-name="jh3828 (teal) ✔">jh3828 (teal) ✔</span>:</strong> <em>fudge I'm stupid</em></div><div class="spacer battle-history"><br></div><div class="battle-history">jh3828 (teal) ✔ sent out <strong>Lanturn</strong>!<br></div><div class="battle-history"><small>Pointed stones dug into the opposing Lanturn!</small><br></div><div class="spacer battle-history"><br></div><h2 class="battle-history">Turn 8</h2><div class="spacer battle-history"><br></div><div class="battle-history">Swellow used <strong>Boomburst</strong>!<br></div><div class="battle-history"><small>(The opposing Lanturn lost <abbr title="−201/401">50.1%</abbr> of its health!)</small><br></div><div class="spacer battle-history"><br></div><div class="battle-history">The opposing Lanturn used <strong>Thunder Wave</strong>!<br></div><div class="battle-history"><small>Swellow is paralyzed! It may be unable to move!</small><br></div><div class="spacer battle-history"><br></div><div class="battle-history"><small>The opposing Lanturn restored a little HP using its Leftovers!</small><br></div><div class="spacer battle-history"><br></div><h2 class="battle-history">Turn 9</h2><div class="spacer battle-history"><br></div><div class="battle-history">The opposing Lanturn used <strong>Volt Switch</strong>!<br></div><div class="battle-history"><small>It's super effective!</small><br></div><div class="battle-history"><small>(Swellow lost <abbr title="−196/261">75.1%</abbr> of its health!)</small><br></div><div class="spacer battle-history"><br></div><div class="battle-history">Swellow fainted!<br></div><div class="spacer battle-history"><br></div><div class="battle-history">The opposing Lanturn went back to jh3828 (teal) ✔!<br></div><div class="battle-history">jh3828 (teal) ✔ sent out <strong>Garbodor</strong>!<br></div><div class="battle-history"><small>Pointed stones dug into the opposing Garbodor!</small><br></div><div class="spacer battle-history"><br></div><div class="battle-history">Go! <strong>Tauros</strong>!<br></div><div class="battle-history"><small>Pointed stones dug into Tauros!</small><br></div><div class="spacer battle-history"><br></div><h2 class="battle-history">Turn 10</h2><div class="chat chatmessage-jh3828teal"><strong style="color:hsl(188,85%,41.30735257645083%)"><small>★</small><span class="username" data-name="jh3828 (teal) ✔">jh3828 (teal) ✔</span>:</strong> <em>bad play</em></div><div class="spacer battle-history"><br></div><div class="battle-history">Tauros used <strong>Earthquake</strong>!<br></div><div class="battle-history"><small>It's super effective!</small><br></div><div class="battle-history"><small>(The opposing Garbodor lost <abbr title="−242/364">66.5%</abbr> of its health!)</small><br></div><div class="battle-history"><small>Tauros lost some of its HP!</small><br></div><div class="spacer battle-history"><br></div><div class="battle-history">The opposing Garbodor used <strong>Toxic Spikes</strong>!<br></div><div class="battle-history"><small>Poison spikes were scattered on the ground all around your team!</small><br></div><div class="spacer battle-history"><br></div><h2 class="battle-history">Turn 11</h2><div class="spacer battle-history"><br></div><div class="battle-history">Tauros used <strong>Rock Slide</strong>!<br></div><div class="battle-history"><small>(The opposing Garbodor lost <abbr title="−77/364">21.2%</abbr> of its health!)</small><br></div><div class="spacer battle-history"><br></div><div class="battle-history">The opposing Garbodor fainted!<br></div><div class="spacer battle-history"><br></div><div class="battle-history">jh3828 (teal) ✔ sent out <strong>Combusken</strong>!<br></div><div class="battle-history"><small>Pointed stones dug into the opposing Combusken!</small><br></div><div class="spacer battle-history"><br></div><h2 class="battle-history">Turn 12</h2><div class="spacer battle-history"><br></div><div class="battle-history">The opposing Combusken used <strong>Protect</strong>!<br></div><div class="battle-history"><small>The opposing Combusken protected itself!</small><br></div><div class="spacer battle-history"><br></div><div class="battle-history">Tauros used <strong>Earthquake</strong>!<br></div><div class="battle-history"><small>The opposing Combusken protected itself!</small><br></div><div class="spacer battle-history"><br></div><div class="battle-history"><small>[The opposing Combusken's Speed Boost]</small><br></div><div class="battle-history"><small>The opposing Combusken's Speed rose!</small><br></div><div class="spacer battle-history"><br></div><h2 class="battle-history">Turn 13</h2><div class="chat chatmessage-jh3828teal"><em><i><strong style="color:hsl(188,85%,41.30735257645083%)">• <small>★</small><span class="username" data-name="jh3828 (teal) ✔">jh3828 (teal) ✔</span></strong> hopes</i></em></div><div class="spacer battle-history"><br></div><div class="battle-history">Tauros used <strong>Earthquake</strong>!<br></div><div class="battle-history"><small>It's super effective!</small><br></div><div class="battle-history"><small>(The opposing Combusken lost <abbr title="−229/261">87.7%</abbr> of its health!)</small><br></div><div class="battle-history"><small>Tauros lost some of its HP!</small><br></div><div class="spacer battle-history"><br></div><div class="battle-history">The opposing Combusken fainted!<br></div><div class="chat chatmessage-jh3828teal"><strong style="color:hsl(188,85%,41.30735257645083%)"><small>★</small><span class="username" data-name="jh3828 (teal) ✔">jh3828 (teal) ✔</span>:</strong> <em>...</em></div><div class="chat chatmessage-jh3828teal"><strong style="color:hsl(188,85%,41.30735257645083%)"><small>★</small><span class="username" data-name="jh3828 (teal) ✔">jh3828 (teal) ✔</span>:</strong> <em>......</em></div><div class="spacer battle-history"><br></div><div class="battle-history">jh3828 (teal) ✔ sent out <strong>Shiftry</strong>!<br></div><div class="battle-history"><small>Pointed stones dug into the opposing Shiftry!</small><br></div><div class="spacer battle-history"><br></div><h2 class="battle-history">Turn 14</h2><div class="chat chatmessage-flerovium"><strong style="color:hsl(349,85%,44.73113497511153%)"><small>★</small><span class="username" data-name="Flerovium">Flerovium</span>:</strong> <em>...</em></div><div class="chat chatmessage-yogibears"><strong style="color:hsl(183,63%,44.99448677551407%)"><small> </small><span class="username" data-name="yogibears">yogibears</span>:</strong> <em>lol</em></div><div class="chat chatmessage-jh3828teal"><strong style="color:hsl(188,85%,41.30735257645083%)"><small>★</small><span class="username" data-name="jh3828 (teal) ✔">jh3828 (teal) ✔</span>:</strong> <em>NOOOOOOO</em></div><div class="chat chatmessage-omnislasher"><strong style="color:hsl(131,67%,32%)"><small> </small><span class="username" data-name="Omnislasher">Omnislasher</span>:</strong> <em>Flerovium cheated :O</em></div><div class="chat chatmessage-jh3828teal"><strong style="color:hsl(188,85%,41.30735257645083%)"><small>★</small><span class="username" data-name="jh3828 (teal) ✔">jh3828 (teal) ✔</span>:</strong> <em>o.O</em></div><div class="chat chatmessage-omnislasher"><strong style="color:hsl(131,67%,32%)"><small> </small><span class="username" data-name="Omnislasher">Omnislasher</span>:</strong> <em>(jk :P)</em></div><div class="spacer battle-history"><br></div><div class="battle-history">Tauros used <strong>Rock Climb</strong>!<br></div><div class="battle-history"><small>(The opposing Shiftry lost <abbr title="−281/321">87.5%</abbr> of its health!)</small><br></div><div class="spacer battle-history"><br></div><div class="battle-history">The opposing Shiftry fainted!<br></div><div class="chat chatmessage-jh3828teal"><strong style="color:hsl(188,85%,41.30735257645083%)"><small>★</small><span class="username" data-name="jh3828 (teal) ✔">jh3828 (teal) ✔</span>:</strong> <em>I'll take the L</em></div><div class="spacer battle-history"><br></div><div class="battle-history">jh3828 (teal) ✔ sent out <strong>Lanturn</strong>!<br></div><div class="battle-history"><small>Pointed stones dug into the opposing Lanturn!</small><br></div><div class="spacer battle-history"><br></div><h2 class="battle-history">Turn 15</h2><div class="chat chatmessage-flerovium"><strong style="color:hsl(349,85%,44.73113497511153%)"><small>★</small><span class="username" data-name="Flerovium">Flerovium</span>:</strong> <em>gg</em></div><div class="chat chatmessage-jh3828teal"><strong style="color:hsl(188,85%,41.30735257645083%)"><small>★</small><span class="username" data-name="jh3828 (teal) ✔">jh3828 (teal) ✔</span>:</strong> <em>It's been a nice game</em></div><div class="chat"><small>Omnislasher left.</small></div><div class="chat chatmessage-jh3828teal"><em><i><strong style="color:hsl(188,85%,41.30735257645083%)">• <small>★</small><span class="username" data-name="jh3828 (teal) ✔">jh3828 (teal) ✔</span></strong> paid Hipster Flerovium the W...</i></em></div><div class="chat chatmessage-jh3828teal"><em><i><strong style="color:hsl(188,85%,41.30735257645083%)">• <small>★</small><span class="username" data-name="jh3828 (teal) ✔">jh3828 (teal) ✔</span></strong> whited out!</i></em></div><div class="spacer battle-history"><br></div><div class="battle-history">Tauros used <strong>Earthquake</strong>!<br></div><div class="battle-history"><small>It's super effective!</small><br></div><div class="battle-history"><small>(The opposing Lanturn lost <abbr title="−125/401">31.2%</abbr> of its health!)</small><br></div><div class="battle-history"><small>Tauros lost some of its HP!</small><br></div><div class="spacer battle-history"><br></div><div class="battle-history">The opposing Lanturn fainted!<br></div><div class="spacer battle-history"><br></div><div class="battle-history"><strong>Flerovium</strong> won the battle!<br></div><div class="chat chatmessage-flerovium"><strong style="color:hsl(349,85%,44.73113497511153%)"><small>★</small><span class="username" data-name="Flerovium">Flerovium</span>:</strong> <em><i>Haven't I killed you before?</i></em></div><div class="chat"><small>Almighty Meloetta left.</small></div><div class="chat chatmessage-jh3828teal"><strong style="color:hsl(188,85%,41.30735257645083%)"><small>★</small><span class="username" data-name="jh3828 (teal) ✔">jh3828 (teal) ✔</span>:</strong> <em>Did you?</em></div><div class="chat"><small>yogibears left.</small></div><div class="chat"><small>AlexAkSD left.</small></div><div class="chat chatmessage-jh3828teal"><strong style="color:hsl(188,85%,41.30735257645083%)"><small>★</small><span class="username" data-name="jh3828 (teal) ✔">jh3828 (teal) ✔</span>:</strong> <em>Just bc it was the same team xD</em></div><div class="chat"><small>Flerovium left.</small></div></div><div class="inner-preempt"></div></div></div>
</div>
<script>
let daily = Math.floor(Date.now()/1000/60/60/24);document.write('<script src="https://play.pokemonshowdown.com/js/replay-embed.js?version'+daily+'"></'+'script>');
</script>
