<!DOCTYPE html>
<meta charset="utf-8" />
<!-- version 1 -->
<title>NU replay: Caiovisk vs. Saintnhu</title>
<style>
html,body {font-family:Verdana, sans-serif;font-size:10pt;margin:0;padding:0;}body{padding:12px 0;} .battle-log {font-family:Verdana, sans-serif;font-size:10pt;} .battle-log-inline {border:1px solid #AAAAAA;background:#EEF2F5;color:black;max-width:640px;margin:0 auto 80px;padding-bottom:5px;} .battle-log .inner {padding:4px 8px 0px 8px;} .battle-log .inner-preempt {padding:0 8px 4px 8px;} .battle-log .inner-after {margin-top:0.5em;} .battle-log h2 {margin:0.5em -8px;padding:4px 8px;border:1px solid #AAAAAA;background:#E0E7EA;border-left:0;border-right:0;font-family:Verdana, sans-serif;font-size:13pt;} .battle-log .chat {vertical-align:middle;padding:3px 0 3px 0;font-size:8pt;} .battle-log .chat strong {color:#40576A;} .battle-log .chat em {padding:1px 4px 1px 3px;color:#000000;font-style:normal;} .chat.mine {background:rgba(0,0,0,0.05);margin-left:-8px;margin-right:-8px;padding-left:8px;padding-right:8px;} .spoiler {color:#BBBBBB;background:#BBBBBB;padding:0px 3px;} .spoiler:hover, .spoiler:active, .spoiler-shown {color:#000000;background:#E2E2E2;padding:0px 3px;} .spoiler a {color:#BBBBBB;} .spoiler:hover a, .spoiler:active a, .spoiler-shown a {color:#2288CC;} .chat code, .chat .spoiler:hover code, .chat .spoiler:active code, .chat .spoiler-shown code {border:1px solid #C0C0C0;background:#EEEEEE;color:black;padding:0 2px;} .chat .spoiler code {border:1px solid #CCCCCC;background:#CCCCCC;color:#CCCCCC;} .battle-log .rated {padding:3px 4px;} .battle-log .rated strong {color:white;background:#89A;padding:1px 4px;border-radius:4px;} .spacer {margin-top:0.5em;} .message-announce {background:#6688AA;color:white;padding:1px 4px 2px;} .message-announce a, .broadcast-green a, .broadcast-blue a, .broadcast-red a {color:#DDEEFF;} .broadcast-green {background-color:#559955;color:white;padding:2px 4px;} .broadcast-blue {background-color:#6688AA;color:white;padding:2px 4px;} .infobox {border:1px solid #6688AA;padding:2px 4px;} .infobox-limited {max-height:200px;overflow:auto;overflow-x:hidden;} .broadcast-red {background-color:#AA5544;color:white;padding:2px 4px;} .message-learn-canlearn {font-weight:bold;color:#228822;text-decoration:underline;} .message-learn-cannotlearn {font-weight:bold;color:#CC2222;text-decoration:underline;} .message-effect-weak {font-weight:bold;color:#CC2222;} .message-effect-resist {font-weight:bold;color:#6688AA;} .message-effect-immune {font-weight:bold;color:#666666;} .message-learn-list {margin-top:0;margin-bottom:0;} .message-throttle-notice, .message-error {color:#992222;} .message-overflow, .chat small.message-overflow {font-size:0pt;} .message-overflow::before {font-size:9pt;content:'...';} .subtle {color:#3A4A66;}
</style>
<div class="wrapper replay-wrapper" style="max-width:1180px;margin:0 auto">
<input type="hidden" name="replayid" value="nu-503442092" />
<div class="battle"></div><div class="battle-log"></div><div class="replay-controls"></div><div class="replay-controls-2"></div>
<h1 style="font-weight:normal;text-align:center"><strong>NU</strong><br /><a href="http://pokemonshowdown.com/users/caiovisk" class="subtle" target="_blank">Caiovisk</a> vs. <a href="http://pokemonshowdown.com/users/saintnhu" class="subtle" target="_blank">Saintnhu</a></h1>
<script type="text/plain" class="battle-log-data">|j|Caiovisk
|j|Saintnhu
|player|p1|Caiovisk|165
|player|p2|Saintnhu|293
|gametype|singles
|gen|6
|tier|NU
|seed|24235,64710,52884,23084
|rule|Baton Pass Speed Clause: Limit one Baton Passer, can't pass Speed
|rule|Sleep Clause Mod: Limit one foe put to sleep
|rule|Species Clause: Limit one of each Pokémon
|rule|OHKO Clause: OHKO moves are banned
|rule|Moody Clause: Moody is banned
|rule|Evasion Moves Clause: Evasion moves are banned
|rule|Endless Battle Clause: Forcing endless battles is banned
|rule|HP Percentage Mod: HP is shown in percentages
|clearpoke
|poke|p1|Omastar, M|item
|poke|p1|Shiftry, F|item
|poke|p1|Mismagius, F|item
|poke|p1|Mesprit|item
|poke|p1|Magmortar, M|item
|poke|p1|Tauros, M|item
|poke|p2|Liepard, F, shiny|item
|poke|p2|Pinsir, M|item
|poke|p2|Audino, F, shiny|item
|poke|p2|Hitmonchan, M|item
|poke|p2|Weezing, M, shiny|item
|poke|p2|Charizard, F, shiny|
|rule|Swagger Clause: Swagger is banned
|rule|Baton Pass Clause: Limit one Baton Passer, can't pass Spe and other stats simultaneously
|teampreview
|c|★Caiovisk|vou colocar lá no post
|c|★Saintnhu|ok
|c|★Caiovisk|é azumarill, né?
|c|★Saintnhu|isso
|c|★Caiovisk|pronto
|j|uey2
|c|★Caiovisk|bom jogo!
|c| uey2|go caio
|choice|team 4, team 2, team 3, team 1, team 5, team 6|team 1, team 2, team 3, team 4, team 5, team 6
|
|start
|switch|p1a: Mesprit|Mesprit|301\/301
|switch|p2a: Liepard|Liepard, F, shiny|269\/269
|turn|1
|choice|move signalbeam|move taunt
|
|move|p2a: Liepard|Taunt|p1a: Mesprit
|-start|p1a: Mesprit|move: Taunt
|move|p1a: Mesprit|Signal Beam|p2a: Liepard
|-supereffective|p2a: Liepard
|-enditem|p2a: Liepard|Focus Sash
|-damage|p2a: Liepard|1\/269
|
|upkeep
|turn|2
|choice|move signalbeam|move knockoff
|
|move|p2a: Liepard|Knock Off|p1a: Mesprit
|-supereffective|p1a: Mesprit
|-enditem|p1a: Mesprit|Colbur Berry|[eat]
|-enditem|p1a: Mesprit|Colbur Berry|[weaken]
|-damage|p1a: Mesprit|180\/301
|move|p1a: Mesprit|Signal Beam|p2a: Liepard
|-supereffective|p2a: Liepard
|-damage|p2a: Liepard|0 fnt
|faint|p2a: Liepard
|
|upkeep
|choice||switch 2
|
|switch|p2a: Pinsir|Pinsir, M|271\/271
|-ability|p2a: Pinsir|Mold Breaker
|turn|3
|choice|move psychic|move xscissor
|
|move|p2a: Pinsir|X-Scissor|p1a: Mesprit
|-supereffective|p1a: Mesprit
|-damage|p1a: Mesprit|0 fnt
|faint|p1a: Mesprit
|
|upkeep
|choice|switch 5|
|
|switch|p1a: Magmortar|Magmortar, M|307\/307
|turn|4
|choice|move fireblast|switch 5
|
|switch|p2a: Weezing|Weezing, M, shiny|334\/334
|move|p1a: Magmortar|Fire Blast|p2a: Weezing
|-damage|p2a: Weezing|106\/334
|
|-heal|p2a: Weezing|126\/334|[from] item: Black Sludge
|upkeep
|turn|5
|choice|move fireblast|switch 6
|
|switch|p2a: Charizard|Charizard, F, shiny|350\/350
|move|p1a: Magmortar|Fire Blast|p2a: Charizard
|-resisted|p2a: Charizard
|-damage|p2a: Charizard|272\/350
|
|upkeep
|turn|6
|choice|switch 6|move willowisp
|
|switch|p1a: Tauros|Tauros, M|291\/291
|move|p2a: Charizard|Will-O-Wisp|p1a: Tauros
|-status|p1a: Tauros|brn
|
|-damage|p1a: Tauros|255\/291 brn|[from] brn
|upkeep
|turn|7
|j|Fabiuz Soul
|c| Fabiuz Soul|boa sorte Caio
|c|★Caiovisk|valeu
|choice|move rockclimb|switch 6
|
|switch|p2a: Weezing|Weezing, M, shiny|126\/334
|move|p1a: Tauros|Rock Climb|p2a: Weezing
|-damage|p2a: Weezing|43\/334
|
|-heal|p2a: Weezing|63\/334|[from] item: Black Sludge
|-damage|p1a: Tauros|219\/291 brn|[from] brn
|upkeep
|turn|8
|choice|move rockclimb|switch 4
|
|switch|p2a: Hitmonchan|Hitmonchan, M|250\/250
|move|p1a: Tauros|Rock Climb|p2a: Hitmonchan
|-damage|p2a: Hitmonchan|125\/250
|
|-damage|p1a: Tauros|183\/291 brn|[from] brn
|upkeep
|turn|9
|c| uey2|orra que taurus bruto
|choice|switch 3|move machpunch
|
|switch|p1a: Mismagius|Mismagius, F|324\/324
|move|p2a: Hitmonchan|Mach Punch|p1a: Mismagius
|-immune|p1a: Mismagius|[msg]
|
|upkeep
|turn|10
|choice|switch 6|move icepunch
|
|switch|p1a: Magmortar|Magmortar, M|307\/307
|move|p2a: Hitmonchan|Ice Punch|p1a: Magmortar
|-resisted|p1a: Magmortar
|-damage|p1a: Magmortar|224\/307
|
|upkeep
|turn|11
|choice|move fireblast|switch 4
|
|switch|p2a: Weezing|Weezing, M, shiny|63\/334
|move|p1a: Magmortar|Fire Blast|p2a: Weezing
|-damage|p2a: Weezing|0 fnt
|faint|p2a: Weezing
|
|upkeep
|choice||switch 6
|
|switch|p2a: Charizard|Charizard, F, shiny|272\/350
|turn|12
|choice|move thunderbolt|move swordsdance
|
|move|p1a: Magmortar|Thunderbolt|p2a: Charizard
|-supereffective|p2a: Charizard
|-damage|p2a: Charizard|94\/350
|move|p2a: Charizard|Swords Dance|p2a: Charizard
|-boost|p2a: Charizard|atk|2
|
|upkeep
|turn|13
|choice|move thunderbolt|switch 3
|
|switch|p2a: Audino|Audino, F, shiny|395\/395
|move|p1a: Magmortar|Thunderbolt|p2a: Audino
|-damage|p2a: Audino|275\/395
|-status|p2a: Audino|par
|
|upkeep
|turn|14
|choice|move fireblast|move healingwish mega
|
|detailschange|p2a: Audino|Audino-Mega, F, shiny
|-mega|p2a: Audino|Audino|Audinite
|move|p1a: Magmortar|Fire Blast|p2a: Audino
|-damage|p2a: Audino|110\/395 par
|move|p2a: Audino|Healing Wish|p2a: Audino
|faint|p2a: Audino
|
|upkeep
|choice||switch 4
|
|switch|p2a: Hitmonchan|Hitmonchan, M|125\/250
|-heal|p2a: Hitmonchan|250\/250|[from] move: Healing Wish
|turn|15
|choice|switch 3|move drainpunch
|
|switch|p1a: Tauros|Tauros, M|183\/291 brn
|move|p2a: Hitmonchan|Drain Punch|p1a: Tauros
|-supereffective|p1a: Tauros
|-damage|p1a: Tauros|0 fnt
|faint|p1a: Tauros
|
|upkeep
|choice|switch 6|
|
|switch|p1a: Mismagius|Mismagius, F|324\/324
|turn|16
|choice|move willowisp|move icepunch
|
|move|p1a: Mismagius|Will-O-Wisp|p2a: Hitmonchan
|-status|p2a: Hitmonchan|brn
|move|p2a: Hitmonchan|Ice Punch|p1a: Mismagius
|-damage|p1a: Mismagius|254\/324
|
|-damage|p2a: Hitmonchan|219\/250 brn|[from] brn
|upkeep
|turn|17
|c| uey2|nicee caio
|c| Fabiuz Soul|Torei um aço da porra aqui torcendo pra isso não missar
|choice|move hex|switch 3
|
|switch|p2a: Charizard|Charizard, F, shiny|94\/350
|move|p1a: Mismagius|Hex|p2a: Charizard
|-damage|p2a: Charizard|25\/350
|
|upkeep
|turn|18
|choice|move hex|move roost
|
|move|p1a: Mismagius|Hex|p2a: Charizard
|-damage|p2a: Charizard|0 fnt
|faint|p2a: Charizard
|
|upkeep
|c| Fabiuz Soul|kd timer
|choice||switch 3
|
|switch|p2a: Hitmonchan|Hitmonchan, M|219\/250 brn
|turn|19
|choice|move hex|move icepunch
|
|move|p1a: Mismagius|Hex|p2a: Hitmonchan
|-damage|p2a: Hitmonchan|128\/250 brn
|move|p2a: Hitmonchan|Ice Punch|p1a: Mismagius
|-damage|p1a: Mismagius|183\/324
|
|-damage|p2a: Hitmonchan|97\/250 brn|[from] brn
|upkeep
|turn|20
|choice|move hex|move icepunch
|
|move|p1a: Mismagius|Hex|p2a: Hitmonchan
|-damage|p2a: Hitmonchan|0 fnt
|faint|p2a: Hitmonchan
|
|upkeep
|c|★Caiovisk|posso por, mas não senti necessidade durante a partida
|choice||switch 5
|
|switch|p2a: Pinsir|Pinsir, M|271\/271
|-ability|p2a: Pinsir|Mold Breaker
|turn|21
|c| uey2|gg
|c| uey2|boa caio
|choice|move willowisp|move earthquake
|
|move|p2a: Pinsir|Earthquake|p1a: Mismagius
|-damage|p1a: Mismagius|0 fnt
|faint|p1a: Mismagius
|
|upkeep
|choice|switch 2|
|
|switch|p1a: Shiftry|Shiftry, F|321\/321
|turn|22
|c| uey2|Osloko
|choice|move suckerpunch|move earthquake
|
|move|p1a: Shiftry|Sucker Punch|p2a: Pinsir
|-damage|p2a: Pinsir|106\/271
|-damage|p1a: Shiftry|289\/321|[from] item: Life Orb
|move|p2a: Pinsir|Earthquake|p1a: Shiftry
|-resisted|p1a: Shiftry
|-damage|p1a: Shiftry|182\/321
|
|upkeep
|turn|23
|choice|move suckerpunch|move earthquake
|
|move|p1a: Shiftry|Sucker Punch|p2a: Pinsir
|-damage|p2a: Pinsir|0 fnt
|-damage|p1a: Shiftry|150\/321|[from] item: Life Orb
|faint|p2a: Pinsir
|
|win|Caiovisk
|player|p1
|player|p2
|c|★Caiovisk|gg
|c|★Caiovisk|valeu pela partida
|c| uey2|ggzou
|c|★Saintnhu|GG</script>
</div>
<div class="battle-log battle-log-inline"><div class="inner"><div class="battle-options"></div><div class="inner"><div class="chat"><small>Caiovisk joined.</small></div><div class="chat"><small>Saintnhu joined.</small></div><div class=""><small>Format:</small> <br><strong>NU</strong></div><div class=""><small><em>Baton Pass Speed Clause:</em> Limit one Baton Passer, can't pass Speed</small></div><div class=""><small><em>Sleep Clause Mod:</em> Limit one foe put to sleep</small></div><div class=""><small><em>Species Clause:</em> Limit one of each Pokémon</small></div><div class=""><small><em>OHKO Clause:</em> OHKO moves are banned</small></div><div class=""><small><em>Moody Clause:</em> Moody is banned</small></div><div class=""><small><em>Evasion Moves Clause:</em> Evasion moves are banned</small></div><div class=""><small><em>Endless Battle Clause:</em> Forcing endless battles is banned</small></div><div class=""><small><em>HP Percentage Mod:</em> HP is shown in percentages</small></div><div class=""><small><em>Swagger Clause:</em> Swagger is banned</small></div><div class=""><small><em>Baton Pass Clause:</em> Limit one Baton Passer, can't pass Spe and other stats simultaneously</small></div><div class="chat battle-history"><strong>Caiovisk's team:</strong> <em style="color:#445566;display:block;">Omastar / Shiftry / Mismagius / Mesprit / Magmortar / Tauros</em></div><div class="chat battle-history"><strong>Saintnhu's team:</strong> <em style="color:#445566;display:block;">Liepard / Pinsir / Audino / Hitmonchan / Weezing / Charizard</em></div><div class="chat chatmessage-caiovisk"><strong style="color:hsl(57,42%,38%)"><small>★</small><span class="username" data-name="Caiovisk">Caiovisk</span>:</strong> <em>vou colocar lá no post</em></div><div class="chat chatmessage-saintnhu"><strong style="color:hsl(97,59%,41.25747381584157%)"><small>★</small><span class="username" data-name="Saintnhu">Saintnhu</span>:</strong> <em>ok</em></div><div class="chat chatmessage-caiovisk"><strong style="color:hsl(57,42%,38%)"><small>★</small><span class="username" data-name="Caiovisk">Caiovisk</span>:</strong> <em>é azumarill, né?</em></div><div class="chat chatmessage-saintnhu"><strong style="color:hsl(97,59%,41.25747381584157%)"><small>★</small><span class="username" data-name="Saintnhu">Saintnhu</span>:</strong> <em>isso</em></div><div class="chat chatmessage-caiovisk"><strong style="color:hsl(57,42%,38%)"><small>★</small><span class="username" data-name="Caiovisk">Caiovisk</span>:</strong> <em>pronto</em></div><div class="chat"><small>uey2 joined.</small></div><div class="chat chatmessage-caiovisk"><strong style="color:hsl(57,42%,38%)"><small>★</small><span class="username" data-name="Caiovisk">Caiovisk</span>:</strong> <em>bom jogo!</em></div><div class="chat chatmessage-uey2"><strong style="color:hsl(328,47%,49%)"><small> </small><span class="username" data-name="uey2">uey2</span>:</strong> <em>go caio</em></div><div class="spacer battle-history"><br></div><div class="battle-history">Battle started between Caiovisk and Saintnhu!<br></div><div class="spacer battle-history"><br></div><div class="battle-history">Go! <strong>Mesprit</strong>!<br></div><div class="spacer battle-history"><br></div><div class="battle-history">Saintnhu sent out <strong>Liepard</strong>!<br></div><div class="spacer battle-history"><br></div><h2 class="battle-history">Turn 1</h2><div class="spacer battle-history"><br></div><div class="battle-history">The opposing Liepard used <strong>Taunt</strong>!<br></div><div class="battle-history"><small>Mesprit fell for the taunt!</small><br></div><div class="spacer battle-history"><br></div><div class="battle-history">Mesprit used <strong>Signal Beam</strong>!<br></div><div class="battle-history"><small>It's super effective!</small><br></div><div class="battle-history"><small>The opposing Liepard hung on using its Focus Sash!</small><br></div><div class="battle-history"><small>(The opposing Liepard lost <abbr title="−268/269">99.6%</abbr> of its health!)</small><br></div><div class="spacer battle-history"><br></div><h2 class="battle-history">Turn 2</h2><div class="spacer battle-history"><br></div><div class="battle-history">The opposing Liepard used <strong>Knock Off</strong>!<br></div><div class="battle-history"><small>It's super effective!</small><br></div><div class="battle-history"><small>Mesprit ate its Colbur Berry!</small><br></div><div class="battle-history"><small>The Colbur Berry weakened the damage to Mesprit!</small><br></div><div class="battle-history"><small>(Mesprit lost <abbr title="−121/301">40.2%</abbr> of its health!)</small><br></div><div class="spacer battle-history"><br></div><div class="battle-history">Mesprit used <strong>Signal Beam</strong>!<br></div><div class="battle-history"><small>It's super effective!</small><br></div><div class="battle-history"><small>(The opposing Liepard lost <abbr title="−1/269">0.4%</abbr> of its health!)</small><br></div><div class="spacer battle-history"><br></div><div class="battle-history">The opposing Liepard fainted!<br></div><div class="spacer battle-history"><br></div><div class="battle-history">Saintnhu sent out <strong>Pinsir</strong>!<br></div><div class="battle-history"><small>[The opposing Pinsir's Mold Breaker]</small><br><small>The opposing Pinsir breaks the mold!</small><br></div><div class="spacer battle-history"><br></div><h2 class="battle-history">Turn 3</h2><div class="spacer battle-history"><br></div><div class="battle-history">The opposing Pinsir used <strong>X-Scissor</strong>!<br></div><div class="battle-history"><small>It's super effective!</small><br></div><div class="battle-history"><small>(Mesprit lost <abbr title="−180/301">59.8%</abbr> of its health!)</small><br></div><div class="spacer battle-history"><br></div><div class="battle-history">Mesprit fainted!<br></div><div class="spacer battle-history"><br></div><div class="battle-history">Go! <strong>Magmortar</strong>!<br></div><div class="spacer battle-history"><br></div><h2 class="battle-history">Turn 4</h2><div class="spacer battle-history"><br></div><div class="battle-history">Saintnhu withdrew Pinsir!<br></div><div class="battle-history">Saintnhu sent out <strong>Weezing</strong>!<br></div><div class="spacer battle-history"><br></div><div class="battle-history">Magmortar used <strong>Fire Blast</strong>!<br></div><div class="battle-history"><small>(The opposing Weezing lost <abbr title="−228/334">68.3%</abbr> of its health!)</small><br></div><div class="spacer battle-history"><br></div><div class="battle-history"><small>The opposing Weezing restored a little HP using its Black Sludge!</small><br></div><div class="spacer battle-history"><br></div><h2 class="battle-history">Turn 5</h2><div class="spacer battle-history"><br></div><div class="battle-history">Saintnhu withdrew Weezing!<br></div><div class="battle-history">Saintnhu sent out <strong>Charizard</strong>!<br></div><div class="spacer battle-history"><br></div><div class="battle-history">Magmortar used <strong>Fire Blast</strong>!<br></div><div class="battle-history"><small>It's not very effective...</small><br></div><div class="battle-history"><small>(The opposing Charizard lost <abbr title="−78/350">22.3%</abbr> of its health!)</small><br></div><div class="spacer battle-history"><br></div><h2 class="battle-history">Turn 6</h2><div class="spacer battle-history"><br></div><div class="battle-history">Magmortar, come back!<br></div><div class="battle-history">Go! <strong>Tauros</strong>!<br></div><div class="spacer battle-history"><br></div><div class="battle-history">The opposing Charizard used <strong>Will-O-Wisp</strong>!<br></div><div class="battle-history"><small>Tauros was burned!</small><br></div><div class="spacer battle-history"><br></div><div class="battle-history"><small>Tauros was hurt by its burn!</small><br></div><div class="spacer battle-history"><br></div><h2 class="battle-history">Turn 7</h2><div class="chat"><small>Fabiuz Soul joined.</small></div><div class="chat chatmessage-fabiuzsoul"><strong style="color:hsl(339,45%,51.253244532276284%)"><small> </small><span class="username" data-name="Fabiuz Soul">Fabiuz Soul</span>:</strong> <em>boa sorte Caio</em></div><div class="chat chatmessage-caiovisk"><strong style="color:hsl(57,42%,38%)"><small>★</small><span class="username" data-name="Caiovisk">Caiovisk</span>:</strong> <em>valeu</em></div><div class="spacer battle-history"><br></div><div class="battle-history">Saintnhu withdrew Charizard!<br></div><div class="battle-history">Saintnhu sent out <strong>Weezing</strong>!<br></div><div class="spacer battle-history"><br></div><div class="battle-history">Tauros used <strong>Rock Climb</strong>!<br></div><div class="battle-history"><small>(The opposing Weezing lost <abbr title="−83/334">24.9%</abbr> of its health!)</small><br></div><div class="spacer battle-history"><br></div><div class="battle-history"><small>The opposing Weezing restored a little HP using its Black Sludge!</small><br></div><div class="battle-history"><small>Tauros was hurt by its burn!</small><br></div><div class="spacer battle-history"><br></div><h2 class="battle-history">Turn 8</h2><div class="spacer battle-history"><br></div><div class="battle-history">Saintnhu withdrew Weezing!<br></div><div class="battle-history">Saintnhu sent out <strong>Hitmonchan</strong>!<br></div><div class="spacer battle-history"><br></div><div class="battle-history">Tauros used <strong>Rock Climb</strong>!<br></div><div class="battle-history"><small>(The opposing Hitmonchan lost <abbr title="−125/250">50%</abbr> of its health!)</small><br></div><div class="spacer battle-history"><br></div><div class="battle-history"><small>Tauros was hurt by its burn!</small><br></div><div class="spacer battle-history"><br></div><h2 class="battle-history">Turn 9</h2><div class="chat chatmessage-uey2"><strong style="color:hsl(328,47%,49%)"><small> </small><span class="username" data-name="uey2">uey2</span>:</strong> <em>orra que taurus bruto</em></div><div class="spacer battle-history"><br></div><div class="battle-history">Tauros, come back!<br></div><div class="battle-history">Go! <strong>Mismagius</strong>!<br></div><div class="spacer battle-history"><br></div><div class="battle-history">The opposing Hitmonchan used <strong>Mach Punch</strong>!<br></div><div class="battle-history"><small>It doesn't affect Mismagius...</small><br></div><div class="spacer battle-history"><br></div><h2 class="battle-history">Turn 10</h2><div class="spacer battle-history"><br></div><div class="battle-history">Mismagius, come back!<br></div><div class="battle-history">Go! <strong>Magmortar</strong>!<br></div><div class="spacer battle-history"><br></div><div class="battle-history">The opposing Hitmonchan used <strong>Ice Punch</strong>!<br></div><div class="battle-history"><small>It's not very effective...</small><br></div><div class="battle-history"><small>(Magmortar lost <abbr title="−83/307">27.0%</abbr> of its health!)</small><br></div><div class="spacer battle-history"><br></div><h2 class="battle-history">Turn 11</h2><div class="spacer battle-history"><br></div><div class="battle-history">Saintnhu withdrew Hitmonchan!<br></div><div class="battle-history">Saintnhu sent out <strong>Weezing</strong>!<br></div><div class="spacer battle-history"><br></div><div class="battle-history">Magmortar used <strong>Fire Blast</strong>!<br></div><div class="battle-history"><small>(The opposing Weezing lost <abbr title="−63/334">18.9%</abbr> of its health!)</small><br></div><div class="spacer battle-history"><br></div><div class="battle-history">The opposing Weezing fainted!<br></div><div class="spacer battle-history"><br></div><div class="battle-history">Saintnhu sent out <strong>Charizard</strong>!<br></div><div class="spacer battle-history"><br></div><h2 class="battle-history">Turn 12</h2><div class="spacer battle-history"><br></div><div class="battle-history">Magmortar used <strong>Thunderbolt</strong>!<br></div><div class="battle-history"><small>It's super effective!</small><br></div><div class="battle-history"><small>(The opposing Charizard lost <abbr title="−178/350">50.9%</abbr> of its health!)</small><br></div><div class="spacer battle-history"><br></div><div class="battle-history">The opposing Charizard used <strong>Swords Dance</strong>!<br></div><div class="battle-history"><small>The opposing Charizard's Attack rose sharply!</small><br></div><div class="spacer battle-history"><br></div><h2 class="battle-history">Turn 13</h2><div class="spacer battle-history"><br></div><div class="battle-history">Saintnhu withdrew Charizard!<br></div><div class="battle-history">Saintnhu sent out <strong>Audino</strong>!<br></div><div class="spacer battle-history"><br></div><div class="battle-history">Magmortar used <strong>Thunderbolt</strong>!<br></div><div class="battle-history"><small>(The opposing Audino lost <abbr title="−120/395">30.4%</abbr> of its health!)</small><br></div><div class="battle-history"><small>The opposing Audino is paralyzed! It may be unable to move!</small><br></div><div class="spacer battle-history"><br></div><h2 class="battle-history">Turn 14</h2><div class="spacer battle-history"><br></div><div class="battle-history"><small>The opposing Audino's Audinite is reacting to Saintnhu's Mega Bracelet!</small><br>The opposing Audino has Mega Evolved into Mega Audino!<br></div><div class="spacer battle-history"><br></div><div class="battle-history">Magmortar used <strong>Fire Blast</strong>!<br></div><div class="battle-history"><small>(The opposing Audino lost <abbr title="−165/395">41.8%</abbr> of its health!)</small><br></div><div class="spacer battle-history"><br></div><div class="battle-history">The opposing Audino used <strong>Healing Wish</strong>!<br></div><div class="spacer battle-history"><br></div><div class="battle-history">The opposing Audino fainted!<br></div><div class="spacer battle-history"><br></div><div class="battle-history">Saintnhu sent out <strong>Hitmonchan</strong>!<br></div><div class="battle-history"><small>The healing wish came true for the opposing Hitmonchan!</small><br></div><div class="spacer battle-history"><br></div><h2 class="battle-history">Turn 15</h2><div class="spacer battle-history"><br></div><div class="battle-history">Magmortar, come back!<br></div><div class="battle-history">Go! <strong>Tauros</strong>!<br></div><div class="spacer battle-history"><br></div><div class="battle-history">The opposing Hitmonchan used <strong>Drain Punch</strong>!<br></div><div class="battle-history"><small>It's super effective!</small><br></div><div class="battle-history"><small>(Tauros lost <abbr title="−183/291">62.9%</abbr> of its health!)</small><br></div><div class="spacer battle-history"><br></div><div class="battle-history">Tauros fainted!<br></div><div class="spacer battle-history"><br></div><div class="battle-history">Go! <strong>Mismagius</strong>!<br></div><div class="spacer battle-history"><br></div><h2 class="battle-history">Turn 16</h2><div class="spacer battle-history"><br></div><div class="battle-history">Mismagius used <strong>Will-O-Wisp</strong>!<br></div><div class="battle-history"><small>The opposing Hitmonchan was burned!</small><br></div><div class="spacer battle-history"><br></div><div class="battle-history">The opposing Hitmonchan used <strong>Ice Punch</strong>!<br></div><div class="battle-history"><small>(Mismagius lost <abbr title="−70/324">21.6%</abbr> of its health!)</small><br></div><div class="spacer battle-history"><br></div><div class="battle-history"><small>The opposing Hitmonchan was hurt by its burn!</small><br></div><div class="spacer battle-history"><br></div><h2 class="battle-history">Turn 17</h2><div class="chat chatmessage-uey2"><strong style="color:hsl(328,47%,49%)"><small> </small><span class="username" data-name="uey2">uey2</span>:</strong> <em>nicee caio</em></div><div class="chat chatmessage-fabiuzsoul"><strong style="color:hsl(339,45%,51.253244532276284%)"><small> </small><span class="username" data-name="Fabiuz Soul">Fabiuz Soul</span>:</strong> <em>Torei um aço da porra aqui torcendo pra isso não missar</em></div><div class="spacer battle-history"><br></div><div class="battle-history">Saintnhu withdrew Hitmonchan!<br></div><div class="battle-history">Saintnhu sent out <strong>Charizard</strong>!<br></div><div class="spacer battle-history"><br></div><div class="battle-history">Mismagius used <strong>Hex</strong>!<br></div><div class="battle-history"><small>(The opposing Charizard lost <abbr title="−69/350">19.7%</abbr> of its health!)</small><br></div><div class="spacer battle-history"><br></div><h2 class="battle-history">Turn 18</h2><div class="spacer battle-history"><br></div><div class="battle-history">Mismagius used <strong>Hex</strong>!<br></div><div class="battle-history"><small>(The opposing Charizard lost <abbr title="−25/350">7.1%</abbr> of its health!)</small><br></div><div class="spacer battle-history"><br></div><div class="battle-history">The opposing Charizard fainted!<br></div><div class="chat chatmessage-fabiuzsoul"><strong style="color:hsl(339,45%,51.253244532276284%)"><small> </small><span class="username" data-name="Fabiuz Soul">Fabiuz Soul</span>:</strong> <em>kd timer</em></div><div class="spacer battle-history"><br></div><div class="battle-history">Saintnhu sent out <strong>Hitmonchan</strong>!<br></div><div class="spacer battle-history"><br></div><h2 class="battle-history">Turn 19</h2><div class="spacer battle-history"><br></div><div class="battle-history">Mismagius used <strong>Hex</strong>!<br></div><div class="battle-history"><small>(The opposing Hitmonchan lost <abbr title="−91/250">36.4%</abbr> of its health!)</small><br></div><div class="spacer battle-history"><br></div><div class="battle-history">The opposing Hitmonchan used <strong>Ice Punch</strong>!<br></div><div class="battle-history"><small>(Mismagius lost <abbr title="−71/324">21.9%</abbr> of its health!)</small><br></div><div class="spacer battle-history"><br></div><div class="battle-history"><small>The opposing Hitmonchan was hurt by its burn!</small><br></div><div class="spacer battle-history"><br></div><h2 class="battle-history">Turn 20</h2><div class="spacer battle-history"><br></div><div class="battle-history">Mismagius used <strong>Hex</strong>!<br></div><div class="battle-history"><small>(The opposing Hitmonchan lost <abbr title="−97/250">38.8%</abbr> of its health!)</small><br></div><div class="spacer battle-history"><br></div><div class="battle-history">The opposing Hitmonchan fainted!<br></div><div class="chat chatmessage-caiovisk"><strong style="color:hsl(57,42%,38%)"><small>★</small><span class="username" data-name="Caiovisk">Caiovisk</span>:</strong> <em>posso por, mas não senti necessidade durante a partida</em></div><div class="spacer battle-history"><br></div><div class="battle-history">Saintnhu sent out <strong>Pinsir</strong>!<br></div><div class="battle-history"><small>[The opposing Pinsir's Mold Breaker]</small><br><small>The opposing Pinsir breaks the mold!</small><br></div><div class="spacer battle-history"><br></div><h2 class="battle-history">Turn 21</h2><div class="chat chatmessage-uey2"><strong style="color:hsl(328,47%,49%)"><small> </small><span class="username" data-name="uey2">uey2</span>:</strong> <em>gg</em></div><div class="chat chatmessage-uey2"><strong style="color:hsl(328,47%,49%)"><small> </small><span class="username" data-name="uey2">uey2</span>:</strong> <em>boa caio</em></div><div class="spacer battle-history"><br></div><div class="battle-history">The opposing Pinsir used <strong>Earthquake</strong>!<br></div><div class="battle-history"><small>(Mismagius lost <abbr title="−183/324">56.5%</abbr> of its health!)</small><br></div><div class="spacer battle-history"><br></div><div class="battle-history">Mismagius fainted!<br></div><div class="spacer battle-history"><br></div><div class="battle-history">Go! <strong>Shiftry</strong>!<br></div><div class="spacer battle-history"><br></div><h2 class="battle-history">Turn 22</h2><div class="chat chatmessage-uey2"><strong style="color:hsl(328,47%,49%)"><small> </small><span class="username" data-name="uey2">uey2</span>:</strong> <em>Osloko</em></div><div class="spacer battle-history"><br></div><div class="battle-history">Shiftry used <strong>Sucker Punch</strong>!<br></div><div class="battle-history"><small>(The opposing Pinsir lost <abbr title="−165/271">60.9%</abbr> of its health!)</small><br></div><div class="battle-history"><small>Shiftry lost some of its HP!</small><br></div><div class="spacer battle-history"><br></div><div class="battle-history">The opposing Pinsir used <strong>Earthquake</strong>!<br></div><div class="battle-history"><small>It's not very effective...</small><br></div><div class="battle-history"><small>(Shiftry lost <abbr title="−107/321">33.3%</abbr> of its health!)</small><br></div><div class="spacer battle-history"><br></div><h2 class="battle-history">Turn 23</h2><div class="spacer battle-history"><br></div><div class="battle-history">Shiftry used <strong>Sucker Punch</strong>!<br></div><div class="battle-history"><small>(The opposing Pinsir lost <abbr title="−106/271">39.1%</abbr> of its health!)</small><br></div><div class="battle-history"><small>Shiftry lost some of its HP!</small><br></div><div class="spacer battle-history"><br></div><div class="battle-history">The opposing Pinsir fainted!<br></div><div class="spacer battle-history"><br></div><div class="battle-history"><strong>Caiovisk</strong> won the battle!<br></div><div class="chat chatmessage-caiovisk"><strong style="color:hsl(57,42%,38%)"><small>★</small><span class="username" data-name="Caiovisk">Caiovisk</span>:</strong> <em>gg</em></div><div class="chat chatmessage-caiovisk"><strong style="color:hsl(57,42%,38%)"><small>★</small><span class="username" data-name="Caiovisk">Caiovisk</span>:</strong> <em>valeu pela partida</em></div><div class="chat chatmessage-uey2"><strong style="color:hsl(328,47%,49%)"><small> </small><span class="username" data-name="uey2">uey2</span>:</strong> <em>ggzou</em></div><div class="chat chatmessage-saintnhu"><strong style="color:hsl(97,59%,41.25747381584157%)"><small>★</small><span class="username" data-name="Saintnhu">Saintnhu</span>:</strong> <em>GG</em></div></div><div class="inner-preempt"></div></div></div>
</div>
<script>
let daily = Math.floor(Date.now()/1000/60/60/24);document.write('<script src="https://play.pokemonshowdown.com/js/replay-embed.js?version'+daily+'"></'+'script>');
</script>
