<!DOCTYPE html>
<meta charset="utf-8" />
<!-- version 1 -->
<title>NU replay: trollmyfate vs. nienmachine</title>
<style>
html,body {font-family:Verdana, sans-serif;font-size:10pt;margin:0;padding:0;}body{padding:12px 0;} .battle-log {font-family:Verdana, sans-serif;font-size:10pt;} .battle-log-inline {border:1px solid #AAAAAA;background:#EEF2F5;color:black;max-width:640px;margin:0 auto 80px;padding-bottom:5px;} .battle-log .inner {padding:4px 8px 0px 8px;} .battle-log .inner-preempt {padding:0 8px 4px 8px;} .battle-log .inner-after {margin-top:0.5em;} .battle-log h2 {margin:0.5em -8px;padding:4px 8px;border:1px solid #AAAAAA;background:#E0E7EA;border-left:0;border-right:0;font-family:Verdana, sans-serif;font-size:13pt;} .battle-log .chat {vertical-align:middle;padding:3px 0 3px 0;font-size:8pt;} .battle-log .chat strong {color:#40576A;} .battle-log .chat em {padding:1px 4px 1px 3px;color:#000000;font-style:normal;} .chat.mine {background:rgba(0,0,0,0.05);margin-left:-8px;margin-right:-8px;padding-left:8px;padding-right:8px;} .spoiler {color:#BBBBBB;background:#BBBBBB;padding:0px 3px;} .spoiler:hover, .spoiler:active, .spoiler-shown {color:#000000;background:#E2E2E2;padding:0px 3px;} .spoiler a {color:#BBBBBB;} .spoiler:hover a, .spoiler:active a, .spoiler-shown a {color:#2288CC;} .chat code, .chat .spoiler:hover code, .chat .spoiler:active code, .chat .spoiler-shown code {border:1px solid #C0C0C0;background:#EEEEEE;color:black;padding:0 2px;} .chat .spoiler code {border:1px solid #CCCCCC;background:#CCCCCC;color:#CCCCCC;} .battle-log .rated {padding:3px 4px;} .battle-log .rated strong {color:white;background:#89A;padding:1px 4px;border-radius:4px;} .spacer {margin-top:0.5em;} .message-announce {background:#6688AA;color:white;padding:1px 4px 2px;} .message-announce a, .broadcast-green a, .broadcast-blue a, .broadcast-red a {color:#DDEEFF;} .broadcast-green {background-color:#559955;color:white;padding:2px 4px;} .broadcast-blue {background-color:#6688AA;color:white;padding:2px 4px;} .infobox {border:1px solid #6688AA;padding:2px 4px;} .infobox-limited {max-height:200px;overflow:auto;overflow-x:hidden;} .broadcast-red {background-color:#AA5544;color:white;padding:2px 4px;} .message-learn-canlearn {font-weight:bold;color:#228822;text-decoration:underline;} .message-learn-cannotlearn {font-weight:bold;color:#CC2222;text-decoration:underline;} .message-effect-weak {font-weight:bold;color:#CC2222;} .message-effect-resist {font-weight:bold;color:#6688AA;} .message-effect-immune {font-weight:bold;color:#666666;} .message-learn-list {margin-top:0;margin-bottom:0;} .message-throttle-notice, .message-error {color:#992222;} .message-overflow, .chat small.message-overflow {font-size:0pt;} .message-overflow::before {font-size:9pt;content:'...';} .subtle {color:#3A4A66;}
</style>
<div class="wrapper replay-wrapper" style="max-width:1180px;margin:0 auto">
<input type="hidden" name="replayid" value="nu-565912385" />
<div class="battle"></div><div class="battle-log"></div><div class="replay-controls"></div><div class="replay-controls-2"></div>
<h1 style="font-weight:normal;text-align:center"><strong>NU</strong><br /><a href="http://pokemonshowdown.com/users/trollmyfate" class="subtle" target="_blank">trollmyfate</a> vs. <a href="http://pokemonshowdown.com/users/nienmachine" class="subtle" target="_blank">nienmachine</a></h1>
<script type="text/plain" class="battle-log-data">|j|trollmyfate
|j|nienmachine
|player|p1|trollmyfate|290
|player|p2|nienmachine|269
|gametype|singles
|gen|6
|tier|NU
|rated
|seed|6967,22073,60179,58792
|rule|Sleep Clause Mod: Limit one foe put to sleep
|rule|Species Clause: Limit one of each Pokémon
|rule|OHKO Clause: OHKO moves are banned
|rule|Moody Clause: Moody is banned
|rule|Evasion Moves Clause: Evasion moves are banned
|rule|Endless Battle Clause: Forcing endless battles is banned
|rule|HP Percentage Mod: HP is shown in percentages
|clearpoke
|poke|p1|Aggron, M|item
|poke|p1|Kecleon, M|item
|poke|p1|Sandslash, F|item
|poke|p1|Swellow, M|item
|poke|p1|Lanturn, F|item
|poke|p1|Haunter, F|item
|poke|p2|Scyther, M|item
|poke|p2|Rhydon, M|item
|poke|p2|Ampharos, F|item
|poke|p2|Kecleon, M|item
|poke|p2|Duosion, F|item
|poke|p2|Pyroar, M|item
|rule|Swagger Clause: Swagger is banned
|rule|Baton Pass Clause: Limit one Baton Passer, can't pass Spe and other stats simultaneously
|teampreview
|choice|team 2, team 1, team 3, team 4, team 5, team 6|team 1, team 2, team 3, team 4, team 5, team 6
|
|start
|switch|p1a: Kecleon|Kecleon, M|323\/323
|switch|p2a: Scyther|Scyther, M|343\/343
|turn|1
|choice|move knockoff|move bugbite
|
|move|p2a: Scyther|Bug Bite|p1a: Kecleon
|-damage|p1a: Kecleon|131\/323
|move|p1a: Kecleon|Knock Off|p2a: Scyther
|-start|p1a: Kecleon|typechange|Dark|[from] Protean
|-damage|p2a: Scyther|253\/343
|-enditem|p2a: Scyther|Eviolite|[from] move: Knock Off|[of] p1a: Kecleon
|
|-heal|p1a: Kecleon|151\/323|[from] item: Leftovers
|upkeep
|turn|2
|choice|switch 3|move quickattack
|
|switch|p1a: Sandslash|Sandslash, F|353\/353
|move|p2a: Scyther|Quick Attack|p1a: Sandslash
|-damage|p1a: Sandslash|302\/353
|
|-heal|p1a: Sandslash|324\/353|[from] item: Leftovers
|upkeep
|turn|3
|choice|move stealthrock|move aerialace
|
|move|p2a: Scyther|Aerial Ace|p1a: Sandslash
|-damage|p1a: Sandslash|215\/353
|move|p1a: Sandslash|Stealth Rock|p2a: Scyther
|-sidestart|p2: nienmachine|move: Stealth Rock
|
|-heal|p1a: Sandslash|237\/353|[from] item: Leftovers
|upkeep
|turn|4
|choice|move stoneedge|move aerialace
|
|move|p2a: Scyther|Aerial Ace|p1a: Sandslash
|-damage|p1a: Sandslash|128\/353
|move|p1a: Sandslash|Stone Edge|p2a: Scyther
|-supereffective|p2a: Scyther
|-damage|p2a: Scyther|0 fnt
|faint|p2a: Scyther
|
|-heal|p1a: Sandslash|150\/353|[from] item: Leftovers
|upkeep
|choice||switch 2
|
|switch|p2a: Rhydon|Rhydon, M|414\/414
|-damage|p2a: Rhydon|389\/414|[from] Stealth Rock
|turn|5
|choice|move earthquake|move earthquake
|
|move|p1a: Sandslash|Earthquake|p2a: Rhydon
|-supereffective|p2a: Rhydon
|-damage|p2a: Rhydon|171\/414
|move|p2a: Rhydon|Earthquake|p1a: Sandslash
|-damage|p1a: Sandslash|9\/353
|
|-heal|p1a: Sandslash|31\/353|[from] item: Leftovers
|upkeep
|turn|6
|choice|move earthquake|move stoneedge
|
|move|p1a: Sandslash|Earthquake|p2a: Rhydon
|-supereffective|p2a: Rhydon
|-crit|p2a: Rhydon
|-damage|p2a: Rhydon|0 fnt
|faint|p2a: Rhydon
|
|-heal|p1a: Sandslash|53\/353|[from] item: Leftovers
|upkeep
|choice||switch 5
|
|switch|p2a: Duosion|Duosion, F|334\/334
|turn|7
|choice|switch 3|move energyball
|
|switch|p1a: Kecleon|Kecleon, M|151\/323
|move|p2a: Duosion|Energy Ball|p1a: Kecleon
|-damage|p1a: Kecleon|81\/323
|
|-heal|p1a: Kecleon|101\/323|[from] item: Leftovers
|upkeep
|turn|8
|choice|move knockoff|move psychic
|
|move|p1a: Kecleon|Knock Off|p2a: Duosion
|-start|p1a: Kecleon|typechange|Dark|[from] Protean
|-supereffective|p2a: Duosion
|-damage|p2a: Duosion|112\/334
|-enditem|p2a: Duosion|Eviolite|[from] move: Knock Off|[of] p1a: Kecleon
|move|p2a: Duosion|Psychic|p1a: Kecleon
|-immune|p1a: Kecleon|[msg]
|
|-heal|p1a: Kecleon|121\/323|[from] item: Leftovers
|upkeep
|turn|9
|choice|move knockoff|move flashcannon
|
|move|p1a: Kecleon|Knock Off|p2a: Duosion
|-supereffective|p2a: Duosion
|-damage|p2a: Duosion|0 fnt
|faint|p2a: Duosion
|
|-heal|p1a: Kecleon|141\/323|[from] item: Leftovers
|upkeep
|choice||switch 6
|
|switch|p2a: Pyroar|Pyroar, M|313\/313
|-damage|p2a: Pyroar|235\/313|[from] Stealth Rock
|turn|10
|choice|switch 5|move hypervoice
|
|switch|p1a: Lanturn|Lanturn, F|393\/393
|move|p2a: Pyroar|Hyper Voice|p1a: Lanturn
|-damage|p1a: Lanturn|329\/393
|
|-heal|p2a: Pyroar|254\/313|[from] item: Leftovers
|upkeep
|turn|11
|choice|move scald|switch 3
|
|switch|p2a: Ampharos|Ampharos, F|383\/383
|-damage|p2a: Ampharos|336\/383|[from] Stealth Rock
|move|p1a: Lanturn|Scald|p2a: Ampharos
|-damage|p2a: Ampharos|257\/383
|
|upkeep
|turn|12
|choice|move voltswitch|move toxic
|
|move|p1a: Lanturn|Volt Switch|p2a: Ampharos
|-resisted|p2a: Ampharos
|-damage|p2a: Ampharos|224\/383
|choice|switch 3|
|
|switch|p1a: Sandslash|Sandslash, F|53\/353
|move|p2a: Ampharos|Toxic|p1a: Sandslash
|-status|p1a: Sandslash|tox
|
|-heal|p1a: Sandslash|75\/353 tox|[from] item: Leftovers
|-damage|p1a: Sandslash|53\/353 tox|[from] psn
|upkeep
|turn|13
|choice|move earthquake|move powergem
|
|move|p1a: Sandslash|Earthquake|p2a: Ampharos
|-supereffective|p2a: Ampharos
|-damage|p2a: Ampharos|0 fnt
|faint|p2a: Ampharos
|
|-heal|p1a: Sandslash|75\/353 tox|[from] item: Leftovers
|-damage|p1a: Sandslash|31\/353 tox|[from] psn
|upkeep
|choice||switch 4
|
|switch|p2a: Kecleon|Kecleon, M|324\/324
|-damage|p2a: Kecleon|284\/324|[from] Stealth Rock
|turn|14
|choice|move earthquake|move nastyplot
|
|move|p1a: Sandslash|Earthquake|p2a: Kecleon
|-damage|p2a: Kecleon|122\/324
|move|p2a: Kecleon|Nasty Plot|p2a: Kecleon
|-start|p2a: Kecleon|typechange|Dark|[from] Protean
|-boost|p2a: Kecleon|spa|2
|
|-heal|p1a: Sandslash|53\/353 tox|[from] item: Leftovers
|-heal|p2a: Kecleon|142\/324|[from] item: Leftovers
|-damage|p1a: Sandslash|0 fnt|[from] psn
|upkeep
|faint|p1a: Sandslash
|choice|switch 2|
|
|switch|p1a: Aggron|Aggron, M|281\/281
|turn|15
|choice|move superpower|move fireblast
|
|move|p1a: Aggron|Superpower|p2a: Kecleon
|-supereffective|p2a: Kecleon
|-damage|p2a: Kecleon|0 fnt
|-unboost|p1a: Aggron|atk|1
|-unboost|p1a: Aggron|def|1
|-damage|p1a: Aggron|253\/281|[from] item: Life Orb
|faint|p2a: Kecleon
|
|upkeep
|choice||switch 3
|
|switch|p2a: Pyroar|Pyroar, M|254\/313
|-damage|p2a: Pyroar|176\/313|[from] Stealth Rock
|turn|16
|choice|move headsmash|move fireblast
|
|move|p2a: Pyroar|Fire Blast|p1a: Aggron
|-damage|p1a: Aggron|0 fnt
|faint|p1a: Aggron
|
|-heal|p2a: Pyroar|195\/313|[from] item: Leftovers
|upkeep
|choice|switch 3|
|
|switch|p1a: Lanturn|Lanturn, F|329\/393
|turn|17
|choice|move scald|move darkpulse
|
|move|p2a: Pyroar|Dark Pulse|p1a: Lanturn
|-crit|p1a: Lanturn
|-damage|p1a: Lanturn|270\/393
|cant|p1a: Lanturn|flinch
|
|-heal|p2a: Pyroar|214\/313|[from] item: Leftovers
|upkeep
|turn|18
|choice|move scald|move hypervoice
|
|move|p2a: Pyroar|Hyper Voice|p1a: Lanturn
|-damage|p1a: Lanturn|203\/393
|move|p1a: Lanturn|Scald|p2a: Pyroar
|-supereffective|p2a: Pyroar
|-damage|p2a: Pyroar|0 fnt
|faint|p2a: Pyroar
|
|win|trollmyfate
|l|nienmachine
|raw|trollmyfate's rating: 1000 &rarr; <strong>1049<\/strong><br \/>(+49 for winning)
|raw|nienmachine's rating: 1082 &rarr; <strong>1055<\/strong><br \/>(-27 for losing)</script>
</div>
<div class="battle-log battle-log-inline"><div class="inner"><div class="battle-options"></div><div class="inner"><div class="chat"><small>trollmyfate joined.</small></div><div class="chat"><small>nienmachine joined.</small></div><div class=""><small>Format:</small> <br><strong>NU</strong></div><div class="rated"><strong>Rated battle</strong></div><div class=""><small><em>Sleep Clause Mod:</em> Limit one foe put to sleep</small></div><div class=""><small><em>Species Clause:</em> Limit one of each Pokémon</small></div><div class=""><small><em>OHKO Clause:</em> OHKO moves are banned</small></div><div class=""><small><em>Moody Clause:</em> Moody is banned</small></div><div class=""><small><em>Evasion Moves Clause:</em> Evasion moves are banned</small></div><div class=""><small><em>Endless Battle Clause:</em> Forcing endless battles is banned</small></div><div class=""><small><em>HP Percentage Mod:</em> HP is shown in percentages</small></div><div class=""><small><em>Swagger Clause:</em> Swagger is banned</small></div><div class=""><small><em>Baton Pass Clause:</em> Limit one Baton Passer, can't pass Spe and other stats simultaneously</small></div><div class="chat battle-history"><strong>trollmyfate's team:</strong> <em style="color:#445566;display:block;">Aggron / Kecleon / Sandslash / Swellow / Lanturn / Haunter</em></div><div class="chat battle-history"><strong>nienmachine's team:</strong> <em style="color:#445566;display:block;">Scyther / Rhydon / Ampharos / Kecleon / Duosion / Pyroar</em></div><div class="spacer battle-history"><br></div><div class="battle-history">Battle started between trollmyfate and nienmachine!<br></div><div class="spacer battle-history"><br></div><div class="battle-history">Go! <strong>Kecleon</strong>!<br></div><div class="spacer battle-history"><br></div><div class="battle-history">nienmachine sent out <strong>Scyther</strong>!<br></div><div class="spacer battle-history"><br></div><h2 class="battle-history">Turn 1</h2><div class="spacer battle-history"><br></div><div class="battle-history">The opposing Scyther used <strong>Bug Bite</strong>!<br></div><div class="battle-history"><small>(Kecleon lost <abbr title="−192/323">59.4%</abbr> of its health!)</small><br></div><div class="spacer battle-history"><br></div><div class="battle-history">Kecleon used <strong>Knock Off</strong>!<br></div><div class="spacer battle-history"><br></div><div class="battle-history"><small>[Kecleon's Protean]</small><br><small>Kecleon transformed into the Dark type!</small><br></div><div class="battle-history"><small>(The opposing Scyther lost <abbr title="−90/343">26.2%</abbr> of its health!)</small><br></div><div class="battle-history"><small>Kecleon knocked off the opposing Scyther's Eviolite!</small><br></div><div class="spacer battle-history"><br></div><div class="battle-history"><small>Kecleon restored a little HP using its Leftovers!</small><br></div><div class="spacer battle-history"><br></div><h2 class="battle-history">Turn 2</h2><div class="spacer battle-history"><br></div><div class="battle-history">Kecleon, come back!<br></div><div class="battle-history">Go! <strong>Sandslash</strong>!<br></div><div class="spacer battle-history"><br></div><div class="battle-history">The opposing Scyther used <strong>Quick Attack</strong>!<br></div><div class="battle-history"><small>(Sandslash lost <abbr title="−51/353">14.4%</abbr> of its health!)</small><br></div><div class="spacer battle-history"><br></div><div class="battle-history"><small>Sandslash restored a little HP using its Leftovers!</small><br></div><div class="spacer battle-history"><br></div><h2 class="battle-history">Turn 3</h2><div class="spacer battle-history"><br></div><div class="battle-history">The opposing Scyther used <strong>Aerial Ace</strong>!<br></div><div class="battle-history"><small>(Sandslash lost <abbr title="−109/353">30.9%</abbr> of its health!)</small><br></div><div class="spacer battle-history"><br></div><div class="battle-history">Sandslash used <strong>Stealth Rock</strong>!<br></div><div class="battle-history"><small>Pointed stones float in the air around the opposing team!</small><br></div><div class="spacer battle-history"><br></div><div class="battle-history"><small>Sandslash restored a little HP using its Leftovers!</small><br></div><div class="spacer battle-history"><br></div><h2 class="battle-history">Turn 4</h2><div class="spacer battle-history"><br></div><div class="battle-history">The opposing Scyther used <strong>Aerial Ace</strong>!<br></div><div class="battle-history"><small>(Sandslash lost <abbr title="−109/353">30.9%</abbr> of its health!)</small><br></div><div class="spacer battle-history"><br></div><div class="battle-history">Sandslash used <strong>Stone Edge</strong>!<br></div><div class="battle-history"><small>It's super effective!</small><br></div><div class="battle-history"><small>(The opposing Scyther lost <abbr title="−253/343">73.8%</abbr> of its health!)</small><br></div><div class="spacer battle-history"><br></div><div class="battle-history">The opposing Scyther fainted!<br></div><div class="spacer battle-history"><br></div><div class="battle-history"><small>Sandslash restored a little HP using its Leftovers!</small><br></div><div class="spacer battle-history"><br></div><div class="battle-history">nienmachine sent out <strong>Rhydon</strong>!<br></div><div class="battle-history"><small>Pointed stones dug into the opposing Rhydon!</small><br></div><div class="spacer battle-history"><br></div><h2 class="battle-history">Turn 5</h2><div class="spacer battle-history"><br></div><div class="battle-history">Sandslash used <strong>Earthquake</strong>!<br></div><div class="battle-history"><small>It's super effective!</small><br></div><div class="battle-history"><small>(The opposing Rhydon lost <abbr title="−218/414">52.7%</abbr> of its health!)</small><br></div><div class="spacer battle-history"><br></div><div class="battle-history">The opposing Rhydon used <strong>Earthquake</strong>!<br></div><div class="battle-history"><small>(Sandslash lost <abbr title="−141/353">39.9%</abbr> of its health!)</small><br></div><div class="spacer battle-history"><br></div><div class="battle-history"><small>Sandslash restored a little HP using its Leftovers!</small><br></div><div class="spacer battle-history"><br></div><h2 class="battle-history">Turn 6</h2><div class="spacer battle-history"><br></div><div class="battle-history">Sandslash used <strong>Earthquake</strong>!<br></div><div class="battle-history"><small>It's super effective!</small><br></div><div class="battle-history"><small>A critical hit!</small><br></div><div class="battle-history"><small>(The opposing Rhydon lost <abbr title="−171/414">41.3%</abbr> of its health!)</small><br></div><div class="spacer battle-history"><br></div><div class="battle-history">The opposing Rhydon fainted!<br></div><div class="spacer battle-history"><br></div><div class="battle-history"><small>Sandslash restored a little HP using its Leftovers!</small><br></div><div class="spacer battle-history"><br></div><div class="battle-history">nienmachine sent out <strong>Duosion</strong>!<br></div><div class="spacer battle-history"><br></div><h2 class="battle-history">Turn 7</h2><div class="spacer battle-history"><br></div><div class="battle-history">Sandslash, come back!<br></div><div class="battle-history">Go! <strong>Kecleon</strong>!<br></div><div class="spacer battle-history"><br></div><div class="battle-history">The opposing Duosion used <strong>Energy Ball</strong>!<br></div><div class="battle-history"><small>(Kecleon lost <abbr title="−70/323">21.7%</abbr> of its health!)</small><br></div><div class="spacer battle-history"><br></div><div class="battle-history"><small>Kecleon restored a little HP using its Leftovers!</small><br></div><div class="spacer battle-history"><br></div><h2 class="battle-history">Turn 8</h2><div class="spacer battle-history"><br></div><div class="battle-history">Kecleon used <strong>Knock Off</strong>!<br></div><div class="spacer battle-history"><br></div><div class="battle-history"><small>[Kecleon's Protean]</small><br><small>Kecleon transformed into the Dark type!</small><br></div><div class="battle-history"><small>It's super effective!</small><br></div><div class="battle-history"><small>(The opposing Duosion lost <abbr title="−222/334">66.5%</abbr> of its health!)</small><br></div><div class="battle-history"><small>Kecleon knocked off the opposing Duosion's Eviolite!</small><br></div><div class="spacer battle-history"><br></div><div class="battle-history">The opposing Duosion used <strong>Psychic</strong>!<br></div><div class="battle-history"><small>It doesn't affect Kecleon...</small><br></div><div class="spacer battle-history"><br></div><div class="battle-history"><small>Kecleon restored a little HP using its Leftovers!</small><br></div><div class="spacer battle-history"><br></div><h2 class="battle-history">Turn 9</h2><div class="spacer battle-history"><br></div><div class="battle-history">Kecleon used <strong>Knock Off</strong>!<br></div><div class="battle-history"><small>It's super effective!</small><br></div><div class="battle-history"><small>(The opposing Duosion lost <abbr title="−112/334">33.5%</abbr> of its health!)</small><br></div><div class="spacer battle-history"><br></div><div class="battle-history">The opposing Duosion fainted!<br></div><div class="spacer battle-history"><br></div><div class="battle-history"><small>Kecleon restored a little HP using its Leftovers!</small><br></div><div class="spacer battle-history"><br></div><div class="battle-history">nienmachine sent out <strong>Pyroar</strong>!<br></div><div class="battle-history"><small>Pointed stones dug into the opposing Pyroar!</small><br></div><div class="spacer battle-history"><br></div><h2 class="battle-history">Turn 10</h2><div class="spacer battle-history"><br></div><div class="battle-history">Kecleon, come back!<br></div><div class="battle-history">Go! <strong>Lanturn</strong>!<br></div><div class="spacer battle-history"><br></div><div class="battle-history">The opposing Pyroar used <strong>Hyper Voice</strong>!<br></div><div class="battle-history"><small>(Lanturn lost <abbr title="−64/393">16.3%</abbr> of its health!)</small><br></div><div class="spacer battle-history"><br></div><div class="battle-history"><small>The opposing Pyroar restored a little HP using its Leftovers!</small><br></div><div class="spacer battle-history"><br></div><h2 class="battle-history">Turn 11</h2><div class="spacer battle-history"><br></div><div class="battle-history">nienmachine withdrew Pyroar!<br></div><div class="battle-history">nienmachine sent out <strong>Ampharos</strong>!<br></div><div class="battle-history"><small>Pointed stones dug into the opposing Ampharos!</small><br></div><div class="spacer battle-history"><br></div><div class="battle-history">Lanturn used <strong>Scald</strong>!<br></div><div class="battle-history"><small>(The opposing Ampharos lost <abbr title="−79/383">20.6%</abbr> of its health!)</small><br></div><div class="spacer battle-history"><br></div><h2 class="battle-history">Turn 12</h2><div class="spacer battle-history"><br></div><div class="battle-history">Lanturn used <strong>Volt Switch</strong>!<br></div><div class="battle-history"><small>It's not very effective...</small><br></div><div class="battle-history"><small>(The opposing Ampharos lost <abbr title="−33/383">8.6%</abbr> of its health!)</small><br></div><div class="spacer battle-history"><br></div><div class="battle-history">Lanturn went back to trollmyfate!<br></div><div class="battle-history">Go! <strong>Sandslash</strong>!<br></div><div class="spacer battle-history"><br></div><div class="battle-history">The opposing Ampharos used <strong>Toxic</strong>!<br></div><div class="battle-history"><small>Sandslash was badly poisoned!</small><br></div><div class="spacer battle-history"><br></div><div class="battle-history"><small>Sandslash restored a little HP using its Leftovers!</small><br></div><div class="battle-history"><small>Sandslash was hurt by poison!</small><br></div><div class="spacer battle-history"><br></div><h2 class="battle-history">Turn 13</h2><div class="spacer battle-history"><br></div><div class="battle-history">Sandslash used <strong>Earthquake</strong>!<br></div><div class="battle-history"><small>It's super effective!</small><br></div><div class="battle-history"><small>(The opposing Ampharos lost <abbr title="−224/383">58.5%</abbr> of its health!)</small><br></div><div class="spacer battle-history"><br></div><div class="battle-history">The opposing Ampharos fainted!<br></div><div class="spacer battle-history"><br></div><div class="battle-history"><small>Sandslash restored a little HP using its Leftovers!</small><br></div><div class="battle-history"><small>Sandslash was hurt by poison!</small><br></div><div class="spacer battle-history"><br></div><div class="battle-history">nienmachine sent out <strong>Kecleon</strong>!<br></div><div class="battle-history"><small>Pointed stones dug into the opposing Kecleon!</small><br></div><div class="spacer battle-history"><br></div><h2 class="battle-history">Turn 14</h2><div class="spacer battle-history"><br></div><div class="battle-history">Sandslash used <strong>Earthquake</strong>!<br></div><div class="battle-history"><small>(The opposing Kecleon lost <abbr title="−162/324">50%</abbr> of its health!)</small><br></div><div class="spacer battle-history"><br></div><div class="battle-history">The opposing Kecleon used <strong>Nasty Plot</strong>!<br></div><div class="spacer battle-history"><br></div><div class="battle-history"><small>[The opposing Kecleon's Protean]</small><br><small>The opposing Kecleon transformed into the Dark type!</small><br></div><div class="battle-history"><small>The opposing Kecleon's Special Attack rose sharply!</small><br></div><div class="spacer battle-history"><br></div><div class="battle-history"><small>Sandslash restored a little HP using its Leftovers!</small><br></div><div class="battle-history"><small>The opposing Kecleon restored a little HP using its Leftovers!</small><br></div><div class="battle-history"><small>Sandslash was hurt by poison!</small><br></div><div class="spacer battle-history"><br></div><div class="battle-history">Sandslash fainted!<br></div><div class="spacer battle-history"><br></div><div class="battle-history">Go! <strong>Aggron</strong>!<br></div><div class="spacer battle-history"><br></div><h2 class="battle-history">Turn 15</h2><div class="spacer battle-history"><br></div><div class="battle-history">Aggron used <strong>Superpower</strong>!<br></div><div class="battle-history"><small>It's super effective!</small><br></div><div class="battle-history"><small>(The opposing Kecleon lost <abbr title="−142/324">43.8%</abbr> of its health!)</small><br></div><div class="battle-history"><small>Aggron's Attack fell!</small><br></div><div class="battle-history"><small>Aggron's Defense fell!</small><br></div><div class="battle-history"><small>Aggron lost some of its HP!</small><br></div><div class="spacer battle-history"><br></div><div class="battle-history">The opposing Kecleon fainted!<br></div><div class="spacer battle-history"><br></div><div class="battle-history">nienmachine sent out <strong>Pyroar</strong>!<br></div><div class="battle-history"><small>Pointed stones dug into the opposing Pyroar!</small><br></div><div class="spacer battle-history"><br></div><h2 class="battle-history">Turn 16</h2><div class="spacer battle-history"><br></div><div class="battle-history">The opposing Pyroar used <strong>Fire Blast</strong>!<br></div><div class="battle-history"><small>(Aggron lost <abbr title="−253/281">90.0%</abbr> of its health!)</small><br></div><div class="spacer battle-history"><br></div><div class="battle-history">Aggron fainted!<br></div><div class="spacer battle-history"><br></div><div class="battle-history"><small>The opposing Pyroar restored a little HP using its Leftovers!</small><br></div><div class="spacer battle-history"><br></div><div class="battle-history">Go! <strong>Lanturn</strong>!<br></div><div class="spacer battle-history"><br></div><h2 class="battle-history">Turn 17</h2><div class="spacer battle-history"><br></div><div class="battle-history">The opposing Pyroar used <strong>Dark Pulse</strong>!<br></div><div class="battle-history"><small>A critical hit!</small><br></div><div class="battle-history"><small>(Lanturn lost <abbr title="−59/393">15.0%</abbr> of its health!)</small><br></div><div class="spacer battle-history"><br></div><div class="battle-history">Lanturn flinched and couldn't move!<br></div><div class="spacer battle-history"><br></div><div class="battle-history"><small>The opposing Pyroar restored a little HP using its Leftovers!</small><br></div><div class="spacer battle-history"><br></div><h2 class="battle-history">Turn 18</h2><div class="spacer battle-history"><br></div><div class="battle-history">The opposing Pyroar used <strong>Hyper Voice</strong>!<br></div><div class="battle-history"><small>(Lanturn lost <abbr title="−67/393">17.0%</abbr> of its health!)</small><br></div><div class="spacer battle-history"><br></div><div class="battle-history">Lanturn used <strong>Scald</strong>!<br></div><div class="battle-history"><small>It's super effective!</small><br></div><div class="battle-history"><small>(The opposing Pyroar lost <abbr title="−214/313">68.4%</abbr> of its health!)</small><br></div><div class="spacer battle-history"><br></div><div class="battle-history">The opposing Pyroar fainted!<br></div><div class="spacer battle-history"><br></div><div class="battle-history"><strong>trollmyfate</strong> won the battle!<br></div><div class="chat"><small>nienmachine left.</small></div><div class="chat">trollmyfate's rating: 1000 → <strong>1049</strong><br>(+49 for winning)</div><div class="chat">nienmachine's rating: 1082 → <strong>1055</strong><br>(-27 for losing)</div></div><div class="inner-preempt"></div></div></div>
</div>
<script>
let daily = Math.floor(Date.now()/1000/60/60/24);document.write('<script src="https://play.pokemonshowdown.com/js/replay-embed.js?version'+daily+'"></'+'script>');
</script>
