<!DOCTYPE html>
<meta charset="utf-8" />
<!-- version 1 -->
<title>NU replay: Shadowtags vs. Davon</title>
<style>
html,body {font-family:Verdana, sans-serif;font-size:10pt;margin:0;padding:0;}body{padding:12px 0;} .battle-log {font-family:Verdana, sans-serif;font-size:10pt;} .battle-log-inline {border:1px solid #AAAAAA;background:#EEF2F5;color:black;max-width:640px;margin:0 auto 80px;padding-bottom:5px;} .battle-log .inner {padding:4px 8px 0px 8px;} .battle-log .inner-preempt {padding:0 8px 4px 8px;} .battle-log .inner-after {margin-top:0.5em;} .battle-log h2 {margin:0.5em -8px;padding:4px 8px;border:1px solid #AAAAAA;background:#E0E7EA;border-left:0;border-right:0;font-family:Verdana, sans-serif;font-size:13pt;} .battle-log .chat {vertical-align:middle;padding:3px 0 3px 0;font-size:8pt;} .battle-log .chat strong {color:#40576A;} .battle-log .chat em {padding:1px 4px 1px 3px;color:#000000;font-style:normal;} .chat.mine {background:rgba(0,0,0,0.05);margin-left:-8px;margin-right:-8px;padding-left:8px;padding-right:8px;} .spoiler {color:#BBBBBB;background:#BBBBBB;padding:0px 3px;} .spoiler:hover, .spoiler:active, .spoiler-shown {color:#000000;background:#E2E2E2;padding:0px 3px;} .spoiler a {color:#BBBBBB;} .spoiler:hover a, .spoiler:active a, .spoiler-shown a {color:#2288CC;} .chat code, .chat .spoiler:hover code, .chat .spoiler:active code, .chat .spoiler-shown code {border:1px solid #C0C0C0;background:#EEEEEE;color:black;padding:0 2px;} .chat .spoiler code {border:1px solid #CCCCCC;background:#CCCCCC;color:#CCCCCC;} .battle-log .rated {padding:3px 4px;} .battle-log .rated strong {color:white;background:#89A;padding:1px 4px;border-radius:4px;} .spacer {margin-top:0.5em;} .message-announce {background:#6688AA;color:white;padding:1px 4px 2px;} .message-announce a, .broadcast-green a, .broadcast-blue a, .broadcast-red a {color:#DDEEFF;} .broadcast-green {background-color:#559955;color:white;padding:2px 4px;} .broadcast-blue {background-color:#6688AA;color:white;padding:2px 4px;} .infobox {border:1px solid #6688AA;padding:2px 4px;} .infobox-limited {max-height:200px;overflow:auto;overflow-x:hidden;} .broadcast-red {background-color:#AA5544;color:white;padding:2px 4px;} .message-learn-canlearn {font-weight:bold;color:#228822;text-decoration:underline;} .message-learn-cannotlearn {font-weight:bold;color:#CC2222;text-decoration:underline;} .message-effect-weak {font-weight:bold;color:#CC2222;} .message-effect-resist {font-weight:bold;color:#6688AA;} .message-effect-immune {font-weight:bold;color:#666666;} .message-learn-list {margin-top:0;margin-bottom:0;} .message-throttle-notice, .message-error {color:#992222;} .message-overflow, .chat small.message-overflow {font-size:0pt;} .message-overflow::before {font-size:9pt;content:'...';} .subtle {color:#3A4A66;}
</style>
<div class="wrapper replay-wrapper" style="max-width:1180px;margin:0 auto">
<input type="hidden" name="replayid" value="nu-546131351" />
<div class="battle"></div><div class="battle-log"></div><div class="replay-controls"></div><div class="replay-controls-2"></div>
<h1 style="font-weight:normal;text-align:center"><strong>NU</strong><br /><a href="http://pokemonshowdown.com/users/shadowtags" class="subtle" target="_blank">Shadowtags</a> vs. <a href="http://pokemonshowdown.com/users/davon" class="subtle" target="_blank">Davon</a></h1>
<script type="text/plain" class="battle-log-data">|j|Shadowtags
|j|Davon
|player|p1|Shadowtags|#shadowtags
|player|p2|Davon|2
|gametype|singles
|gen|6
|tier|NU
|seed|24918,31427,32896,41918
|rule|Sleep Clause Mod: Limit one foe put to sleep
|rule|Species Clause: Limit one of each Pokémon
|rule|OHKO Clause: OHKO moves are banned
|rule|Moody Clause: Moody is banned
|rule|Evasion Moves Clause: Evasion moves are banned
|rule|Endless Battle Clause: Forcing endless battles is banned
|rule|HP Percentage Mod: HP is shown in percentages
|clearpoke
|poke|p1|Archeops, M|item
|poke|p1|Shiftry, F|item
|poke|p1|Gastrodon, F|item
|poke|p1|Rotom|item
|poke|p1|Mesprit|item
|poke|p1|Gurdurr, F|item
|poke|p2|Xatu, F|item
|poke|p2|Trapinch, M|item
|poke|p2|Mesprit|item
|poke|p2|Rhydon, F|item
|poke|p2|Lilligant, F|item
|poke|p2|Audino, F|item
|rule|Swagger Clause: Swagger is banned
|rule|Baton Pass Clause: Limit one Baton Passer, can't pass Spe and other stats simultaneously
|teampreview
|c|☆Shadowtags|hf buddy
|c|☆Davon|u2
|choice|team 1, team 2, team 3, team 4, team 5, team 6|team 4, team 2, team 3, team 1, team 5, team 6
|
|start
|switch|p1a: Archeops|Archeops, M|291\/291
|switch|p2a: Rhydon|Rhydon, F|414\/414
|turn|1
|choice|move aquatail|move rockblast
|
|move|p1a: Archeops|Aqua Tail|p2a: Rhydon
|-supereffective|p2a: Rhydon
|-damage|p2a: Rhydon|0 fnt
|faint|p2a: Rhydon
|
|upkeep
|choice||switch 5
|
|switch|p2a: Lilligant|Lilligant, F|281\/281
|turn|2
|choice|switch 4|move quiverdance
|
|switch|p1a: Rotom|Rotom|241\/241
|move|p2a: Lilligant|Quiver Dance|p2a: Lilligant
|-boost|p2a: Lilligant|spa|1
|-boost|p2a: Lilligant|spd|1
|-boost|p2a: Lilligant|spe|1
|
|upkeep
|turn|3
|choice|move trick|move gigadrain
|
|move|p1a: Rotom|Trick|p2a: Lilligant
|-activate|p1a: Rotom|move: Trick|[of] p2a: Lilligant
|-item|p2a: Lilligant|Choice Scarf|[from] move: Trick
|-item|p1a: Rotom|Lum Berry|[from] move: Trick
|move|p2a: Lilligant|Giga Drain|p1a: Rotom
|-damage|p1a: Rotom|3\/241
|
|upkeep
|turn|4
|choice|move thunderbolt|move gigadrain
|
|move|p2a: Lilligant|Giga Drain|p1a: Rotom
|-damage|p1a: Rotom|0 fnt
|faint|p1a: Rotom
|
|upkeep
|choice|switch 5|
|
|switch|p1a: Mesprit|Mesprit|363\/363
|turn|5
|choice|move thunderwave|move gigadrain
|
|move|p2a: Lilligant|Giga Drain|p1a: Mesprit
|-damage|p1a: Mesprit|182\/363
|move|p1a: Mesprit|Thunder Wave|p2a: Lilligant
|-status|p2a: Lilligant|par
|
|upkeep
|turn|6
|choice|move signalbeam|move gigadrain
|
|move|p1a: Mesprit|Signal Beam|p2a: Lilligant
|-supereffective|p2a: Lilligant
|-damage|p2a: Lilligant|167\/281 par
|move|p2a: Lilligant|Giga Drain|p1a: Mesprit
|-crit|p1a: Mesprit
|-damage|p1a: Mesprit|0 fnt
|-heal|p2a: Lilligant|258\/281 par|[from] drain|[of] p1a: Mesprit
|faint|p1a: Mesprit
|
|upkeep
|choice|switch 4|
|
|switch|p1a: Archeops|Archeops, M|291\/291
|turn|7
|choice|move uturn|switch 4
|
|switch|p2a: Xatu|Xatu, F|333\/333
|move|p1a: Archeops|U-turn|p2a: Xatu
|-damage|p2a: Xatu|209\/333
|-damage|p1a: Archeops|243\/291|[from] item: Rocky Helmet|[of] p2a: Xatu
|choice|switch 6|
|
|switch|p1a: Gurdurr|Gurdurr, F|343\/343
|
|upkeep
|turn|8
|choice|move knockoff|move roost
|
|move|p2a: Xatu|Roost|p2a: Xatu
|-heal|p2a: Xatu|333\/333
|move|p1a: Gurdurr|Knock Off|p2a: Xatu
|-supereffective|p2a: Xatu
|-damage|p2a: Xatu|143\/333
|-damage|p1a: Gurdurr|286\/343|[from] item: Rocky Helmet|[of] p2a: Xatu
|-enditem|p2a: Xatu|Rocky Helmet|[from] move: Knock Off|[of] p1a: Gurdurr
|
|upkeep
|turn|9
|choice|switch 2|move psychic
|
|switch|p1a: Shiftry|Shiftry, F|321\/321
|move|p2a: Xatu|Psychic|p1a: Shiftry
|-immune|p1a: Shiftry|[msg]
|
|upkeep
|turn|10
|choice|switch 6|move uturn
|
|switch|p1a: Archeops|Archeops, M|243\/291
|move|p2a: Xatu|U-turn|p1a: Archeops
|-resisted|p1a: Archeops
|-damage|p1a: Archeops|216\/291
|choice||switch 2
|
|switch|p2a: Trapinch|Trapinch, M|294\/294
|
|upkeep
|turn|11
|choice|move aquatail|move superpower
|
|move|p1a: Archeops|Aqua Tail|p2a: Trapinch
|-supereffective|p2a: Trapinch
|-damage|p2a: Trapinch|0 fnt
|faint|p2a: Trapinch
|
|upkeep
|choice||switch 4
|
|switch|p2a: Lilligant|Lilligant, F|258\/281 par
|turn|12
|choice|switch 6|move gigadrain
|
|switch|p1a: Shiftry|Shiftry, F|321\/321
|move|p2a: Lilligant|Giga Drain|p1a: Shiftry
|-resisted|p1a: Shiftry
|-damage|p1a: Shiftry|239\/321
|-heal|p2a: Lilligant|281\/281 par|[from] drain|[of] p1a: Shiftry
|
|upkeep
|turn|13
|choice|move knockoff|switch 6
|
|switch|p2a: Audino|Audino, F|347\/347
|move|p1a: Shiftry|Knock Off|p2a: Audino
|-damage|p2a: Audino|239\/347
|
|upkeep
|turn|14
|choice|switch 2|move dazzlinggleam
|
|switch|p1a: Gurdurr|Gurdurr, F|286\/343
|move|p2a: Audino|Dazzling Gleam|p1a: Gurdurr
|-supereffective|p1a: Gurdurr
|-damage|p1a: Gurdurr|150\/343
|
|upkeep
|turn|15
|choice|move drainpunch|switch 2
|
|switch|p2a: Xatu|Xatu, F|143\/333
|move|p1a: Gurdurr|Drain Punch|p2a: Xatu
|-resisted|p2a: Xatu
|-damage|p2a: Xatu|117\/333
|-heal|p1a: Gurdurr|163\/343|[from] drain|[of] p2a: Xatu
|
|upkeep
|turn|16
|choice|move knockoff|move psychic
|
|move|p2a: Xatu|Psychic|p1a: Gurdurr
|-supereffective|p1a: Gurdurr
|-damage|p1a: Gurdurr|0 fnt
|faint|p1a: Gurdurr
|
|upkeep
|choice|switch 6|
|
|switch|p1a: Archeops|Archeops, M|216\/291
|turn|17
|choice|move stoneedge|move uturn
|
|move|p1a: Archeops|Stone Edge|p2a: Xatu
|-supereffective|p2a: Xatu
|-damage|p2a: Xatu|0 fnt
|faint|p2a: Xatu
|
|upkeep
|choice||switch 3
|
|switch|p2a: Mesprit|Mesprit|301\/301
|turn|18
|choice|switch 3|move icebeam
|
|switch|p1a: Gastrodon|Gastrodon, F|425\/425
|move|p2a: Mesprit|Ice Beam|p1a: Gastrodon
|-damage|p1a: Gastrodon|261\/425
|
|-heal|p1a: Gastrodon|287\/425|[from] item: Leftovers
|upkeep
|turn|19
|choice|move toxic|move icebeam
|
|move|p2a: Mesprit|Ice Beam|p1a: Gastrodon
|-damage|p1a: Gastrodon|123\/425
|move|p1a: Gastrodon|Toxic|p2a: Mesprit
|-status|p2a: Mesprit|tox
|
|-heal|p1a: Gastrodon|149\/425|[from] item: Leftovers
|-damage|p2a: Mesprit|283\/301 tox|[from] psn
|upkeep
|turn|20
|choice|move recover|move icebeam
|
|move|p2a: Mesprit|Ice Beam|p1a: Gastrodon
|-damage|p1a: Gastrodon|2\/425
|move|p1a: Gastrodon|Recover|p1a: Gastrodon
|-heal|p1a: Gastrodon|215\/425
|
|-heal|p1a: Gastrodon|241\/425|[from] item: Leftovers
|-damage|p2a: Mesprit|247\/301 tox|[from] psn
|upkeep
|turn|21
|choice|move recover|switch 6
|
|switch|p2a: Lilligant|Lilligant, F|281\/281 par
|move|p1a: Gastrodon|Recover|p1a: Gastrodon
|-heal|p1a: Gastrodon|425\/425
|
|upkeep
|turn|22
|choice|switch 2|move gigadrain
|
|switch|p1a: Shiftry|Shiftry, F|239\/321
|move|p2a: Lilligant|Giga Drain|p1a: Shiftry
|-resisted|p1a: Shiftry
|-damage|p1a: Shiftry|153\/321
|
|upkeep
|turn|23
|choice|move knockoff|move gigadrain
|
|move|p1a: Shiftry|Knock Off|p2a: Lilligant
|-damage|p2a: Lilligant|110\/281 par
|-enditem|p2a: Lilligant|Choice Scarf|[from] move: Knock Off|[of] p1a: Shiftry
|move|p2a: Lilligant|Giga Drain|p1a: Shiftry
|-resisted|p1a: Shiftry
|-damage|p1a: Shiftry|61\/321
|-heal|p2a: Lilligant|156\/281 par|[from] drain|[of] p1a: Shiftry
|
|upkeep
|turn|24
|choice|move suckerpunch|move gigadrain
|
|move|p1a: Shiftry|Sucker Punch|p2a: Lilligant
|-damage|p2a: Lilligant|8\/281 par
|cant|p2a: Lilligant|par
|
|upkeep
|turn|25
|choice|move knockoff|move gigadrain
|
|move|p1a: Shiftry|Knock Off|p2a: Lilligant
|-damage|p2a: Lilligant|0 fnt
|faint|p2a: Lilligant
|
|upkeep
|choice||switch 2
|
|switch|p2a: Audino|Audino, F|347\/347
|turn|26
|choice|switch 2|move dazzlinggleam
|
|switch|p1a: Gastrodon|Gastrodon, F|425\/425
|move|p2a: Audino|Dazzling Gleam|p1a: Gastrodon
|-damage|p1a: Gastrodon|353\/425
|
|-heal|p1a: Gastrodon|379\/425|[from] item: Leftovers
|upkeep
|turn|27
|choice|move toxic|switch 6
|
|switch|p2a: Mesprit|Mesprit|247\/301 tox
|move|p1a: Gastrodon|Toxic|p2a: Mesprit
|-fail|p2a: Mesprit|tox
|
|-heal|p1a: Gastrodon|405\/425|[from] item: Leftovers
|-damage|p2a: Mesprit|229\/301 tox|[from] psn
|upkeep
|turn|28
|choice|switch 2|move psychic
|
|switch|p1a: Shiftry|Shiftry, F|61\/321
|move|p2a: Mesprit|Psychic|p1a: Shiftry
|-immune|p1a: Shiftry|[msg]
|
|-damage|p2a: Mesprit|193\/301 tox|[from] psn
|upkeep
|turn|29
|choice|move leafstorm|switch 6
|
|switch|p2a: Audino|Audino, F|347\/347
|move|p1a: Shiftry|Leaf Storm|p2a: Audino
|-damage|p2a: Audino|136\/347
|-unboost|p1a: Shiftry|spa|2
|
|upkeep
|turn|30
|choice|switch 2|switch 6
|
|switch|p1a: Gastrodon|Gastrodon, F|405\/425
|switch|p2a: Mesprit|Mesprit|193\/301 tox
|
|-heal|p1a: Gastrodon|425\/425|[from] item: Leftovers
|-damage|p2a: Mesprit|175\/301 tox|[from] psn
|upkeep
|turn|31
|choice|move scald|switch 6
|
|switch|p2a: Audino|Audino, F|251\/347
|move|p1a: Gastrodon|Scald|p2a: Audino
|-damage|p2a: Audino|155\/347
|-status|p2a: Audino|brn
|
|-damage|p2a: Audino|112\/347 brn|[from] brn
|upkeep
|turn|32
|choice|move scald|switch 6
|
|switch|p2a: Mesprit|Mesprit|175\/301 tox
|move|p1a: Gastrodon|Scald|p2a: Mesprit
|-damage|p2a: Mesprit|90\/301 tox
|
|-damage|p2a: Mesprit|72\/301 tox|[from] psn
|upkeep
|turn|33
|choice|move scald|move healingwish
|
|move|p2a: Mesprit|Healing Wish|p2a: Mesprit
|faint|p2a: Mesprit
|move|p1a: Gastrodon|Scald|p2: Mesprit|[notarget]
|-notarget
|
|upkeep
|choice||switch 6
|
|switch|p2a: Audino|Audino, F|227\/347 brn
|-heal|p2a: Audino|347\/347|[from] move: Healing Wish
|turn|34
|choice|move toxic|move calmmind mega
|
|detailschange|p2a: Audino|Audino-Mega, F
|-mega|p2a: Audino|Audino|Audinite
|move|p2a: Audino|Calm Mind|p2a: Audino
|-boost|p2a: Audino|spa|1
|-boost|p2a: Audino|spd|1
|move|p1a: Gastrodon|Toxic|p2a: Audino
|-status|p2a: Audino|tox
|
|-damage|p2a: Audino|326\/347 tox|[from] psn
|upkeep
|turn|35
|choice|switch 2|move calmmind
|
|switch|p1a: Shiftry|Shiftry, F|61\/321
|move|p2a: Audino|Calm Mind|p2a: Audino
|-boost|p2a: Audino|spa|1
|-boost|p2a: Audino|spd|1
|
|-damage|p2a: Audino|284\/347 tox|[from] psn
|upkeep
|turn|36
|choice|move leafstorm|move dazzlinggleam
|
|move|p1a: Shiftry|Leaf Storm|p2a: Audino
|-damage|p2a: Audino|206\/347 tox
|-unboost|p1a: Shiftry|spa|2
|move|p2a: Audino|Dazzling Gleam|p1a: Shiftry
|-supereffective|p1a: Shiftry
|-damage|p1a: Shiftry|0 fnt
|faint|p1a: Shiftry
|
|-damage|p2a: Audino|143\/347 tox|[from] psn
|upkeep
|choice|switch 3|
|
|switch|p1a: Archeops|Archeops, M|216\/291
|turn|37
|choice|move stoneedge|move dazzlinggleam
|
|move|p1a: Archeops|Stone Edge|p2a: Audino
|-damage|p2a: Audino|0 fnt
|faint|p2a: Audino
|
|win|Shadowtags
|player|p1
|player|p2
|c|☆Shadowtags|gg
|c|☆Davon|gg fren</script>
</div>
<div class="battle-log battle-log-inline"><div class="inner"><div class="battle-options"></div><div class="inner"><div class="chat"><small>Shadowtags joined.</small></div><div class="chat"><small>Davon joined.</small></div><div class=""><small>Format:</small> <br><strong>NU</strong></div><div class=""><small><em>Sleep Clause Mod:</em> Limit one foe put to sleep</small></div><div class=""><small><em>Species Clause:</em> Limit one of each Pokémon</small></div><div class=""><small><em>OHKO Clause:</em> OHKO moves are banned</small></div><div class=""><small><em>Moody Clause:</em> Moody is banned</small></div><div class=""><small><em>Evasion Moves Clause:</em> Evasion moves are banned</small></div><div class=""><small><em>Endless Battle Clause:</em> Forcing endless battles is banned</small></div><div class=""><small><em>HP Percentage Mod:</em> HP is shown in percentages</small></div><div class=""><small><em>Swagger Clause:</em> Swagger is banned</small></div><div class=""><small><em>Baton Pass Clause:</em> Limit one Baton Passer, can't pass Spe and other stats simultaneously</small></div><div class="chat battle-history"><strong>Shadowtags's team:</strong> <em style="color:#445566;display:block;">Archeops / Shiftry / Gastrodon / Rotom / Mesprit / Gurdurr</em></div><div class="chat battle-history"><strong>Davon's team:</strong> <em style="color:#445566;display:block;">Xatu / Trapinch / Mesprit / Rhydon / Lilligant / Audino</em></div><div class="chat chatmessage-shadowtags"><strong style="color:hsl(126,46%,34%)"><small>☆</small><span class="username" data-name="Shadowtags">Shadowtags</span>:</strong> <em>hf buddy</em></div><div class="chat chatmessage-davon"><strong style="color:hsl(187,54%,43.666666666666664%)"><small>☆</small><span class="username" data-name="Davon">Davon</span>:</strong> <em>u2</em></div><div class="spacer battle-history"><br></div><div class="battle-history">Battle started between Shadowtags and Davon!<br></div><div class="spacer battle-history"><br></div><div class="battle-history">Go! <strong>Archeops</strong>!<br></div><div class="spacer battle-history"><br></div><div class="battle-history">Davon sent out <strong>Rhydon</strong>!<br></div><div class="spacer battle-history"><br></div><h2 class="battle-history">Turn 1</h2><div class="spacer battle-history"><br></div><div class="battle-history">Archeops used <strong>Aqua Tail</strong>!<br></div><div class="battle-history"><small>It's super effective!</small><br></div><div class="battle-history"><small>(The opposing Rhydon lost <abbr title="−414/414">100%</abbr> of its health!)</small><br></div><div class="spacer battle-history"><br></div><div class="battle-history">The opposing Rhydon fainted!<br></div><div class="spacer battle-history"><br></div><div class="battle-history">Davon sent out <strong>Lilligant</strong>!<br></div><div class="spacer battle-history"><br></div><h2 class="battle-history">Turn 2</h2><div class="spacer battle-history"><br></div><div class="battle-history">Archeops, come back!<br></div><div class="battle-history">Go! <strong>Rotom</strong>!<br></div><div class="spacer battle-history"><br></div><div class="battle-history">The opposing Lilligant used <strong>Quiver Dance</strong>!<br></div><div class="battle-history"><small>The opposing Lilligant's Special Attack rose!</small><br></div><div class="battle-history"><small>The opposing Lilligant's Special Defense rose!</small><br></div><div class="battle-history"><small>The opposing Lilligant's Speed rose!</small><br></div><div class="spacer battle-history"><br></div><h2 class="battle-history">Turn 3</h2><div class="spacer battle-history"><br></div><div class="battle-history">Rotom used <strong>Trick</strong>!<br></div><div class="battle-history"><small>Rotom switched items with its target!</small><br></div><div class="battle-history"><small>The opposing Lilligant obtained one Choice Scarf.</small><br></div><div class="battle-history"><small>Rotom obtained one Lum Berry.</small><br></div><div class="spacer battle-history"><br></div><div class="battle-history">The opposing Lilligant used <strong>Giga Drain</strong>!<br></div><div class="battle-history"><small>(Rotom lost <abbr title="−238/241">98.8%</abbr> of its health!)</small><br></div><div class="spacer battle-history"><br></div><h2 class="battle-history">Turn 4</h2><div class="spacer battle-history"><br></div><div class="battle-history">The opposing Lilligant used <strong>Giga Drain</strong>!<br></div><div class="battle-history"><small>(Rotom lost <abbr title="−3/241">1.2%</abbr> of its health!)</small><br></div><div class="spacer battle-history"><br></div><div class="battle-history">Rotom fainted!<br></div><div class="spacer battle-history"><br></div><div class="battle-history">Go! <strong>Mesprit</strong>!<br></div><div class="spacer battle-history"><br></div><h2 class="battle-history">Turn 5</h2><div class="spacer battle-history"><br></div><div class="battle-history">The opposing Lilligant used <strong>Giga Drain</strong>!<br></div><div class="battle-history"><small>(Mesprit lost <abbr title="−181/363">49.9%</abbr> of its health!)</small><br></div><div class="spacer battle-history"><br></div><div class="battle-history">Mesprit used <strong>Thunder Wave</strong>!<br></div><div class="battle-history"><small>The opposing Lilligant is paralyzed! It may be unable to move!</small><br></div><div class="spacer battle-history"><br></div><h2 class="battle-history">Turn 6</h2><div class="spacer battle-history"><br></div><div class="battle-history">Mesprit used <strong>Signal Beam</strong>!<br></div><div class="battle-history"><small>It's super effective!</small><br></div><div class="battle-history"><small>(The opposing Lilligant lost <abbr title="−114/281">40.6%</abbr> of its health!)</small><br></div><div class="spacer battle-history"><br></div><div class="battle-history">The opposing Lilligant used <strong>Giga Drain</strong>!<br></div><div class="battle-history"><small>A critical hit!</small><br></div><div class="battle-history"><small>(Mesprit lost <abbr title="−182/363">50.1%</abbr> of its health!)</small><br></div><div class="battle-history"><small>Mesprit had its energy drained!</small><br></div><div class="spacer battle-history"><br></div><div class="battle-history">Mesprit fainted!<br></div><div class="spacer battle-history"><br></div><div class="battle-history">Go! <strong>Archeops</strong>!<br></div><div class="spacer battle-history"><br></div><h2 class="battle-history">Turn 7</h2><div class="spacer battle-history"><br></div><div class="battle-history">Davon withdrew Lilligant!<br></div><div class="battle-history">Davon sent out <strong>Xatu</strong>!<br></div><div class="spacer battle-history"><br></div><div class="battle-history">Archeops used <strong>U-turn</strong>!<br></div><div class="battle-history"><small>(The opposing Xatu lost <abbr title="−124/333">37.2%</abbr> of its health!)</small><br></div><div class="battle-history"><small>Archeops was hurt by the Rocky Helmet!</small><br></div><div class="spacer battle-history"><br></div><div class="battle-history">Archeops went back to Shadowtags!<br></div><div class="battle-history">Go! <strong>Gurdurr</strong>!<br></div><div class="spacer battle-history"><br></div><h2 class="battle-history">Turn 8</h2><div class="spacer battle-history"><br></div><div class="battle-history">The opposing Xatu used <strong>Roost</strong>!<br></div><div class="battle-history"><small>The opposing Xatu restored its HP.</small><br></div><div class="spacer battle-history"><br></div><div class="battle-history">Gurdurr used <strong>Knock Off</strong>!<br></div><div class="battle-history"><small>It's super effective!</small><br></div><div class="battle-history"><small>(The opposing Xatu lost <abbr title="−190/333">57.1%</abbr> of its health!)</small><br></div><div class="battle-history"><small>Gurdurr was hurt by the Rocky Helmet!</small><br></div><div class="battle-history"><small>Gurdurr knocked off the opposing Xatu's Rocky Helmet!</small><br></div><div class="spacer battle-history"><br></div><h2 class="battle-history">Turn 9</h2><div class="spacer battle-history"><br></div><div class="battle-history">Gurdurr, come back!<br></div><div class="battle-history">Go! <strong>Shiftry</strong>!<br></div><div class="spacer battle-history"><br></div><div class="battle-history">The opposing Xatu used <strong>Psychic</strong>!<br></div><div class="battle-history"><small>It doesn't affect Shiftry...</small><br></div><div class="spacer battle-history"><br></div><h2 class="battle-history">Turn 10</h2><div class="spacer battle-history"><br></div><div class="battle-history">Shiftry, come back!<br></div><div class="battle-history">Go! <strong>Archeops</strong>!<br></div><div class="spacer battle-history"><br></div><div class="battle-history">The opposing Xatu used <strong>U-turn</strong>!<br></div><div class="battle-history"><small>It's not very effective...</small><br></div><div class="battle-history"><small>(Archeops lost <abbr title="−27/291">9.3%</abbr> of its health!)</small><br></div><div class="spacer battle-history"><br></div><div class="battle-history">The opposing Xatu went back to Davon!<br></div><div class="battle-history">Davon sent out <strong>Trapinch</strong>!<br></div><div class="spacer battle-history"><br></div><h2 class="battle-history">Turn 11</h2><div class="spacer battle-history"><br></div><div class="battle-history">Archeops used <strong>Aqua Tail</strong>!<br></div><div class="battle-history"><small>It's super effective!</small><br></div><div class="battle-history"><small>(The opposing Trapinch lost <abbr title="−294/294">100%</abbr> of its health!)</small><br></div><div class="spacer battle-history"><br></div><div class="battle-history">The opposing Trapinch fainted!<br></div><div class="spacer battle-history"><br></div><div class="battle-history">Davon sent out <strong>Lilligant</strong>!<br></div><div class="spacer battle-history"><br></div><h2 class="battle-history">Turn 12</h2><div class="spacer battle-history"><br></div><div class="battle-history">Archeops, come back!<br></div><div class="battle-history">Go! <strong>Shiftry</strong>!<br></div><div class="spacer battle-history"><br></div><div class="battle-history">The opposing Lilligant used <strong>Giga Drain</strong>!<br></div><div class="battle-history"><small>It's not very effective...</small><br></div><div class="battle-history"><small>(Shiftry lost <abbr title="−82/321">25.5%</abbr> of its health!)</small><br></div><div class="battle-history"><small>Shiftry had its energy drained!</small><br></div><div class="spacer battle-history"><br></div><h2 class="battle-history">Turn 13</h2><div class="spacer battle-history"><br></div><div class="battle-history">Davon withdrew Lilligant!<br></div><div class="battle-history">Davon sent out <strong>Audino</strong>!<br></div><div class="spacer battle-history"><br></div><div class="battle-history">Shiftry used <strong>Knock Off</strong>!<br></div><div class="battle-history"><small>(The opposing Audino lost <abbr title="−108/347">31.1%</abbr> of its health!)</small><br></div><div class="spacer battle-history"><br></div><h2 class="battle-history">Turn 14</h2><div class="spacer battle-history"><br></div><div class="battle-history">Shiftry, come back!<br></div><div class="battle-history">Go! <strong>Gurdurr</strong>!<br></div><div class="spacer battle-history"><br></div><div class="battle-history">The opposing Audino used <strong>Dazzling Gleam</strong>!<br></div><div class="battle-history"><small>It's super effective!</small><br></div><div class="battle-history"><small>(Gurdurr lost <abbr title="−136/343">39.7%</abbr> of its health!)</small><br></div><div class="spacer battle-history"><br></div><h2 class="battle-history">Turn 15</h2><div class="spacer battle-history"><br></div><div class="battle-history">Davon withdrew Audino!<br></div><div class="battle-history">Davon sent out <strong>Xatu</strong>!<br></div><div class="spacer battle-history"><br></div><div class="battle-history">Gurdurr used <strong>Drain Punch</strong>!<br></div><div class="battle-history"><small>It's not very effective...</small><br></div><div class="battle-history"><small>(The opposing Xatu lost <abbr title="−26/333">7.8%</abbr> of its health!)</small><br></div><div class="battle-history"><small>The opposing Xatu had its energy drained!</small><br></div><div class="spacer battle-history"><br></div><h2 class="battle-history">Turn 16</h2><div class="spacer battle-history"><br></div><div class="battle-history">The opposing Xatu used <strong>Psychic</strong>!<br></div><div class="battle-history"><small>It's super effective!</small><br></div><div class="battle-history"><small>(Gurdurr lost <abbr title="−163/343">47.5%</abbr> of its health!)</small><br></div><div class="spacer battle-history"><br></div><div class="battle-history">Gurdurr fainted!<br></div><div class="spacer battle-history"><br></div><div class="battle-history">Go! <strong>Archeops</strong>!<br></div><div class="spacer battle-history"><br></div><h2 class="battle-history">Turn 17</h2><div class="spacer battle-history"><br></div><div class="battle-history">Archeops used <strong>Stone Edge</strong>!<br></div><div class="battle-history"><small>It's super effective!</small><br></div><div class="battle-history"><small>(The opposing Xatu lost <abbr title="−117/333">35.1%</abbr> of its health!)</small><br></div><div class="spacer battle-history"><br></div><div class="battle-history">The opposing Xatu fainted!<br></div><div class="spacer battle-history"><br></div><div class="battle-history">Davon sent out <strong>Mesprit</strong>!<br></div><div class="spacer battle-history"><br></div><h2 class="battle-history">Turn 18</h2><div class="spacer battle-history"><br></div><div class="battle-history">Archeops, come back!<br></div><div class="battle-history">Go! <strong>Gastrodon</strong>!<br></div><div class="spacer battle-history"><br></div><div class="battle-history">The opposing Mesprit used <strong>Ice Beam</strong>!<br></div><div class="battle-history"><small>(Gastrodon lost <abbr title="−164/425">38.6%</abbr> of its health!)</small><br></div><div class="spacer battle-history"><br></div><div class="battle-history"><small>Gastrodon restored a little HP using its Leftovers!</small><br></div><div class="spacer battle-history"><br></div><h2 class="battle-history">Turn 19</h2><div class="spacer battle-history"><br></div><div class="battle-history">The opposing Mesprit used <strong>Ice Beam</strong>!<br></div><div class="battle-history"><small>(Gastrodon lost <abbr title="−164/425">38.6%</abbr> of its health!)</small><br></div><div class="spacer battle-history"><br></div><div class="battle-history">Gastrodon used <strong>Toxic</strong>!<br></div><div class="battle-history"><small>The opposing Mesprit was badly poisoned!</small><br></div><div class="spacer battle-history"><br></div><div class="battle-history"><small>Gastrodon restored a little HP using its Leftovers!</small><br></div><div class="battle-history"><small>The opposing Mesprit was hurt by poison!</small><br></div><div class="spacer battle-history"><br></div><h2 class="battle-history">Turn 20</h2><div class="spacer battle-history"><br></div><div class="battle-history">The opposing Mesprit used <strong>Ice Beam</strong>!<br></div><div class="battle-history"><small>(Gastrodon lost <abbr title="−147/425">34.6%</abbr> of its health!)</small><br></div><div class="spacer battle-history"><br></div><div class="battle-history">Gastrodon used <strong>Recover</strong>!<br></div><div class="battle-history"><small>Gastrodon restored its HP.</small><br></div><div class="spacer battle-history"><br></div><div class="battle-history"><small>Gastrodon restored a little HP using its Leftovers!</small><br></div><div class="battle-history"><small>The opposing Mesprit was hurt by poison!</small><br></div><div class="spacer battle-history"><br></div><h2 class="battle-history">Turn 21</h2><div class="spacer battle-history"><br></div><div class="battle-history">Davon withdrew Mesprit!<br></div><div class="battle-history">Davon sent out <strong>Lilligant</strong>!<br></div><div class="spacer battle-history"><br></div><div class="battle-history">Gastrodon used <strong>Recover</strong>!<br></div><div class="battle-history"><small>Gastrodon restored its HP.</small><br></div><div class="spacer battle-history"><br></div><h2 class="battle-history">Turn 22</h2><div class="spacer battle-history"><br></div><div class="battle-history">Gastrodon, come back!<br></div><div class="battle-history">Go! <strong>Shiftry</strong>!<br></div><div class="spacer battle-history"><br></div><div class="battle-history">The opposing Lilligant used <strong>Giga Drain</strong>!<br></div><div class="battle-history"><small>It's not very effective...</small><br></div><div class="battle-history"><small>(Shiftry lost <abbr title="−86/321">26.8%</abbr> of its health!)</small><br></div><div class="spacer battle-history"><br></div><h2 class="battle-history">Turn 23</h2><div class="spacer battle-history"><br></div><div class="battle-history">Shiftry used <strong>Knock Off</strong>!<br></div><div class="battle-history"><small>(The opposing Lilligant lost <abbr title="−171/281">60.9%</abbr> of its health!)</small><br></div><div class="battle-history"><small>Shiftry knocked off the opposing Lilligant's Choice Scarf!</small><br></div><div class="spacer battle-history"><br></div><div class="battle-history">The opposing Lilligant used <strong>Giga Drain</strong>!<br></div><div class="battle-history"><small>It's not very effective...</small><br></div><div class="battle-history"><small>(Shiftry lost <abbr title="−92/321">28.7%</abbr> of its health!)</small><br></div><div class="battle-history"><small>Shiftry had its energy drained!</small><br></div><div class="spacer battle-history"><br></div><h2 class="battle-history">Turn 24</h2><div class="spacer battle-history"><br></div><div class="battle-history">Shiftry used <strong>Sucker Punch</strong>!<br></div><div class="battle-history"><small>(The opposing Lilligant lost <abbr title="−148/281">52.7%</abbr> of its health!)</small><br></div><div class="spacer battle-history"><br></div><div class="battle-history">The opposing Lilligant is paralyzed! It can't move!<br></div><div class="spacer battle-history"><br></div><h2 class="battle-history">Turn 25</h2><div class="spacer battle-history"><br></div><div class="battle-history">Shiftry used <strong>Knock Off</strong>!<br></div><div class="battle-history"><small>(The opposing Lilligant lost <abbr title="−8/281">2.8%</abbr> of its health!)</small><br></div><div class="spacer battle-history"><br></div><div class="battle-history">The opposing Lilligant fainted!<br></div><div class="spacer battle-history"><br></div><div class="battle-history">Davon sent out <strong>Audino</strong>!<br></div><div class="spacer battle-history"><br></div><h2 class="battle-history">Turn 26</h2><div class="spacer battle-history"><br></div><div class="battle-history">Shiftry, come back!<br></div><div class="battle-history">Go! <strong>Gastrodon</strong>!<br></div><div class="spacer battle-history"><br></div><div class="battle-history">The opposing Audino used <strong>Dazzling Gleam</strong>!<br></div><div class="battle-history"><small>(Gastrodon lost <abbr title="−72/425">16.9%</abbr> of its health!)</small><br></div><div class="spacer battle-history"><br></div><div class="battle-history"><small>Gastrodon restored a little HP using its Leftovers!</small><br></div><div class="spacer battle-history"><br></div><h2 class="battle-history">Turn 27</h2><div class="spacer battle-history"><br></div><div class="battle-history">Davon withdrew Audino!<br></div><div class="battle-history">Davon sent out <strong>Mesprit</strong>!<br></div><div class="spacer battle-history"><br></div><div class="battle-history">Gastrodon used <strong>Toxic</strong>!<br></div><div class="battle-history"><small>But it failed!</small><br></div><div class="spacer battle-history"><br></div><div class="battle-history"><small>Gastrodon restored a little HP using its Leftovers!</small><br></div><div class="battle-history"><small>The opposing Mesprit was hurt by poison!</small><br></div><div class="spacer battle-history"><br></div><h2 class="battle-history">Turn 28</h2><div class="spacer battle-history"><br></div><div class="battle-history">Gastrodon, come back!<br></div><div class="battle-history">Go! <strong>Shiftry</strong>!<br></div><div class="spacer battle-history"><br></div><div class="battle-history">The opposing Mesprit used <strong>Psychic</strong>!<br></div><div class="battle-history"><small>It doesn't affect Shiftry...</small><br></div><div class="spacer battle-history"><br></div><div class="battle-history"><small>The opposing Mesprit was hurt by poison!</small><br></div><div class="spacer battle-history"><br></div><h2 class="battle-history">Turn 29</h2><div class="spacer battle-history"><br></div><div class="battle-history">Davon withdrew Mesprit!<br></div><div class="battle-history">Davon sent out <strong>Audino</strong>!<br></div><div class="spacer battle-history"><br></div><div class="battle-history">Shiftry used <strong>Leaf Storm</strong>!<br></div><div class="battle-history"><small>(The opposing Audino lost <abbr title="−211/347">60.8%</abbr> of its health!)</small><br></div><div class="battle-history"><small>Shiftry's Special Attack fell harshly!</small><br></div><div class="spacer battle-history"><br></div><h2 class="battle-history">Turn 30</h2><div class="spacer battle-history"><br></div><div class="battle-history">Shiftry, come back!<br></div><div class="battle-history">Go! <strong>Gastrodon</strong>!<br></div><div class="spacer battle-history"><br></div><div class="battle-history">Davon withdrew Audino!<br></div><div class="battle-history">Davon sent out <strong>Mesprit</strong>!<br></div><div class="spacer battle-history"><br></div><div class="battle-history"><small>Gastrodon restored a little HP using its Leftovers!</small><br></div><div class="battle-history"><small>The opposing Mesprit was hurt by poison!</small><br></div><div class="spacer battle-history"><br></div><h2 class="battle-history">Turn 31</h2><div class="spacer battle-history"><br></div><div class="battle-history">Davon withdrew Mesprit!<br></div><div class="battle-history">Davon sent out <strong>Audino</strong>!<br></div><div class="spacer battle-history"><br></div><div class="battle-history">Gastrodon used <strong>Scald</strong>!<br></div><div class="battle-history"><small>(The opposing Audino lost <abbr title="−96/347">27.7%</abbr> of its health!)</small><br></div><div class="battle-history"><small>The opposing Audino was burned!</small><br></div><div class="spacer battle-history"><br></div><div class="battle-history"><small>The opposing Audino was hurt by its burn!</small><br></div><div class="spacer battle-history"><br></div><h2 class="battle-history">Turn 32</h2><div class="spacer battle-history"><br></div><div class="battle-history">Davon withdrew Audino!<br></div><div class="battle-history">Davon sent out <strong>Mesprit</strong>!<br></div><div class="spacer battle-history"><br></div><div class="battle-history">Gastrodon used <strong>Scald</strong>!<br></div><div class="battle-history"><small>(The opposing Mesprit lost <abbr title="−85/301">28.2%</abbr> of its health!)</small><br></div><div class="spacer battle-history"><br></div><div class="battle-history"><small>The opposing Mesprit was hurt by poison!</small><br></div><div class="spacer battle-history"><br></div><h2 class="battle-history">Turn 33</h2><div class="spacer battle-history"><br></div><div class="battle-history">The opposing Mesprit used <strong>Healing Wish</strong>!<br></div><div class="spacer battle-history"><br></div><div class="battle-history">The opposing Mesprit fainted!<br></div><div class="battle-history">Gastrodon used <strong>Scald</strong>!<br></div><div class="battle-history"><small>But there was no target...</small><br></div><div class="spacer battle-history"><br></div><div class="battle-history">Davon sent out <strong>Audino</strong>!<br></div><div class="battle-history"><small>The healing wish came true for the opposing Audino!</small><br></div><div class="spacer battle-history"><br></div><h2 class="battle-history">Turn 34</h2><div class="spacer battle-history"><br></div><div class="battle-history"><small>The opposing Audino's Audinite is reacting to Davon's Mega Bracelet!</small><br>The opposing Audino has Mega Evolved into Mega Audino!<br></div><div class="spacer battle-history"><br></div><div class="battle-history">The opposing Audino used <strong>Calm Mind</strong>!<br></div><div class="battle-history"><small>The opposing Audino's Special Attack rose!</small><br></div><div class="battle-history"><small>The opposing Audino's Special Defense rose!</small><br></div><div class="spacer battle-history"><br></div><div class="battle-history">Gastrodon used <strong>Toxic</strong>!<br></div><div class="battle-history"><small>The opposing Audino was badly poisoned!</small><br></div><div class="spacer battle-history"><br></div><div class="battle-history"><small>The opposing Audino was hurt by poison!</small><br></div><div class="spacer battle-history"><br></div><h2 class="battle-history">Turn 35</h2><div class="spacer battle-history"><br></div><div class="battle-history">Gastrodon, come back!<br></div><div class="battle-history">Go! <strong>Shiftry</strong>!<br></div><div class="spacer battle-history"><br></div><div class="battle-history">The opposing Audino used <strong>Calm Mind</strong>!<br></div><div class="battle-history"><small>The opposing Audino's Special Attack rose!</small><br></div><div class="battle-history"><small>The opposing Audino's Special Defense rose!</small><br></div><div class="spacer battle-history"><br></div><div class="battle-history"><small>The opposing Audino was hurt by poison!</small><br></div><div class="spacer battle-history"><br></div><h2 class="battle-history">Turn 36</h2><div class="spacer battle-history"><br></div><div class="battle-history">Shiftry used <strong>Leaf Storm</strong>!<br></div><div class="battle-history"><small>(The opposing Audino lost <abbr title="−78/347">22.5%</abbr> of its health!)</small><br></div><div class="battle-history"><small>Shiftry's Special Attack fell harshly!</small><br></div><div class="spacer battle-history"><br></div><div class="battle-history">The opposing Audino used <strong>Dazzling Gleam</strong>!<br></div><div class="battle-history"><small>It's super effective!</small><br></div><div class="battle-history"><small>(Shiftry lost <abbr title="−61/321">19.0%</abbr> of its health!)</small><br></div><div class="spacer battle-history"><br></div><div class="battle-history">Shiftry fainted!<br></div><div class="spacer battle-history"><br></div><div class="battle-history"><small>The opposing Audino was hurt by poison!</small><br></div><div class="spacer battle-history"><br></div><div class="battle-history">Go! <strong>Archeops</strong>!<br></div><div class="spacer battle-history"><br></div><h2 class="battle-history">Turn 37</h2><div class="spacer battle-history"><br></div><div class="battle-history">Archeops used <strong>Stone Edge</strong>!<br></div><div class="battle-history"><small>(The opposing Audino lost <abbr title="−143/347">41.2%</abbr> of its health!)</small><br></div><div class="spacer battle-history"><br></div><div class="battle-history">The opposing Audino fainted!<br></div><div class="spacer battle-history"><br></div><div class="battle-history"><strong>Shadowtags</strong> won the battle!<br></div><div class="chat chatmessage-shadowtags"><strong style="color:hsl(126,46%,34%)"><small>☆</small><span class="username" data-name="Shadowtags">Shadowtags</span>:</strong> <em>gg</em></div><div class="chat chatmessage-davon"><strong style="color:hsl(187,54%,43.666666666666664%)"><small>☆</small><span class="username" data-name="Davon">Davon</span>:</strong> <em>gg fren</em></div></div><div class="inner-preempt"></div></div></div>
</div>
<script>
let daily = Math.floor(Date.now()/1000/60/60/24);document.write('<script src="https://play.pokemonshowdown.com/js/replay-embed.js?version'+daily+'"></'+'script>');
</script>
