<!DOCTYPE html>
<meta charset="utf-8" />
<!-- version 1 -->
<title>NU replay: Shadestep vs. shadowtags</title>
<style>
html,body {font-family:Verdana, sans-serif;font-size:10pt;margin:0;padding:0;}body{padding:12px 0;} .battle-log {font-family:Verdana, sans-serif;font-size:10pt;} .battle-log-inline {border:1px solid #AAAAAA;background:#EEF2F5;color:black;max-width:640px;margin:0 auto 80px;padding-bottom:5px;} .battle-log .inner {padding:4px 8px 0px 8px;} .battle-log .inner-preempt {padding:0 8px 4px 8px;} .battle-log .inner-after {margin-top:0.5em;} .battle-log h2 {margin:0.5em -8px;padding:4px 8px;border:1px solid #AAAAAA;background:#E0E7EA;border-left:0;border-right:0;font-family:Verdana, sans-serif;font-size:13pt;} .battle-log .chat {vertical-align:middle;padding:3px 0 3px 0;font-size:8pt;} .battle-log .chat strong {color:#40576A;} .battle-log .chat em {padding:1px 4px 1px 3px;color:#000000;font-style:normal;} .chat.mine {background:rgba(0,0,0,0.05);margin-left:-8px;margin-right:-8px;padding-left:8px;padding-right:8px;} .spoiler {color:#BBBBBB;background:#BBBBBB;padding:0px 3px;} .spoiler:hover, .spoiler:active, .spoiler-shown {color:#000000;background:#E2E2E2;padding:0px 3px;} .spoiler a {color:#BBBBBB;} .spoiler:hover a, .spoiler:active a, .spoiler-shown a {color:#2288CC;} .chat code, .chat .spoiler:hover code, .chat .spoiler:active code, .chat .spoiler-shown code {border:1px solid #C0C0C0;background:#EEEEEE;color:black;padding:0 2px;} .chat .spoiler code {border:1px solid #CCCCCC;background:#CCCCCC;color:#CCCCCC;} .battle-log .rated {padding:3px 4px;} .battle-log .rated strong {color:white;background:#89A;padding:1px 4px;border-radius:4px;} .spacer {margin-top:0.5em;} .message-announce {background:#6688AA;color:white;padding:1px 4px 2px;} .message-announce a, .broadcast-green a, .broadcast-blue a, .broadcast-red a {color:#DDEEFF;} .broadcast-green {background-color:#559955;color:white;padding:2px 4px;} .broadcast-blue {background-color:#6688AA;color:white;padding:2px 4px;} .infobox {border:1px solid #6688AA;padding:2px 4px;} .infobox-limited {max-height:200px;overflow:auto;overflow-x:hidden;} .broadcast-red {background-color:#AA5544;color:white;padding:2px 4px;} .message-learn-canlearn {font-weight:bold;color:#228822;text-decoration:underline;} .message-learn-cannotlearn {font-weight:bold;color:#CC2222;text-decoration:underline;} .message-effect-weak {font-weight:bold;color:#CC2222;} .message-effect-resist {font-weight:bold;color:#6688AA;} .message-effect-immune {font-weight:bold;color:#666666;} .message-learn-list {margin-top:0;margin-bottom:0;} .message-throttle-notice, .message-error {color:#992222;} .message-overflow, .chat small.message-overflow {font-size:0pt;} .message-overflow::before {font-size:9pt;content:'...';} .subtle {color:#3A4A66;}
</style>
<div class="wrapper replay-wrapper" style="max-width:1180px;margin:0 auto">
<input type="hidden" name="replayid" value="nu-541678400" />
<div class="battle"></div><div class="battle-log"></div><div class="replay-controls"></div><div class="replay-controls-2"></div>
<h1 style="font-weight:normal;text-align:center"><strong>NU</strong><br /><a href="http://pokemonshowdown.com/users/shadestep" class="subtle" target="_blank">Shadestep</a> vs. <a href="http://pokemonshowdown.com/users/shadowtags" class="subtle" target="_blank">shadowtags</a></h1>
<script type="text/plain" class="battle-log-data">|j|Shadestep
|j|shadowtags
|player|p1|Shadestep|#bw2elesa
|player|p2|shadowtags|#shadowtags
|gametype|singles
|gen|6
|tier|NU
|seed|19781,6032,28386,248
|rule|Sleep Clause Mod: Limit one foe put to sleep
|rule|Species Clause: Limit one of each Pokémon
|rule|OHKO Clause: OHKO moves are banned
|rule|Moody Clause: Moody is banned
|rule|Evasion Moves Clause: Evasion moves are banned
|rule|Endless Battle Clause: Forcing endless battles is banned
|rule|HP Percentage Mod: HP is shown in percentages
|clearpoke
|poke|p1|Lilligant, F|item
|poke|p1|Rhydon, F|item
|poke|p1|Mesprit|item
|poke|p1|Hariyama, F|item
|poke|p1|Pelipper, M|item
|poke|p1|Liepard, F|item
|poke|p2|Camerupt, F|item
|poke|p2|Scyther, F|item
|poke|p2|Bronzor|item
|poke|p2|Audino, M|item
|poke|p2|Hitmonchan, M|item
|poke|p2|Vileplume, M|item
|rule|Swagger Clause: Swagger is banned
|rule|Baton Pass Clause: Limit one Baton Passer, can't pass Spe and other stats simultaneously
|teampreview
|c|☆Shadestep|nasty
|c|☆Shadestep|gl hf
|c|☆shadowtags|u2
|j|ChikoRanium
|choice|team 6, team 2, team 3, team 4, team 5, team 1|team 2, team 1, team 3, team 4, team 5, team 6
|
|start
|switch|p1a: Liepard|Liepard, F|269\/269
|switch|p2a: Scyther|Scyther, F|341\/341
|turn|1
|choice|move uturn|move uturn
|
|move|p1a: Liepard|U-turn|p2a: Scyther
|-resisted|p2a: Scyther
|-damage|p2a: Scyther|303\/341
|choice|switch 5|
|
|switch|p1a: Pelipper|Pelipper, M|323\/323
|move|p2a: Scyther|U-turn|p1a: Pelipper
|-resisted|p1a: Pelipper
|-damage|p1a: Pelipper|287\/323
|-damage|p2a: Scyther|247\/341|[from] item: Rocky Helmet|[of] p1a: Pelipper
|choice||switch 3
|
|switch|p2a: Bronzor|Bronzor|318\/318
|
|upkeep
|turn|2
|choice|move uturn|move toxic
|
|move|p1a: Pelipper|U-turn|p2a: Bronzor
|-damage|p2a: Bronzor|295\/318
|choice|switch 5|
|
|switch|p1a: Liepard|Liepard, F|269\/269
|move|p2a: Bronzor|Toxic|p1a: Liepard
|-status|p1a: Liepard|tox
|
|-damage|p1a: Liepard|253\/269 tox|[from] psn
|upkeep
|turn|3
|choice|move knockoff|move stealthrock
|
|move|p1a: Liepard|Knock Off|p2a: Bronzor
|-supereffective|p2a: Bronzor
|-damage|p2a: Bronzor|0 fnt
|-enditem|p2a: Bronzor|Eviolite|[from] move: Knock Off|[of] p1a: Liepard
|faint|p2a: Bronzor
|
|-damage|p1a: Liepard|221\/269 tox|[from] psn
|upkeep
|choice||switch 3
|
|switch|p2a: Scyther|Scyther, F|247\/341
|turn|4
|j|Advantage
|choice|switch 5|move uturn
|
|switch|p1a: Pelipper|Pelipper, M|287\/323
|move|p2a: Scyther|U-turn|p1a: Pelipper
|-resisted|p1a: Pelipper
|-damage|p1a: Pelipper|252\/323
|-damage|p2a: Scyther|191\/341|[from] item: Rocky Helmet|[of] p1a: Pelipper
|choice||switch 6
|
|switch|p2a: Vileplume|Vileplume, M|353\/353
|
|upkeep
|turn|5
|choice|move uturn|switch 6
|
|switch|p2a: Scyther|Scyther, F|191\/341
|move|p1a: Pelipper|U-turn|p2a: Scyther
|-resisted|p2a: Scyther
|-damage|p2a: Scyther|180\/341
|choice|switch 2|
|
|switch|p1a: Rhydon|Rhydon, F|351\/351
|
|upkeep
|turn|6
|choice|move earthquake|move knockoff
|
|move|p2a: Scyther|Knock Off|p1a: Rhydon
|-damage|p1a: Rhydon|300\/351
|-enditem|p1a: Rhydon|Eviolite|[from] move: Knock Off|[of] p2a: Scyther
|move|p1a: Rhydon|Earthquake|p2a: Scyther
|-immune|p2a: Scyther|[msg]
|
|upkeep
|turn|7
|c|☆shadowtags|dumbass
|c|☆shadowtags|lol
|c|☆Shadestep|..
|choice|move earthquake|move uturn
|
|move|p2a: Scyther|U-turn|p1a: Rhydon
|-damage|p1a: Rhydon|219\/351
|choice||switch 5
|
|switch|p2a: Hitmonchan|Hitmonchan, M|241\/241
|move|p1a: Rhydon|Earthquake|p2a: Hitmonchan
|-damage|p2a: Hitmonchan|42\/241
|
|upkeep
|turn|8
|c|☆Shadestep|dumbass
|c|☆Shadestep|lol
|choice|switch 2|switch 6
|
|switch|p2a: Vileplume|Vileplume, M|353\/353
|switch|p1a: Pelipper|Pelipper, M|252\/323
|
|upkeep
|turn|9
|j|eternally
|choice|move uturn|move sludgebomb
|
|move|p1a: Pelipper|U-turn|p2a: Vileplume
|-damage|p2a: Vileplume|331\/353
|choice|switch 3|
|
|switch|p1a: Mesprit|Mesprit|364\/364
|move|p2a: Vileplume|Sludge Bomb|p1a: Mesprit
|-damage|p1a: Mesprit|256\/364
|-status|p1a: Mesprit|psn
|
|-heal|p2a: Vileplume|353\/353|[from] item: Black Sludge
|-damage|p1a: Mesprit|211\/364 psn|[from] psn
|upkeep
|turn|10
|c|☆shadowtags|tru
|choice|move stealthrock|switch 6
|
|switch|p2a: Hitmonchan|Hitmonchan, M|42\/241
|move|p1a: Mesprit|Stealth Rock|p2a: Hitmonchan
|-sidestart|p2: shadowtags|move: Stealth Rock
|
|-damage|p1a: Mesprit|166\/364 psn|[from] psn
|upkeep
|turn|11
|choice|move stealthrock|move rapidspin
|
|move|p2a: Hitmonchan|Rapid Spin|p1a: Mesprit
|-damage|p1a: Mesprit|145\/364 psn
|-sideend|p2: shadowtags|Stealth Rock|[from] move: Rapid Spin|[of] p2a: Hitmonchan
|-damage|p2a: Hitmonchan|18\/241|[from] item: Life Orb
|move|p1a: Mesprit|Stealth Rock|p2a: Hitmonchan
|-sidestart|p2: shadowtags|move: Stealth Rock
|
|-damage|p1a: Mesprit|100\/364 psn|[from] psn
|upkeep
|turn|12
|choice|switch 3|move icepunch
|
|switch|p1a: Pelipper|Pelipper, M|252\/323
|move|p2a: Hitmonchan|Ice Punch|p1a: Pelipper
|-damage|p1a: Pelipper|157\/323
|-damage|p2a: Hitmonchan|0 fnt|[from] item: Rocky Helmet|[of] p1a: Pelipper
|faint|p2a: Hitmonchan
|
|upkeep
|l|Advantage
|choice||switch 6
|
|switch|p2a: Vileplume|Vileplume, M|353\/353
|-damage|p2a: Vileplume|309\/353|[from] Stealth Rock
|turn|13
|choice|move roost|move sludgebomb
|
|move|p1a: Pelipper|Roost|p1a: Pelipper
|-heal|p1a: Pelipper|319\/323
|move|p2a: Vileplume|Sludge Bomb|p1a: Pelipper
|-damage|p1a: Pelipper|183\/323
|
|-heal|p2a: Vileplume|331\/353|[from] item: Black Sludge
|upkeep
|turn|14
|choice|move scald|move sludgebomb
|
|move|p1a: Pelipper|Scald|p2a: Vileplume
|-resisted|p2a: Vileplume
|-damage|p2a: Vileplume|289\/353
|move|p2a: Vileplume|Sludge Bomb|p1a: Pelipper
|-damage|p1a: Pelipper|44\/323
|
|-heal|p2a: Vileplume|311\/353|[from] item: Black Sludge
|upkeep
|turn|15
|choice|move scald|move gigadrain
|
|move|p1a: Pelipper|Scald|p2a: Vileplume
|-resisted|p2a: Vileplume
|-damage|p2a: Vileplume|268\/353
|move|p2a: Vileplume|Giga Drain|p1a: Pelipper
|-damage|p1a: Pelipper|0 fnt
|-heal|p2a: Vileplume|290\/353|[from] drain|[of] p1a: Pelipper
|faint|p1a: Pelipper
|
|-heal|p2a: Vileplume|312\/353|[from] item: Black Sludge
|upkeep
|c|☆Shadestep|classic
|choice|switch 5|
|
|switch|p1a: Liepard|Liepard, F|221\/269 tox
|turn|16
|l|ChikoRanium
|choice|move knockoff|move synthesis
|
|move|p1a: Liepard|Knock Off|p2a: Vileplume
|-damage|p2a: Vileplume|137\/353
|-enditem|p2a: Vileplume|Black Sludge|[from] move: Knock Off|[of] p1a: Liepard
|move|p2a: Vileplume|Synthesis|p2a: Vileplume
|-heal|p2a: Vileplume|313\/353
|
|-damage|p1a: Liepard|205\/269 tox|[from] psn
|upkeep
|turn|17
|choice|move knockoff|move gigadrain
|
|move|p1a: Liepard|Knock Off|p2a: Vileplume
|-crit|p2a: Vileplume
|-damage|p2a: Vileplume|148\/353
|move|p2a: Vileplume|Giga Drain|p1a: Liepard
|-damage|p1a: Liepard|39\/269 tox
|-heal|p2a: Vileplume|231\/353|[from] drain|[of] p1a: Liepard
|
|-damage|p1a: Liepard|7\/269 tox|[from] psn
|upkeep
|turn|18
|choice|switch 3|move synthesis
|
|switch|p1a: Mesprit|Mesprit|100\/364 psn
|move|p2a: Vileplume|Synthesis|p2a: Vileplume
|-heal|p2a: Vileplume|353\/353
|
|-damage|p1a: Mesprit|55\/364 psn|[from] psn
|upkeep
|turn|19
|j|yogi✬bears
|choice|move thunderwave|move gigadrain
|
|move|p1a: Mesprit|Thunder Wave|p2a: Vileplume
|-status|p2a: Vileplume|par
|cant|p2a: Vileplume|par
|
|-damage|p1a: Mesprit|10\/364 psn|[from] psn
|upkeep
|turn|20
|choice|move psyshock|move synthesis
|
|move|p1a: Mesprit|Psyshock|p2a: Vileplume
|-supereffective|p2a: Vileplume
|-damage|p2a: Vileplume|177\/353 par
|move|p2a: Vileplume|Synthesis|p2a: Vileplume
|-heal|p2a: Vileplume|353\/353 par
|
|-damage|p1a: Mesprit|0 fnt|[from] psn
|upkeep
|faint|p1a: Mesprit
|c|☆Shadestep|love twave
|choice|switch 6|
|
|switch|p1a: Lilligant|Lilligant, F|281\/281
|turn|21
|choice|move hiddenpower|move sludgebomb
|
|move|p1a: Lilligant|Hidden Power|p2a: Vileplume
|-supereffective|p2a: Vileplume
|-damage|p2a: Vileplume|147\/353 par
|cant|p2a: Vileplume|par
|
|upkeep
|turn|22
|c|☆Shadestep|sry
|c| yogi✬bears|Eww
|choice|move hiddenpower|move sludgebomb
|
|move|p1a: Lilligant|Hidden Power|p2a: Vileplume
|-supereffective|p2a: Vileplume
|-damage|p2a: Vileplume|0 fnt
|faint|p2a: Vileplume
|
|upkeep
|choice||switch 5
|
|switch|p2a: Scyther|Scyther, F|180\/341
|-damage|p2a: Scyther|10\/341|[from] Stealth Rock
|turn|23
|choice|switch 4|move uturn
|
|switch|p1a: Hariyama|Hariyama, F|429\/429
|move|p2a: Scyther|U-turn|p1a: Hariyama
|-resisted|p1a: Hariyama
|-damage|p1a: Hariyama|362\/429
|l|yogi✬bears
|choice||switch 2
|
|switch|p2a: Camerupt|Camerupt, F|323\/323
|-damage|p2a: Camerupt|283\/323|[from] Stealth Rock
|
|upkeep
|turn|24
|choice|move closecombat|move lavaplume
|
|move|p1a: Hariyama|Close Combat|p2a: Camerupt
|-damage|p2a: Camerupt|0 fnt
|-unboost|p1a: Hariyama|def|1
|-unboost|p1a: Hariyama|spd|1
|faint|p2a: Camerupt
|
|upkeep
|choice||switch 4
|
|switch|p2a: Audino|Audino, M|410\/410
|-damage|p2a: Audino|359\/410|[from] Stealth Rock
|turn|25
|choice|switch 2|move calmmind mega
|
|switch|p1a: Rhydon|Rhydon, F|219\/351
|detailschange|p2a: Audino|Audino-Mega, M
|-mega|p2a: Audino|Audino|Audinite
|move|p2a: Audino|Calm Mind|p2a: Audino
|-boost|p2a: Audino|spa|1
|-boost|p2a: Audino|spd|1
|
|upkeep
|turn|26
|choice|move swordsdance|move dazzlinggleam
|
|move|p1a: Rhydon|Swords Dance|p1a: Rhydon
|-boost|p1a: Rhydon|atk|2
|move|p2a: Audino|Dazzling Gleam|p1a: Rhydon
|-damage|p1a: Rhydon|0 fnt
|faint|p1a: Rhydon
|
|upkeep
|c|☆shadowtags|lol.
|c|☆Shadestep|o fuck lol
|c|☆shadowtags|no evio
|choice|switch 3|
|
|switch|p1a: Liepard|Liepard, F|7\/269 tox
|turn|27
|c|☆shadowtags|broo
|c|☆Shadestep|ya ik
|c|☆Shadestep|didnt expect it to do 63 tho
|choice|move playrough|move rest
|
|move|p1a: Liepard|Play Rough|p2a: Audino
|-damage|p2a: Audino|284\/410
|move|p2a: Audino|Rest|p2a: Audino
|-status|p2a: Audino|slp
|-heal|p2a: Audino|410\/410 slp|[silent]
|-status|p2a: Audino|slp|[from] move: Rest
|
|-damage|p1a: Liepard|0 fnt|[from] psn
|upkeep
|faint|p1a: Liepard
|choice|switch 2|
|
|switch|p1a: Hariyama|Hariyama, F|362\/429
|turn|28
|choice|move closecombat|move sleeptalk
|
|move|p1a: Hariyama|Close Combat|p2a: Audino
|-damage|p2a: Audino|269\/410 slp
|-unboost|p1a: Hariyama|def|1
|-unboost|p1a: Hariyama|spd|1
|cant|p2a: Audino|slp
|move|p2a: Audino|Sleep Talk|p2a: Audino
|move|p2a: Audino|Dazzling Gleam|p1a: Hariyama|[from]Sleep Talk
|-supereffective|p1a: Hariyama
|-damage|p1a: Hariyama|78\/429
|
|upkeep
|turn|29
|c|+eternally|shadestep getting tossed
|c|+eternally|whats new?
|c|☆shadowtags|tru
|choice|move closecombat|move sleeptalk
|
|move|p1a: Hariyama|Close Combat|p2a: Audino
|-damage|p2a: Audino|140\/410 slp
|-unboost|p1a: Hariyama|def|1
|-unboost|p1a: Hariyama|spd|1
|cant|p2a: Audino|slp
|move|p2a: Audino|Sleep Talk|p2a: Audino
|move|p2a: Audino|Calm Mind|p2a: Audino|[from]Sleep Talk
|-boost|p2a: Audino|spa|1
|-boost|p2a: Audino|spd|1
|
|upkeep
|turn|30
|c|☆shadowtags|gonna need a low roll
|choice|move closecombat|move rest
|
|move|p1a: Hariyama|Close Combat|p2a: Audino
|-damage|p2a: Audino|5\/410 slp
|-unboost|p1a: Hariyama|def|1
|-unboost|p1a: Hariyama|spd|1
|-curestatus|p2a: Audino|slp|[msg]
|move|p2a: Audino|Rest|p2a: Audino
|-status|p2a: Audino|slp
|-heal|p2a: Audino|410\/410 slp|[silent]
|-status|p2a: Audino|slp|[from] move: Rest
|
|upkeep
|turn|31
|choice|move closecombat|move sleeptalk
|
|move|p1a: Hariyama|Close Combat|p2a: Audino
|-damage|p2a: Audino|266\/410 slp
|-unboost|p1a: Hariyama|def|1
|-unboost|p1a: Hariyama|spd|1
|cant|p2a: Audino|slp
|move|p2a: Audino|Sleep Talk|p2a: Audino
|move|p2a: Audino|Dazzling Gleam|p1a: Hariyama|[from]Sleep Talk
|-supereffective|p1a: Hariyama
|-crit|p1a: Hariyama
|-damage|p1a: Hariyama|0 fnt
|faint|p1a: Hariyama
|
|upkeep
|choice|switch 4|
|
|switch|p1a: Lilligant|Lilligant, F|281\/281
|turn|32
|c|☆Shadestep|crit
|choice|move leafstorm|move sleeptalk
|
|move|p1a: Lilligant|Leaf Storm|p2a: Audino
|-damage|p2a: Audino|133\/410 slp
|-unboost|p1a: Lilligant|spa|2
|cant|p2a: Audino|slp
|move|p2a: Audino|Sleep Talk|p2a: Audino
|move|p2a: Audino|Calm Mind|p2a: Audino|[from]Sleep Talk
|-boost|p2a: Audino|spa|1
|-boost|p2a: Audino|spd|1
|
|upkeep
|turn|33
|c|☆Shadestep|surprise surprise
|c|☆shadowtags|lol scarf
|c|☆shadowtags|fagg
|c|☆Shadestep|its specs
|c|☆Shadestep|poopy
|c|☆Shadestep|fagg
|c|☆Shadestep|poopy
|c|☆Shadestep|lol
|c|☆shadowtags|poopy tho
|c|☆Shadestep|poopy auto changes to poopy
|c|☆Shadestep|f a g auto changes to poopy
|choice|move leafstorm|move rest
|
|move|p1a: Lilligant|Leaf Storm|p2a: Audino
|-damage|p2a: Audino|78\/410 slp
|-unboost|p1a: Lilligant|spa|2
|-curestatus|p2a: Audino|slp|[msg]
|move|p2a: Audino|Rest|p2a: Audino
|-status|p2a: Audino|slp
|-heal|p2a: Audino|410\/410 slp|[silent]
|-status|p2a: Audino|slp|[from] move: Rest
|
|upkeep
|turn|34
|choice|move leafstorm|move sleeptalk
|
|move|p1a: Lilligant|Leaf Storm|p2a: Audino
|-damage|p2a: Audino|373\/410 slp
|-unboost|p1a: Lilligant|spa|2
|cant|p2a: Audino|slp
|move|p2a: Audino|Sleep Talk|p2a: Audino
|move|p2a: Audino|Rest|p2a: Audino|[from]Sleep Talk
|-fail|p2a: Audino
|
|upkeep
|turn|35
|choice|move leafstorm|move sleeptalk
|
|move|p1a: Lilligant|Leaf Storm|p2a: Audino
|-damage|p2a: Audino|346\/410 slp
|cant|p2a: Audino|slp
|move|p2a: Audino|Sleep Talk|p2a: Audino
|move|p2a: Audino|Calm Mind|p2a: Audino|[from]Sleep Talk
|-boost|p2a: Audino|spa|1
|-boost|p2a: Audino|spd|1
|
|upkeep
|turn|36
|c|☆Shadestep|crit hele
|c|☆Shadestep|bop
|c|☆Shadestep|thele it is
|choice|move leafstorm|move dazzlinggleam
|
|move|p1a: Lilligant|Leaf Storm|p2a: Audino
|-crit|p2a: Audino
|-damage|p2a: Audino|0 fnt
|faint|p2a: Audino
|
|upkeep
|c|☆Shadestep|OML
|c|☆Shadestep|LOL
|c|☆Shadestep|LOOOOOOOOOOOOOOL
|c|+eternally|poopy
|c|☆Shadestep|GET FUCKED
|choice||switch 2
|
|switch|p2a: Scyther|Scyther, F|10\/341
|-damage|p2a: Scyther|0 fnt|[from] Stealth Rock
|faint|p2a: Scyther
|
|win|Shadestep
|player|p1
|player|p2
|l|eternally
|l|shadowtags</script>
</div>
<div class="battle-log battle-log-inline"><div class="inner"><div class="battle-options"></div><div class="inner"><div class="chat"><small>Shadestep joined.</small></div><div class="chat"><small>shadowtags joined.</small></div><div class=""><small>Format:</small> <br><strong>NU</strong></div><div class=""><small><em>Sleep Clause Mod:</em> Limit one foe put to sleep</small></div><div class=""><small><em>Species Clause:</em> Limit one of each Pokémon</small></div><div class=""><small><em>OHKO Clause:</em> OHKO moves are banned</small></div><div class=""><small><em>Moody Clause:</em> Moody is banned</small></div><div class=""><small><em>Evasion Moves Clause:</em> Evasion moves are banned</small></div><div class=""><small><em>Endless Battle Clause:</em> Forcing endless battles is banned</small></div><div class=""><small><em>HP Percentage Mod:</em> HP is shown in percentages</small></div><div class=""><small><em>Swagger Clause:</em> Swagger is banned</small></div><div class=""><small><em>Baton Pass Clause:</em> Limit one Baton Passer, can't pass Spe and other stats simultaneously</small></div><div class="chat battle-history"><strong>Shadestep's team:</strong> <em style="color:#445566;display:block;">Lilligant / Rhydon / Mesprit / Hariyama / Pelipper / Liepard</em></div><div class="chat battle-history"><strong>shadowtags's team:</strong> <em style="color:#445566;display:block;">Camerupt / Scyther / Bronzor / Audino / Hitmonchan / Vileplume</em></div><div class="chat chatmessage-shadestep"><strong style="color:hsl(348,69%,49.13556749513967%)"><small>☆</small><span class="username" data-name="Shadestep">Shadestep</span>:</strong> <em>nasty</em></div><div class="chat chatmessage-shadestep"><strong style="color:hsl(348,69%,49.13556749513967%)"><small>☆</small><span class="username" data-name="Shadestep">Shadestep</span>:</strong> <em>gl hf</em></div><div class="chat chatmessage-shadowtags"><strong style="color:hsl(126,46%,34%)"><small>☆</small><span class="username" data-name="shadowtags">shadowtags</span>:</strong> <em>u2</em></div><div class="chat"><small>ChikoRanium joined.</small></div><div class="spacer battle-history"><br></div><div class="battle-history">Battle started between Shadestep and shadowtags!<br></div><div class="spacer battle-history"><br></div><div class="battle-history">Go! <strong>Liepard</strong>!<br></div><div class="spacer battle-history"><br></div><div class="battle-history">shadowtags sent out <strong>Scyther</strong>!<br></div><div class="spacer battle-history"><br></div><h2 class="battle-history">Turn 1</h2><div class="spacer battle-history"><br></div><div class="battle-history">Liepard used <strong>U-turn</strong>!<br></div><div class="battle-history"><small>It's not very effective...</small><br></div><div class="battle-history"><small>(The opposing Scyther lost <abbr title="−38/341">11.1%</abbr> of its health!)</small><br></div><div class="spacer battle-history"><br></div><div class="battle-history">Liepard went back to Shadestep!<br></div><div class="battle-history">Go! <strong>Pelipper</strong>!<br></div><div class="spacer battle-history"><br></div><div class="battle-history">The opposing Scyther used <strong>U-turn</strong>!<br></div><div class="battle-history"><small>It's not very effective...</small><br></div><div class="battle-history"><small>(Pelipper lost <abbr title="−36/323">11.1%</abbr> of its health!)</small><br></div><div class="battle-history"><small>The opposing Scyther was hurt by the Rocky Helmet!</small><br></div><div class="spacer battle-history"><br></div><div class="battle-history">The opposing Scyther went back to shadowtags!<br></div><div class="battle-history">shadowtags sent out <strong>Bronzor</strong>!<br></div><div class="spacer battle-history"><br></div><h2 class="battle-history">Turn 2</h2><div class="spacer battle-history"><br></div><div class="battle-history">Pelipper used <strong>U-turn</strong>!<br></div><div class="battle-history"><small>(The opposing Bronzor lost <abbr title="−23/318">7.2%</abbr> of its health!)</small><br></div><div class="spacer battle-history"><br></div><div class="battle-history">Pelipper went back to Shadestep!<br></div><div class="battle-history">Go! <strong>Liepard</strong>!<br></div><div class="spacer battle-history"><br></div><div class="battle-history">The opposing Bronzor used <strong>Toxic</strong>!<br></div><div class="battle-history"><small>Liepard was badly poisoned!</small><br></div><div class="spacer battle-history"><br></div><div class="battle-history"><small>Liepard was hurt by poison!</small><br></div><div class="spacer battle-history"><br></div><h2 class="battle-history">Turn 3</h2><div class="spacer battle-history"><br></div><div class="battle-history">Liepard used <strong>Knock Off</strong>!<br></div><div class="battle-history"><small>It's super effective!</small><br></div><div class="battle-history"><small>(The opposing Bronzor lost <abbr title="−295/318">92.8%</abbr> of its health!)</small><br></div><div class="battle-history"><small>Liepard knocked off the opposing Bronzor's Eviolite!</small><br></div><div class="spacer battle-history"><br></div><div class="battle-history">The opposing Bronzor fainted!<br></div><div class="spacer battle-history"><br></div><div class="battle-history"><small>Liepard was hurt by poison!</small><br></div><div class="spacer battle-history"><br></div><div class="battle-history">shadowtags sent out <strong>Scyther</strong>!<br></div><div class="spacer battle-history"><br></div><h2 class="battle-history">Turn 4</h2><div class="chat"><small>Advantage joined.</small></div><div class="spacer battle-history"><br></div><div class="battle-history">Liepard, come back!<br></div><div class="battle-history">Go! <strong>Pelipper</strong>!<br></div><div class="spacer battle-history"><br></div><div class="battle-history">The opposing Scyther used <strong>U-turn</strong>!<br></div><div class="battle-history"><small>It's not very effective...</small><br></div><div class="battle-history"><small>(Pelipper lost <abbr title="−35/323">10.8%</abbr> of its health!)</small><br></div><div class="battle-history"><small>The opposing Scyther was hurt by the Rocky Helmet!</small><br></div><div class="spacer battle-history"><br></div><div class="battle-history">The opposing Scyther went back to shadowtags!<br></div><div class="battle-history">shadowtags sent out <strong>Vileplume</strong>!<br></div><div class="spacer battle-history"><br></div><h2 class="battle-history">Turn 5</h2><div class="spacer battle-history"><br></div><div class="battle-history">shadowtags withdrew Vileplume!<br></div><div class="battle-history">shadowtags sent out <strong>Scyther</strong>!<br></div><div class="spacer battle-history"><br></div><div class="battle-history">Pelipper used <strong>U-turn</strong>!<br></div><div class="battle-history"><small>It's not very effective...</small><br></div><div class="battle-history"><small>(The opposing Scyther lost <abbr title="−11/341">3.2%</abbr> of its health!)</small><br></div><div class="spacer battle-history"><br></div><div class="battle-history">Pelipper went back to Shadestep!<br></div><div class="battle-history">Go! <strong>Rhydon</strong>!<br></div><div class="spacer battle-history"><br></div><h2 class="battle-history">Turn 6</h2><div class="spacer battle-history"><br></div><div class="battle-history">The opposing Scyther used <strong>Knock Off</strong>!<br></div><div class="battle-history"><small>(Rhydon lost <abbr title="−51/351">14.5%</abbr> of its health!)</small><br></div><div class="battle-history"><small>The opposing Scyther knocked off Rhydon's Eviolite!</small><br></div><div class="spacer battle-history"><br></div><div class="battle-history">Rhydon used <strong>Earthquake</strong>!<br></div><div class="battle-history"><small>It doesn't affect the opposing Scyther...</small><br></div><div class="spacer battle-history"><br></div><h2 class="battle-history">Turn 7</h2><div class="chat chatmessage-shadowtags"><strong style="color:hsl(126,46%,34%)"><small>☆</small><span class="username" data-name="shadowtags">shadowtags</span>:</strong> <em>dumbass</em></div><div class="chat chatmessage-shadowtags"><strong style="color:hsl(126,46%,34%)"><small>☆</small><span class="username" data-name="shadowtags">shadowtags</span>:</strong> <em>lol</em></div><div class="chat chatmessage-shadestep"><strong style="color:hsl(348,69%,49.13556749513967%)"><small>☆</small><span class="username" data-name="Shadestep">Shadestep</span>:</strong> <em>..</em></div><div class="spacer battle-history"><br></div><div class="battle-history">The opposing Scyther used <strong>U-turn</strong>!<br></div><div class="battle-history"><small>(Rhydon lost <abbr title="−81/351">23.1%</abbr> of its health!)</small><br></div><div class="spacer battle-history"><br></div><div class="battle-history">The opposing Scyther went back to shadowtags!<br></div><div class="battle-history">shadowtags sent out <strong>Hitmonchan</strong>!<br></div><div class="spacer battle-history"><br></div><div class="battle-history">Rhydon used <strong>Earthquake</strong>!<br></div><div class="battle-history"><small>(The opposing Hitmonchan lost <abbr title="−199/241">82.6%</abbr> of its health!)</small><br></div><div class="spacer battle-history"><br></div><h2 class="battle-history">Turn 8</h2><div class="chat chatmessage-shadestep"><strong style="color:hsl(348,69%,49.13556749513967%)"><small>☆</small><span class="username" data-name="Shadestep">Shadestep</span>:</strong> <em>dumbass</em></div><div class="chat chatmessage-shadestep"><strong style="color:hsl(348,69%,49.13556749513967%)"><small>☆</small><span class="username" data-name="Shadestep">Shadestep</span>:</strong> <em>lol</em></div><div class="spacer battle-history"><br></div><div class="battle-history">shadowtags withdrew Hitmonchan!<br></div><div class="battle-history">shadowtags sent out <strong>Vileplume</strong>!<br></div><div class="spacer battle-history"><br></div><div class="battle-history">Rhydon, come back!<br></div><div class="battle-history">Go! <strong>Pelipper</strong>!<br></div><div class="spacer battle-history"><br></div><h2 class="battle-history">Turn 9</h2><div class="chat"><small>eternally joined.</small></div><div class="spacer battle-history"><br></div><div class="battle-history">Pelipper used <strong>U-turn</strong>!<br></div><div class="battle-history"><small>(The opposing Vileplume lost <abbr title="−22/353">6.2%</abbr> of its health!)</small><br></div><div class="spacer battle-history"><br></div><div class="battle-history">Pelipper went back to Shadestep!<br></div><div class="battle-history">Go! <strong>Mesprit</strong>!<br></div><div class="spacer battle-history"><br></div><div class="battle-history">The opposing Vileplume used <strong>Sludge Bomb</strong>!<br></div><div class="battle-history"><small>(Mesprit lost <abbr title="−108/364">29.7%</abbr> of its health!)</small><br></div><div class="battle-history"><small>Mesprit was poisoned!</small><br></div><div class="spacer battle-history"><br></div><div class="battle-history"><small>The opposing Vileplume restored a little HP using its Black Sludge!</small><br></div><div class="battle-history"><small>Mesprit was hurt by poison!</small><br></div><div class="spacer battle-history"><br></div><h2 class="battle-history">Turn 10</h2><div class="chat chatmessage-shadowtags"><strong style="color:hsl(126,46%,34%)"><small>☆</small><span class="username" data-name="shadowtags">shadowtags</span>:</strong> <em>tru</em></div><div class="spacer battle-history"><br></div><div class="battle-history">shadowtags withdrew Vileplume!<br></div><div class="battle-history">shadowtags sent out <strong>Hitmonchan</strong>!<br></div><div class="spacer battle-history"><br></div><div class="battle-history">Mesprit used <strong>Stealth Rock</strong>!<br></div><div class="battle-history"><small>Pointed stones float in the air around the opposing team!</small><br></div><div class="spacer battle-history"><br></div><div class="battle-history"><small>Mesprit was hurt by poison!</small><br></div><div class="spacer battle-history"><br></div><h2 class="battle-history">Turn 11</h2><div class="spacer battle-history"><br></div><div class="battle-history">The opposing Hitmonchan used <strong>Rapid Spin</strong>!<br></div><div class="battle-history"><small>(Mesprit lost <abbr title="−21/364">5.8%</abbr> of its health!)</small><br></div><div class="battle-history"><small>The pointed stones disappeared from around the opposing team!</small><br></div><div class="battle-history"><small>The opposing Hitmonchan lost some of its HP!</small><br></div><div class="spacer battle-history"><br></div><div class="battle-history">Mesprit used <strong>Stealth Rock</strong>!<br></div><div class="battle-history"><small>Pointed stones float in the air around the opposing team!</small><br></div><div class="spacer battle-history"><br></div><div class="battle-history"><small>Mesprit was hurt by poison!</small><br></div><div class="spacer battle-history"><br></div><h2 class="battle-history">Turn 12</h2><div class="spacer battle-history"><br></div><div class="battle-history">Mesprit, come back!<br></div><div class="battle-history">Go! <strong>Pelipper</strong>!<br></div><div class="spacer battle-history"><br></div><div class="battle-history">The opposing Hitmonchan used <strong>Ice Punch</strong>!<br></div><div class="battle-history"><small>(Pelipper lost <abbr title="−95/323">29.4%</abbr> of its health!)</small><br></div><div class="battle-history"><small>The opposing Hitmonchan was hurt by the Rocky Helmet!</small><br></div><div class="spacer battle-history"><br></div><div class="battle-history">The opposing Hitmonchan fainted!<br></div><div class="chat"><small>Advantage left.</small></div><div class="spacer battle-history"><br></div><div class="battle-history">shadowtags sent out <strong>Vileplume</strong>!<br></div><div class="battle-history"><small>Pointed stones dug into the opposing Vileplume!</small><br></div><div class="spacer battle-history"><br></div><h2 class="battle-history">Turn 13</h2><div class="spacer battle-history"><br></div><div class="battle-history">Pelipper used <strong>Roost</strong>!<br></div><div class="battle-history"><small>Pelipper restored its HP.</small><br></div><div class="spacer battle-history"><br></div><div class="battle-history">The opposing Vileplume used <strong>Sludge Bomb</strong>!<br></div><div class="battle-history"><small>(Pelipper lost <abbr title="−136/323">42.1%</abbr> of its health!)</small><br></div><div class="spacer battle-history"><br></div><div class="battle-history"><small>The opposing Vileplume restored a little HP using its Black Sludge!</small><br></div><div class="spacer battle-history"><br></div><h2 class="battle-history">Turn 14</h2><div class="spacer battle-history"><br></div><div class="battle-history">Pelipper used <strong>Scald</strong>!<br></div><div class="battle-history"><small>It's not very effective...</small><br></div><div class="battle-history"><small>(The opposing Vileplume lost <abbr title="−42/353">11.9%</abbr> of its health!)</small><br></div><div class="spacer battle-history"><br></div><div class="battle-history">The opposing Vileplume used <strong>Sludge Bomb</strong>!<br></div><div class="battle-history"><small>(Pelipper lost <abbr title="−139/323">43.0%</abbr> of its health!)</small><br></div><div class="spacer battle-history"><br></div><div class="battle-history"><small>The opposing Vileplume restored a little HP using its Black Sludge!</small><br></div><div class="spacer battle-history"><br></div><h2 class="battle-history">Turn 15</h2><div class="spacer battle-history"><br></div><div class="battle-history">Pelipper used <strong>Scald</strong>!<br></div><div class="battle-history"><small>It's not very effective...</small><br></div><div class="battle-history"><small>(The opposing Vileplume lost <abbr title="−43/353">12.2%</abbr> of its health!)</small><br></div><div class="spacer battle-history"><br></div><div class="battle-history">The opposing Vileplume used <strong>Giga Drain</strong>!<br></div><div class="battle-history"><small>(Pelipper lost <abbr title="−44/323">13.6%</abbr> of its health!)</small><br></div><div class="battle-history"><small>Pelipper had its energy drained!</small><br></div><div class="spacer battle-history"><br></div><div class="battle-history">Pelipper fainted!<br></div><div class="spacer battle-history"><br></div><div class="battle-history"><small>The opposing Vileplume restored a little HP using its Black Sludge!</small><br></div><div class="chat chatmessage-shadestep"><strong style="color:hsl(348,69%,49.13556749513967%)"><small>☆</small><span class="username" data-name="Shadestep">Shadestep</span>:</strong> <em>classic</em></div><div class="spacer battle-history"><br></div><div class="battle-history">Go! <strong>Liepard</strong>!<br></div><div class="spacer battle-history"><br></div><h2 class="battle-history">Turn 16</h2><div class="chat"><small>ChikoRanium left.</small></div><div class="spacer battle-history"><br></div><div class="battle-history">Liepard used <strong>Knock Off</strong>!<br></div><div class="battle-history"><small>(The opposing Vileplume lost <abbr title="−175/353">49.6%</abbr> of its health!)</small><br></div><div class="battle-history"><small>Liepard knocked off the opposing Vileplume's Black Sludge!</small><br></div><div class="spacer battle-history"><br></div><div class="battle-history">The opposing Vileplume used <strong>Synthesis</strong>!<br></div><div class="battle-history"><small>The opposing Vileplume restored its HP.</small><br></div><div class="spacer battle-history"><br></div><div class="battle-history"><small>Liepard was hurt by poison!</small><br></div><div class="spacer battle-history"><br></div><h2 class="battle-history">Turn 17</h2><div class="spacer battle-history"><br></div><div class="battle-history">Liepard used <strong>Knock Off</strong>!<br></div><div class="battle-history"><small>A critical hit!</small><br></div><div class="battle-history"><small>(The opposing Vileplume lost <abbr title="−165/353">46.7%</abbr> of its health!)</small><br></div><div class="spacer battle-history"><br></div><div class="battle-history">The opposing Vileplume used <strong>Giga Drain</strong>!<br></div><div class="battle-history"><small>(Liepard lost <abbr title="−166/269">61.7%</abbr> of its health!)</small><br></div><div class="battle-history"><small>Liepard had its energy drained!</small><br></div><div class="spacer battle-history"><br></div><div class="battle-history"><small>Liepard was hurt by poison!</small><br></div><div class="spacer battle-history"><br></div><h2 class="battle-history">Turn 18</h2><div class="spacer battle-history"><br></div><div class="battle-history">Liepard, come back!<br></div><div class="battle-history">Go! <strong>Mesprit</strong>!<br></div><div class="spacer battle-history"><br></div><div class="battle-history">The opposing Vileplume used <strong>Synthesis</strong>!<br></div><div class="battle-history"><small>The opposing Vileplume restored its HP.</small><br></div><div class="spacer battle-history"><br></div><div class="battle-history"><small>Mesprit was hurt by poison!</small><br></div><div class="spacer battle-history"><br></div><h2 class="battle-history">Turn 19</h2><div class="chat"><small>yogi✬bears joined.</small></div><div class="spacer battle-history"><br></div><div class="battle-history">Mesprit used <strong>Thunder Wave</strong>!<br></div><div class="battle-history"><small>The opposing Vileplume is paralyzed! It may be unable to move!</small><br></div><div class="spacer battle-history"><br></div><div class="battle-history">The opposing Vileplume is paralyzed! It can't move!<br></div><div class="spacer battle-history"><br></div><div class="battle-history"><small>Mesprit was hurt by poison!</small><br></div><div class="spacer battle-history"><br></div><h2 class="battle-history">Turn 20</h2><div class="spacer battle-history"><br></div><div class="battle-history">Mesprit used <strong>Psyshock</strong>!<br></div><div class="battle-history"><small>It's super effective!</small><br></div><div class="battle-history"><small>(The opposing Vileplume lost <abbr title="−176/353">49.9%</abbr> of its health!)</small><br></div><div class="spacer battle-history"><br></div><div class="battle-history">The opposing Vileplume used <strong>Synthesis</strong>!<br></div><div class="battle-history"><small>The opposing Vileplume restored its HP.</small><br></div><div class="spacer battle-history"><br></div><div class="battle-history"><small>Mesprit was hurt by poison!</small><br></div><div class="spacer battle-history"><br></div><div class="battle-history">Mesprit fainted!<br></div><div class="chat chatmessage-shadestep"><strong style="color:hsl(348,69%,49.13556749513967%)"><small>☆</small><span class="username" data-name="Shadestep">Shadestep</span>:</strong> <em>love twave</em></div><div class="spacer battle-history"><br></div><div class="battle-history">Go! <strong>Lilligant</strong>!<br></div><div class="spacer battle-history"><br></div><h2 class="battle-history">Turn 21</h2><div class="spacer battle-history"><br></div><div class="battle-history">Lilligant used <strong>Hidden Power</strong>!<br></div><div class="battle-history"><small>It's super effective!</small><br></div><div class="battle-history"><small>(The opposing Vileplume lost <abbr title="−206/353">58.4%</abbr> of its health!)</small><br></div><div class="spacer battle-history"><br></div><div class="battle-history">The opposing Vileplume is paralyzed! It can't move!<br></div><div class="spacer battle-history"><br></div><h2 class="battle-history">Turn 22</h2><div class="chat chatmessage-shadestep"><strong style="color:hsl(348,69%,49.13556749513967%)"><small>☆</small><span class="username" data-name="Shadestep">Shadestep</span>:</strong> <em>sry</em></div><div class="chat chatmessage-yogibears"><strong style="color:hsl(183,63%,44.99448677551407%)"><small> </small><span class="username" data-name="yogi✬bears">yogi✬bears</span>:</strong> <em>Eww</em></div><div class="spacer battle-history"><br></div><div class="battle-history">Lilligant used <strong>Hidden Power</strong>!<br></div><div class="battle-history"><small>It's super effective!</small><br></div><div class="battle-history"><small>(The opposing Vileplume lost <abbr title="−147/353">41.6%</abbr> of its health!)</small><br></div><div class="spacer battle-history"><br></div><div class="battle-history">The opposing Vileplume fainted!<br></div><div class="spacer battle-history"><br></div><div class="battle-history">shadowtags sent out <strong>Scyther</strong>!<br></div><div class="battle-history"><small>Pointed stones dug into the opposing Scyther!</small><br></div><div class="spacer battle-history"><br></div><h2 class="battle-history">Turn 23</h2><div class="spacer battle-history"><br></div><div class="battle-history">Lilligant, come back!<br></div><div class="battle-history">Go! <strong>Hariyama</strong>!<br></div><div class="spacer battle-history"><br></div><div class="battle-history">The opposing Scyther used <strong>U-turn</strong>!<br></div><div class="battle-history"><small>It's not very effective...</small><br></div><div class="battle-history"><small>(Hariyama lost <abbr title="−67/429">15.6%</abbr> of its health!)</small><br></div><div class="chat"><small>yogi✬bears left.</small></div><div class="spacer battle-history"><br></div><div class="battle-history">The opposing Scyther went back to shadowtags!<br></div><div class="battle-history">shadowtags sent out <strong>Camerupt</strong>!<br></div><div class="battle-history"><small>Pointed stones dug into the opposing Camerupt!</small><br></div><div class="spacer battle-history"><br></div><h2 class="battle-history">Turn 24</h2><div class="spacer battle-history"><br></div><div class="battle-history">Hariyama used <strong>Close Combat</strong>!<br></div><div class="battle-history"><small>(The opposing Camerupt lost <abbr title="−283/323">87.6%</abbr> of its health!)</small><br></div><div class="battle-history"><small>Hariyama's Defense fell!</small><br></div><div class="battle-history"><small>Hariyama's Special Defense fell!</small><br></div><div class="spacer battle-history"><br></div><div class="battle-history">The opposing Camerupt fainted!<br></div><div class="spacer battle-history"><br></div><div class="battle-history">shadowtags sent out <strong>Audino</strong>!<br></div><div class="battle-history"><small>Pointed stones dug into the opposing Audino!</small><br></div><div class="spacer battle-history"><br></div><h2 class="battle-history">Turn 25</h2><div class="spacer battle-history"><br></div><div class="battle-history">Hariyama, come back!<br></div><div class="battle-history">Go! <strong>Rhydon</strong>!<br></div><div class="spacer battle-history"><br></div><div class="battle-history"><small>The opposing Audino's Audinite is reacting to shadowtags's Mega Bracelet!</small><br>The opposing Audino has Mega Evolved into Mega Audino!<br></div><div class="spacer battle-history"><br></div><div class="battle-history">The opposing Audino used <strong>Calm Mind</strong>!<br></div><div class="battle-history"><small>The opposing Audino's Special Attack rose!</small><br></div><div class="battle-history"><small>The opposing Audino's Special Defense rose!</small><br></div><div class="spacer battle-history"><br></div><h2 class="battle-history">Turn 26</h2><div class="spacer battle-history"><br></div><div class="battle-history">Rhydon used <strong>Swords Dance</strong>!<br></div><div class="battle-history"><small>Rhydon's Attack rose sharply!</small><br></div><div class="spacer battle-history"><br></div><div class="battle-history">The opposing Audino used <strong>Dazzling Gleam</strong>!<br></div><div class="battle-history"><small>(Rhydon lost <abbr title="−219/351">62.4%</abbr> of its health!)</small><br></div><div class="spacer battle-history"><br></div><div class="battle-history">Rhydon fainted!<br></div><div class="chat chatmessage-shadowtags"><strong style="color:hsl(126,46%,34%)"><small>☆</small><span class="username" data-name="shadowtags">shadowtags</span>:</strong> <em>lol.</em></div><div class="chat chatmessage-shadestep"><strong style="color:hsl(348,69%,49.13556749513967%)"><small>☆</small><span class="username" data-name="Shadestep">Shadestep</span>:</strong> <em>o fuck lol</em></div><div class="chat chatmessage-shadowtags"><strong style="color:hsl(126,46%,34%)"><small>☆</small><span class="username" data-name="shadowtags">shadowtags</span>:</strong> <em>no evio</em></div><div class="spacer battle-history"><br></div><div class="battle-history">Go! <strong>Liepard</strong>!<br></div><div class="spacer battle-history"><br></div><h2 class="battle-history">Turn 27</h2><div class="chat chatmessage-shadowtags"><strong style="color:hsl(126,46%,34%)"><small>☆</small><span class="username" data-name="shadowtags">shadowtags</span>:</strong> <em>broo</em></div><div class="chat chatmessage-shadestep"><strong style="color:hsl(348,69%,49.13556749513967%)"><small>☆</small><span class="username" data-name="Shadestep">Shadestep</span>:</strong> <em>ya ik</em></div><div class="chat chatmessage-shadestep"><strong style="color:hsl(348,69%,49.13556749513967%)"><small>☆</small><span class="username" data-name="Shadestep">Shadestep</span>:</strong> <em>didnt expect it to do 63 tho</em></div><div class="spacer battle-history"><br></div><div class="battle-history">Liepard used <strong>Play Rough</strong>!<br></div><div class="battle-history"><small>(The opposing Audino lost <abbr title="−75/410">18.3%</abbr> of its health!)</small><br></div><div class="spacer battle-history"><br></div><div class="battle-history">The opposing Audino used <strong>Rest</strong>!<br></div><div class="battle-history"><small>The opposing Audino fell asleep!</small><br></div><div class="battle-history"><small>The opposing Audino slept and became healthy!</small><br></div><div class="spacer battle-history"><br></div><div class="battle-history"><small>Liepard was hurt by poison!</small><br></div><div class="spacer battle-history"><br></div><div class="battle-history">Liepard fainted!<br></div><div class="spacer battle-history"><br></div><div class="battle-history">Go! <strong>Hariyama</strong>!<br></div><div class="spacer battle-history"><br></div><h2 class="battle-history">Turn 28</h2><div class="spacer battle-history"><br></div><div class="battle-history">Hariyama used <strong>Close Combat</strong>!<br></div><div class="battle-history"><small>(The opposing Audino lost <abbr title="−141/410">34.4%</abbr> of its health!)</small><br></div><div class="battle-history"><small>Hariyama's Defense fell!</small><br></div><div class="battle-history"><small>Hariyama's Special Defense fell!</small><br></div><div class="spacer battle-history"><br></div><div class="battle-history">The opposing Audino is fast asleep.<br></div><div class="spacer battle-history"><br></div><div class="battle-history">The opposing Audino used <strong>Sleep Talk</strong>!<br></div><div class="spacer battle-history"><br></div><div class="battle-history">The opposing Audino used <strong>Dazzling Gleam</strong>!<br></div><div class="battle-history"><small>It's super effective!</small><br></div><div class="battle-history"><small>(Hariyama lost <abbr title="−284/429">66.2%</abbr> of its health!)</small><br></div><div class="spacer battle-history"><br></div><h2 class="battle-history">Turn 29</h2><div class="chat chatmessage-eternally"><strong style="color:hsl(110,78%,33%)"><small>+</small><span class="username" data-name="eternally">eternally</span>:</strong> <em>shadestep getting tossed</em></div><div class="chat chatmessage-eternally"><strong style="color:hsl(110,78%,33%)"><small>+</small><span class="username" data-name="eternally">eternally</span>:</strong> <em>whats new?</em></div><div class="chat chatmessage-shadowtags"><strong style="color:hsl(126,46%,34%)"><small>☆</small><span class="username" data-name="shadowtags">shadowtags</span>:</strong> <em>tru</em></div><div class="spacer battle-history"><br></div><div class="battle-history">Hariyama used <strong>Close Combat</strong>!<br></div><div class="battle-history"><small>(The opposing Audino lost <abbr title="−129/410">31.5%</abbr> of its health!)</small><br></div><div class="battle-history"><small>Hariyama's Defense fell!</small><br></div><div class="battle-history"><small>Hariyama's Special Defense fell!</small><br></div><div class="spacer battle-history"><br></div><div class="battle-history">The opposing Audino is fast asleep.<br></div><div class="spacer battle-history"><br></div><div class="battle-history">The opposing Audino used <strong>Sleep Talk</strong>!<br></div><div class="spacer battle-history"><br></div><div class="battle-history">The opposing Audino used <strong>Calm Mind</strong>!<br></div><div class="battle-history"><small>The opposing Audino's Special Attack rose!</small><br></div><div class="battle-history"><small>The opposing Audino's Special Defense rose!</small><br></div><div class="spacer battle-history"><br></div><h2 class="battle-history">Turn 30</h2><div class="chat chatmessage-shadowtags"><strong style="color:hsl(126,46%,34%)"><small>☆</small><span class="username" data-name="shadowtags">shadowtags</span>:</strong> <em>gonna need a low roll</em></div><div class="spacer battle-history"><br></div><div class="battle-history">Hariyama used <strong>Close Combat</strong>!<br></div><div class="battle-history"><small>(The opposing Audino lost <abbr title="−135/410">32.9%</abbr> of its health!)</small><br></div><div class="battle-history"><small>Hariyama's Defense fell!</small><br></div><div class="battle-history"><small>Hariyama's Special Defense fell!</small><br></div><div class="battle-history"><small>The opposing Audino woke up!</small><br></div><div class="spacer battle-history"><br></div><div class="battle-history">The opposing Audino used <strong>Rest</strong>!<br></div><div class="battle-history"><small>The opposing Audino fell asleep!</small><br></div><div class="battle-history"><small>The opposing Audino slept and became healthy!</small><br></div><div class="spacer battle-history"><br></div><h2 class="battle-history">Turn 31</h2><div class="spacer battle-history"><br></div><div class="battle-history">Hariyama used <strong>Close Combat</strong>!<br></div><div class="battle-history"><small>(The opposing Audino lost <abbr title="−144/410">35.1%</abbr> of its health!)</small><br></div><div class="battle-history"><small>Hariyama's Defense fell!</small><br></div><div class="battle-history"><small>Hariyama's Special Defense fell!</small><br></div><div class="spacer battle-history"><br></div><div class="battle-history">The opposing Audino is fast asleep.<br></div><div class="spacer battle-history"><br></div><div class="battle-history">The opposing Audino used <strong>Sleep Talk</strong>!<br></div><div class="spacer battle-history"><br></div><div class="battle-history">The opposing Audino used <strong>Dazzling Gleam</strong>!<br></div><div class="battle-history"><small>It's super effective!</small><br></div><div class="battle-history"><small>A critical hit!</small><br></div><div class="battle-history"><small>(Hariyama lost <abbr title="−78/429">18.2%</abbr> of its health!)</small><br></div><div class="spacer battle-history"><br></div><div class="battle-history">Hariyama fainted!<br></div><div class="spacer battle-history"><br></div><div class="battle-history">Go! <strong>Lilligant</strong>!<br></div><div class="spacer battle-history"><br></div><h2 class="battle-history">Turn 32</h2><div class="chat chatmessage-shadestep"><strong style="color:hsl(348,69%,49.13556749513967%)"><small>☆</small><span class="username" data-name="Shadestep">Shadestep</span>:</strong> <em>crit</em></div><div class="spacer battle-history"><br></div><div class="battle-history">Lilligant used <strong>Leaf Storm</strong>!<br></div><div class="battle-history"><small>(The opposing Audino lost <abbr title="−133/410">32.4%</abbr> of its health!)</small><br></div><div class="battle-history"><small>Lilligant's Special Attack fell harshly!</small><br></div><div class="spacer battle-history"><br></div><div class="battle-history">The opposing Audino is fast asleep.<br></div><div class="spacer battle-history"><br></div><div class="battle-history">The opposing Audino used <strong>Sleep Talk</strong>!<br></div><div class="spacer battle-history"><br></div><div class="battle-history">The opposing Audino used <strong>Calm Mind</strong>!<br></div><div class="battle-history"><small>The opposing Audino's Special Attack rose!</small><br></div><div class="battle-history"><small>The opposing Audino's Special Defense rose!</small><br></div><div class="spacer battle-history"><br></div><h2 class="battle-history">Turn 33</h2><div class="chat chatmessage-shadestep"><strong style="color:hsl(348,69%,49.13556749513967%)"><small>☆</small><span class="username" data-name="Shadestep">Shadestep</span>:</strong> <em>surprise surprise</em></div><div class="chat chatmessage-shadowtags"><strong style="color:hsl(126,46%,34%)"><small>☆</small><span class="username" data-name="shadowtags">shadowtags</span>:</strong> <em>lol scarf</em></div><div class="chat chatmessage-shadowtags"><strong style="color:hsl(126,46%,34%)"><small>☆</small><span class="username" data-name="shadowtags">shadowtags</span>:</strong> <em>fagg</em></div><div class="chat chatmessage-shadestep"><strong style="color:hsl(348,69%,49.13556749513967%)"><small>☆</small><span class="username" data-name="Shadestep">Shadestep</span>:</strong> <em>its specs</em></div><div class="chat chatmessage-shadestep"><strong style="color:hsl(348,69%,49.13556749513967%)"><small>☆</small><span class="username" data-name="Shadestep">Shadestep</span>:</strong> <em>poopy</em></div><div class="chat chatmessage-shadestep"><strong style="color:hsl(348,69%,49.13556749513967%)"><small>☆</small><span class="username" data-name="Shadestep">Shadestep</span>:</strong> <em>fagg</em></div><div class="chat chatmessage-shadestep"><strong style="color:hsl(348,69%,49.13556749513967%)"><small>☆</small><span class="username" data-name="Shadestep">Shadestep</span>:</strong> <em>poopy</em></div><div class="chat chatmessage-shadestep"><strong style="color:hsl(348,69%,49.13556749513967%)"><small>☆</small><span class="username" data-name="Shadestep">Shadestep</span>:</strong> <em>lol</em></div><div class="chat chatmessage-shadowtags"><strong style="color:hsl(126,46%,34%)"><small>☆</small><span class="username" data-name="shadowtags">shadowtags</span>:</strong> <em>poopy tho</em></div><div class="chat chatmessage-shadestep"><strong style="color:hsl(348,69%,49.13556749513967%)"><small>☆</small><span class="username" data-name="Shadestep">Shadestep</span>:</strong> <em>poopy auto changes to poopy</em></div><div class="chat chatmessage-shadestep"><strong style="color:hsl(348,69%,49.13556749513967%)"><small>☆</small><span class="username" data-name="Shadestep">Shadestep</span>:</strong> <em>f a g auto changes to poopy</em></div><div class="spacer battle-history"><br></div><div class="battle-history">Lilligant used <strong>Leaf Storm</strong>!<br></div><div class="battle-history"><small>(The opposing Audino lost <abbr title="−55/410">13.4%</abbr> of its health!)</small><br></div><div class="battle-history"><small>Lilligant's Special Attack fell harshly!</small><br></div><div class="battle-history"><small>The opposing Audino woke up!</small><br></div><div class="spacer battle-history"><br></div><div class="battle-history">The opposing Audino used <strong>Rest</strong>!<br></div><div class="battle-history"><small>The opposing Audino fell asleep!</small><br></div><div class="battle-history"><small>The opposing Audino slept and became healthy!</small><br></div><div class="spacer battle-history"><br></div><h2 class="battle-history">Turn 34</h2><div class="spacer battle-history"><br></div><div class="battle-history">Lilligant used <strong>Leaf Storm</strong>!<br></div><div class="battle-history"><small>(The opposing Audino lost <abbr title="−37/410">9.0%</abbr> of its health!)</small><br></div><div class="battle-history"><small>Lilligant's Special Attack fell harshly!</small><br></div><div class="spacer battle-history"><br></div><div class="battle-history">The opposing Audino is fast asleep.<br></div><div class="spacer battle-history"><br></div><div class="battle-history">The opposing Audino used <strong>Sleep Talk</strong>!<br></div><div class="spacer battle-history"><br></div><div class="battle-history">The opposing Audino used <strong>Rest</strong>!<br></div><div class="battle-history"><small>But it failed!</small><br></div><div class="spacer battle-history"><br></div><h2 class="battle-history">Turn 35</h2><div class="spacer battle-history"><br></div><div class="battle-history">Lilligant used <strong>Leaf Storm</strong>!<br></div><div class="battle-history"><small>(The opposing Audino lost <abbr title="−27/410">6.6%</abbr> of its health!)</small><br></div><div class="spacer battle-history"><br></div><div class="battle-history">The opposing Audino is fast asleep.<br></div><div class="spacer battle-history"><br></div><div class="battle-history">The opposing Audino used <strong>Sleep Talk</strong>!<br></div><div class="spacer battle-history"><br></div><div class="battle-history">The opposing Audino used <strong>Calm Mind</strong>!<br></div><div class="battle-history"><small>The opposing Audino's Special Attack rose!</small><br></div><div class="battle-history"><small>The opposing Audino's Special Defense rose!</small><br></div><div class="spacer battle-history"><br></div><h2 class="battle-history">Turn 36</h2><div class="chat chatmessage-shadestep"><strong style="color:hsl(348,69%,49.13556749513967%)"><small>☆</small><span class="username" data-name="Shadestep">Shadestep</span>:</strong> <em>crit hele</em></div><div class="chat chatmessage-shadestep"><strong style="color:hsl(348,69%,49.13556749513967%)"><small>☆</small><span class="username" data-name="Shadestep">Shadestep</span>:</strong> <em>bop</em></div><div class="chat chatmessage-shadestep"><strong style="color:hsl(348,69%,49.13556749513967%)"><small>☆</small><span class="username" data-name="Shadestep">Shadestep</span>:</strong> <em>thele it is</em></div><div class="spacer battle-history"><br></div><div class="battle-history">Lilligant used <strong>Leaf Storm</strong>!<br></div><div class="battle-history"><small>A critical hit!</small><br></div><div class="battle-history"><small>(The opposing Audino lost <abbr title="−346/410">84.4%</abbr> of its health!)</small><br></div><div class="spacer battle-history"><br></div><div class="battle-history">The opposing Audino fainted!<br></div><div class="chat chatmessage-shadestep"><strong style="color:hsl(348,69%,49.13556749513967%)"><small>☆</small><span class="username" data-name="Shadestep">Shadestep</span>:</strong> <em>OML</em></div><div class="chat chatmessage-shadestep"><strong style="color:hsl(348,69%,49.13556749513967%)"><small>☆</small><span class="username" data-name="Shadestep">Shadestep</span>:</strong> <em>LOL</em></div><div class="chat chatmessage-shadestep"><strong style="color:hsl(348,69%,49.13556749513967%)"><small>☆</small><span class="username" data-name="Shadestep">Shadestep</span>:</strong> <em>LOOOOOOOOOOOOOOL</em></div><div class="chat chatmessage-eternally"><strong style="color:hsl(110,78%,33%)"><small>+</small><span class="username" data-name="eternally">eternally</span>:</strong> <em>poopy</em></div><div class="chat chatmessage-shadestep"><strong style="color:hsl(348,69%,49.13556749513967%)"><small>☆</small><span class="username" data-name="Shadestep">Shadestep</span>:</strong> <em>GET FUCKED</em></div><div class="spacer battle-history"><br></div><div class="battle-history">shadowtags sent out <strong>Scyther</strong>!<br></div><div class="battle-history"><small>Pointed stones dug into the opposing Scyther!</small><br></div><div class="spacer battle-history"><br></div><div class="battle-history">The opposing Scyther fainted!<br></div><div class="spacer battle-history"><br></div><div class="battle-history"><strong>Shadestep</strong> won the battle!<br></div><div class="chat"><small>eternally left.</small></div><div class="chat"><small>shadowtags left.</small></div></div><div class="inner-preempt"></div></div></div>
</div>
<script>
let daily = Math.floor(Date.now()/1000/60/60/24);document.write('<script src="https://play.pokemonshowdown.com/js/replay-embed.js?version'+daily+'"></'+'script>');
</script>
