<!DOCTYPE html>
<meta charset="utf-8" />
<!-- version 1 -->
<title>NU replay: Saltyjek vs. Olle24</title>
<style>
html,body {font-family:Verdana, sans-serif;font-size:10pt;margin:0;padding:0;}body{padding:12px 0;} .battle-log {font-family:Verdana, sans-serif;font-size:10pt;} .battle-log-inline {border:1px solid #AAAAAA;background:#EEF2F5;color:black;max-width:640px;margin:0 auto 80px;padding-bottom:5px;} .battle-log .inner {padding:4px 8px 0px 8px;} .battle-log .inner-preempt {padding:0 8px 4px 8px;} .battle-log .inner-after {margin-top:0.5em;} .battle-log h2 {margin:0.5em -8px;padding:4px 8px;border:1px solid #AAAAAA;background:#E0E7EA;border-left:0;border-right:0;font-family:Verdana, sans-serif;font-size:13pt;} .battle-log .chat {vertical-align:middle;padding:3px 0 3px 0;font-size:8pt;} .battle-log .chat strong {color:#40576A;} .battle-log .chat em {padding:1px 4px 1px 3px;color:#000000;font-style:normal;} .chat.mine {background:rgba(0,0,0,0.05);margin-left:-8px;margin-right:-8px;padding-left:8px;padding-right:8px;} .spoiler {color:#BBBBBB;background:#BBBBBB;padding:0px 3px;} .spoiler:hover, .spoiler:active, .spoiler-shown {color:#000000;background:#E2E2E2;padding:0px 3px;} .spoiler a {color:#BBBBBB;} .spoiler:hover a, .spoiler:active a, .spoiler-shown a {color:#2288CC;} .chat code, .chat .spoiler:hover code, .chat .spoiler:active code, .chat .spoiler-shown code {border:1px solid #C0C0C0;background:#EEEEEE;color:black;padding:0 2px;} .chat .spoiler code {border:1px solid #CCCCCC;background:#CCCCCC;color:#CCCCCC;} .battle-log .rated {padding:3px 4px;} .battle-log .rated strong {color:white;background:#89A;padding:1px 4px;border-radius:4px;} .spacer {margin-top:0.5em;} .message-announce {background:#6688AA;color:white;padding:1px 4px 2px;} .message-announce a, .broadcast-green a, .broadcast-blue a, .broadcast-red a {color:#DDEEFF;} .broadcast-green {background-color:#559955;color:white;padding:2px 4px;} .broadcast-blue {background-color:#6688AA;color:white;padding:2px 4px;} .infobox {border:1px solid #6688AA;padding:2px 4px;} .infobox-limited {max-height:200px;overflow:auto;overflow-x:hidden;} .broadcast-red {background-color:#AA5544;color:white;padding:2px 4px;} .message-learn-canlearn {font-weight:bold;color:#228822;text-decoration:underline;} .message-learn-cannotlearn {font-weight:bold;color:#CC2222;text-decoration:underline;} .message-effect-weak {font-weight:bold;color:#CC2222;} .message-effect-resist {font-weight:bold;color:#6688AA;} .message-effect-immune {font-weight:bold;color:#666666;} .message-learn-list {margin-top:0;margin-bottom:0;} .message-throttle-notice, .message-error {color:#992222;} .message-overflow, .chat small.message-overflow {font-size:0pt;} .message-overflow::before {font-size:9pt;content:'...';} .subtle {color:#3A4A66;}
</style>
<div class="wrapper replay-wrapper" style="max-width:1180px;margin:0 auto">
<input type="hidden" name="replayid" value="nu-578967408" />
<div class="battle"></div><div class="battle-log"></div><div class="replay-controls"></div><div class="replay-controls-2"></div>
<h1 style="font-weight:normal;text-align:center"><strong>NU</strong><br /><a href="http://pokemonshowdown.com/users/saltyjek" class="subtle" target="_blank">Saltyjek</a> vs. <a href="http://pokemonshowdown.com/users/olle24" class="subtle" target="_blank">Olle24</a></h1>
<script type="text/plain" class="battle-log-data">|j|Saltyjek
|j|Olle24
|player|p1|Saltyjek|281
|teamsize|p1|6
|player|p2|Olle24|266
|teamsize|p2|6
|gametype|singles
|gen|6
|tier|NU
|seed|9056,33267,25005,37868
|rule|Sleep Clause Mod: Limit one foe put to sleep
|rule|Species Clause: Limit one of each Pokémon
|rule|OHKO Clause: OHKO moves are banned
|rule|Moody Clause: Moody is banned
|rule|Evasion Moves Clause: Evasion moves are banned
|rule|Endless Battle Clause: Forcing endless battles is banned
|rule|HP Percentage Mod: HP is shown in percentages
|clearpoke
|poke|p1|Tauros, M|item
|poke|p1|Mesprit|item
|poke|p1|Steelix, M|item
|poke|p1|Pelipper, F|item
|poke|p1|Magmortar, F|item
|poke|p1|Hariyama, F|item
|poke|p2|Abomasnow, F|item
|poke|p2|Manectric, F|item
|poke|p2|Mesprit|item
|poke|p2|Rhydon, F|item
|poke|p2|Hitmonchan, M|item
|poke|p2|Steelix, M|item
|rule|Swagger Clause: Swagger is banned
|rule|Baton Pass Clause: Limit one Baton Passer, can't pass Spe and other stats simultaneously
|teampreview
|c|☆Saltyjek|gl hf
|c|☆Olle24|glhf
|choice|team 3, team 2, team 1, team 4, team 5, team 6|team 3, team 2, team 1, team 4, team 5, team 6
|
|start
|switch|p1a: Steelix|Steelix, M|352\/352
|switch|p2a: Mesprit|Mesprit|301\/301
|turn|1
|choice|move stealthrock|move stealthrock
|
|move|p2a: Mesprit|Stealth Rock|p1a: Steelix
|-sidestart|p1: Saltyjek|move: Stealth Rock
|move|p1a: Steelix|Stealth Rock|p2a: Mesprit
|-sidestart|p2: Olle24|move: Stealth Rock
|
|upkeep
|turn|2
|choice|move earthquake|move psychic
|
|move|p2a: Mesprit|Psychic|p1a: Steelix
|-resisted|p1a: Steelix
|-damage|p1a: Steelix|271\/352
|move|p1a: Steelix|Earthquake|p2a: Mesprit
|-immune|p2a: Mesprit|[msg]|[from] ability: Levitate
|
|-heal|p1a: Steelix|293\/352|[from] item: Leftovers
|upkeep
|turn|3
|choice|move toxic|move psychic
|
|move|p2a: Mesprit|Psychic|p1a: Steelix
|-resisted|p1a: Steelix
|-damage|p1a: Steelix|219\/352
|move|p1a: Steelix|Toxic|p2a: Mesprit
|-status|p2a: Mesprit|tox
|
|-heal|p1a: Steelix|241\/352|[from] item: Leftovers
|-damage|p2a: Mesprit|283\/301 tox|[from] psn
|upkeep
|turn|4
|choice|switch 2|move psychic
|
|switch|p1a: Mesprit|Mesprit|301\/301
|-damage|p1a: Mesprit|264\/301|[from] stealthrock
|move|p2a: Mesprit|Psychic|p1a: Mesprit
|-resisted|p1a: Mesprit
|-damage|p1a: Mesprit|204\/301
|
|-damage|p2a: Mesprit|247\/301 tox|[from] psn
|upkeep
|turn|5
|choice|move signalbeam|move signalbeam
|
|move|p2a: Mesprit|Signal Beam|p1a: Mesprit
|-supereffective|p1a: Mesprit
|-damage|p1a: Mesprit|46\/301
|move|p1a: Mesprit|Signal Beam|p2a: Mesprit
|-supereffective|p2a: Mesprit
|-damage|p2a: Mesprit|17\/301 tox
|
|-damage|p2a: Mesprit|0 fnt|[from] psn
|upkeep
|faint|p2a: Mesprit
|choice||switch 5
|
|switch|p2a: Hitmonchan|Hitmonchan, M|239\/239
|-damage|p2a: Hitmonchan|225\/239|[from] stealthrock
|turn|6
|choice|move signalbeam|move rapidspin
|
|move|p1a: Mesprit|Signal Beam|p2a: Hitmonchan
|-resisted|p2a: Hitmonchan
|-damage|p2a: Hitmonchan|167\/239
|move|p2a: Hitmonchan|Rapid Spin|p1a: Mesprit
|-damage|p1a: Mesprit|17\/301
|-sideend|p2: Olle24|stealthrock|[from] move: Rapid Spin|[of] p2a: Hitmonchan
|-damage|p2a: Hitmonchan|144\/239|[from] item: Life Orb
|
|upkeep
|turn|7
|choice|move signalbeam|move machpunch
|
|move|p2a: Hitmonchan|Mach Punch|p1a: Mesprit
|-resisted|p1a: Mesprit
|-damage|p1a: Mesprit|0 fnt
|-damage|p2a: Hitmonchan|121\/239|[from] item: Life Orb
|faint|p1a: Mesprit
|
|upkeep
|choice|switch 4|
|
|switch|p1a: Pelipper|Pelipper, F|323\/323
|-damage|p1a: Pelipper|243\/323|[from] stealthrock
|turn|8
|choice|move scald|switch 2
|
|switch|p2a: Manectric|Manectric, F|279\/279
|move|p1a: Pelipper|Scald|p2a: Manectric
|-damage|p2a: Manectric|149\/279
|-status|p2a: Manectric|brn
|
|-heal|p1a: Pelipper|263\/323|[from] item: Leftovers
|-damage|p2a: Manectric|115\/279 brn|[from] brn
|upkeep
|turn|9
|choice|switch 2|move voltswitch
|
|switch|p1a: Steelix|Steelix, M|241\/352
|-damage|p1a: Steelix|230\/352|[from] stealthrock
|move|p2a: Manectric|Volt Switch|p1a: Steelix
|-immune|p1a: Steelix|[msg]
|
|-heal|p1a: Steelix|252\/352|[from] item: Leftovers
|-damage|p2a: Manectric|81\/279 brn|[from] brn
|upkeep
|turn|10
|choice|move stealthrock|move overheat
|
|move|p2a: Manectric|Overheat|p1a: Steelix
|-supereffective|p1a: Steelix
|-damage|p1a: Steelix|0 fnt
|-unboost|p2a: Manectric|spa|2
|-damage|p2a: Manectric|54\/279 brn|[from] item: Life Orb
|faint|p1a: Steelix
|
|-damage|p2a: Manectric|20\/279 brn|[from] brn
|upkeep
|choice|switch 6|
|
|switch|p1a: Hariyama|Hariyama, F|429\/429
|-damage|p1a: Hariyama|403\/429|[from] stealthrock
|turn|11
|choice|move bulletpunch|move thunderbolt
|
|move|p1a: Hariyama|Bullet Punch|p2a: Manectric
|-resisted|p2a: Manectric
|-damage|p2a: Manectric|0 fnt
|faint|p2a: Manectric
|
|upkeep
|choice||switch 6
|
|switch|p2a: Steelix|Steelix, M|291\/291
|turn|12
|choice|move closecombat|move ironhead
|
|move|p2a: Steelix|Iron Head|p1a: Hariyama
|-damage|p1a: Hariyama|125\/429
|move|p1a: Hariyama|Close Combat|p2a: Steelix
|-supereffective|p2a: Steelix
|-damage|p2a: Steelix|51\/291
|-unboost|p1a: Hariyama|def|1
|-unboost|p1a: Hariyama|spd|1
|
|upkeep
|turn|13
|choice|move closecombat|move ironhead
|
|move|p2a: Steelix|Iron Head|p1a: Hariyama
|-damage|p1a: Hariyama|0 fnt
|faint|p1a: Hariyama
|
|upkeep
|choice|switch 5|
|
|switch|p1a: Magmortar|Magmortar, F|315\/315
|-damage|p1a: Magmortar|237\/315|[from] stealthrock
|turn|14
|c|☆Saltyjek|oh didnt mean to do that oops
|choice|move hiddenpower|move earthquake
|
|move|p1a: Magmortar|Hidden Power|p2a: Steelix
|-damage|p2a: Steelix|0 fnt
|faint|p2a: Steelix
|
|upkeep
|c|☆Olle24|oh damn
|choice||switch 3
|
|switch|p2a: Abomasnow|Abomasnow, F|319\/319
|-weather|Hail|[from] ability: Snow Warning|[of] p2a: Abomasnow
|turn|15
|choice|move fireblast|move iceshard
|
|move|p2a: Abomasnow|Ice Shard|p1a: Magmortar
|-resisted|p1a: Magmortar
|-damage|p1a: Magmortar|199\/315
|-damage|p2a: Abomasnow|288\/319|[from] item: Life Orb
|move|p1a: Magmortar|Fire Blast|p2a: Abomasnow
|-supereffective|p2a: Abomasnow
|-crit|p2a: Abomasnow
|-damage|p2a: Abomasnow|0 fnt
|faint|p2a: Abomasnow
|
|-weather|Hail|[upkeep]
|-damage|p1a: Magmortar|180\/315|[from] hail
|upkeep
|choice||switch 2
|
|switch|p2a: Hitmonchan|Hitmonchan, M|121\/239
|turn|16
|choice|move thunderbolt|move drainpunch
|
|move|p2a: Hitmonchan|Drain Punch|p1a: Magmortar
|-damage|p1a: Magmortar|0 fnt
|-heal|p2a: Hitmonchan|211\/239|[from] drain|[of] p1a: Magmortar
|-damage|p2a: Hitmonchan|188\/239|[from] item: Life Orb
|faint|p1a: Magmortar
|
|-weather|Hail|[upkeep]
|-damage|p2a: Hitmonchan|174\/239|[from] hail
|upkeep
|choice|switch 2|
|
|switch|p1a: Pelipper|Pelipper, F|263\/323
|-damage|p1a: Pelipper|183\/323|[from] stealthrock
|turn|17
|choice|move roost|move icepunch
|
|move|p2a: Hitmonchan|Ice Punch|p1a: Pelipper
|-damage|p1a: Pelipper|75\/323
|-damage|p2a: Hitmonchan|151\/239|[from] item: Life Orb
|move|p1a: Pelipper|Roost|p1a: Pelipper
|-heal|p1a: Pelipper|237\/323
|
|-weather|Hail|[upkeep]
|-damage|p2a: Hitmonchan|137\/239|[from] hail
|-damage|p1a: Pelipper|217\/323|[from] hail
|-heal|p1a: Pelipper|237\/323|[from] item: Leftovers
|upkeep
|turn|18
|c|☆Olle24|i was thinking about putting thunder punch on this thing but i didn't and now i'm really regretting it
|c|☆Saltyjek|rip.
|choice|move hurricane|move icepunch
|
|move|p2a: Hitmonchan|Ice Punch|p1a: Pelipper
|-damage|p1a: Pelipper|134\/323
|-damage|p2a: Hitmonchan|114\/239|[from] item: Life Orb
|move|p1a: Pelipper|Hurricane|p2a: Hitmonchan|[miss]
|-miss|p1a: Pelipper|p2a: Hitmonchan
|
|-weather|Hail|[upkeep]
|-damage|p2a: Hitmonchan|100\/239|[from] hail
|-damage|p1a: Pelipper|114\/323|[from] hail
|-heal|p1a: Pelipper|134\/323|[from] item: Leftovers
|upkeep
|turn|19
|choice|move roost|move icepunch
|
|move|p2a: Hitmonchan|Ice Punch|p1a: Pelipper
|-damage|p1a: Pelipper|31\/323
|-damage|p2a: Hitmonchan|77\/239|[from] item: Life Orb
|move|p1a: Pelipper|Roost|p1a: Pelipper
|-heal|p1a: Pelipper|193\/323
|
|-weather|none
|-heal|p1a: Pelipper|213\/323|[from] item: Leftovers
|upkeep
|turn|20
|choice|move scald|move icepunch
|
|move|p2a: Hitmonchan|Ice Punch|p1a: Pelipper
|-damage|p1a: Pelipper|110\/323
|-damage|p2a: Hitmonchan|54\/239|[from] item: Life Orb
|move|p1a: Pelipper|Scald|p2a: Hitmonchan
|-damage|p2a: Hitmonchan|0 fnt
|faint|p2a: Hitmonchan
|
|-heal|p1a: Pelipper|130\/323|[from] item: Leftovers
|upkeep
|choice||switch 4
|
|switch|p2a: Rhydon|Rhydon, F|351\/351
|turn|21
|j|Plasma 2000
|choice|move scald|move stoneedge
|
|move|p2a: Rhydon|Stone Edge|p1a: Pelipper
|-supereffective|p1a: Pelipper
|-damage|p1a: Pelipper|0 fnt
|faint|p1a: Pelipper
|
|upkeep
|c| Plasma 2000|you mean you didnt want to change the original plasma god squad
|c|☆Saltyjek|oh this runs speed
|choice|switch 3|
|
|switch|p1a: Tauros|Tauros, M|291\/291
|-damage|p1a: Tauros|255\/291|[from] stealthrock
|turn|22
|c|☆Saltyjek|well gg loll
|c|☆Olle24|gg
|choice|move earthquake|move earthquake
|
|move|p1a: Tauros|Earthquake|p2a: Rhydon
|-supereffective|p2a: Rhydon
|-crit|p2a: Rhydon
|-damage|p2a: Rhydon|140\/351
|-damage|p1a: Tauros|226\/291|[from] item: Life Orb
|move|p2a: Rhydon|Earthquake|p1a: Tauros
|-damage|p1a: Tauros|39\/291
|
|upkeep
|turn|23
|choice|move earthquake|move earthquake
|
|move|p1a: Tauros|Earthquake|p2a: Rhydon
|-supereffective|p2a: Rhydon
|-damage|p2a: Rhydon|0 fnt
|-damage|p1a: Tauros|10\/291|[from] item: Life Orb
|faint|p2a: Rhydon
|
|win|Saltyjek
|c|☆Olle24|gg
|c|☆Olle24|252 Atk Life Orb Tauros Earthquake vs. 0 HP \/ 0 Def Eviolite Rhydon: 135-161 (38.4 - 45.8%) -- guaranteed 3HKO :[
|c|☆Saltyjek|:(
|c|☆Saltyjek|sorry man
|c|☆Olle24|all good
|c|☆Saltyjek|was that sheer force steelix?
|c|☆Olle24|yeah
|c|☆Olle24|max speed
|c|☆Olle24|the plasma way
|c|☆Saltyjek|yeah figured
|c|☆Saltyjek|if it were the plasma way, you wouldve brought regice imo!!!
|c|☆Olle24|almost all our teams got deleted wehn our old computer got an update
|c|☆Olle24|:(
|c|☆Olle24|so no regice teams
|c|☆Saltyjek|tbh we shouldve agreed to both bring heat
|c|☆Saltyjek|i only thought about it now
|c|☆Olle24|tbh almost all my teams for laddering are somewhat heat
|c|☆Saltyjek|i tilt too easily to ladder lol
|c|☆Saltyjek|anyways gg man
|c|☆Olle24|yeah gg
|l|Saltyjek
|l|Olle24
|j|Olle24</script>
</div>
<div class="battle-log battle-log-inline"><div class="inner"><div class="battle-options"></div><div class="inner"><div class="chat"><small>Saltyjek joined.</small></div><div class="chat"><small>Olle24 joined.</small></div><div class=""><small>Format:</small> <br><strong>NU</strong></div><div class=""><small><em>Sleep Clause Mod:</em> Limit one foe put to sleep</small></div><div class=""><small><em>Species Clause:</em> Limit one of each Pokémon</small></div><div class=""><small><em>OHKO Clause:</em> OHKO moves are banned</small></div><div class=""><small><em>Moody Clause:</em> Moody is banned</small></div><div class=""><small><em>Evasion Moves Clause:</em> Evasion moves are banned</small></div><div class=""><small><em>Endless Battle Clause:</em> Forcing endless battles is banned</small></div><div class=""><small><em>HP Percentage Mod:</em> HP is shown in percentages</small></div><div class=""><small><em>Swagger Clause:</em> Swagger is banned</small></div><div class=""><small><em>Baton Pass Clause:</em> Limit one Baton Passer, can't pass Spe and other stats simultaneously</small></div><div class="chat battle-history"><strong>Saltyjek's team:</strong> <em style="color:#445566;display:block;">Tauros / Mesprit / Steelix / Pelipper / Magmortar / Hariyama</em></div><div class="chat battle-history"><strong>Olle24's team:</strong> <em style="color:#445566;display:block;">Abomasnow / Manectric / Mesprit / Rhydon / Hitmonchan / Steelix</em></div><div class="chat chatmessage-saltyjek"><strong style="color:hsl(229,89%,57.26906994117466%)"><small>☆</small><span class="username" data-name="Saltyjek">Saltyjek</span>:</strong> <em>gl hf</em></div><div class="chat chatmessage-olle24"><strong style="color:hsl(50,89%,35.56443948557468%)"><small>☆</small><span class="username" data-name="Olle24">Olle24</span>:</strong> <em>glhf</em></div><div class="spacer battle-history"><br></div><div class="battle-history">Battle started between Saltyjek and Olle24!<br></div><div class="spacer battle-history"><br></div><div class="battle-history">Go! <strong>Steelix</strong>!<br></div><div class="spacer battle-history"><br></div><div class="battle-history">Olle24 sent out <strong>Mesprit</strong>!<br></div><div class="spacer battle-history"><br></div><h2 class="battle-history">Turn 1</h2><div class="spacer battle-history"><br></div><div class="battle-history">The opposing Mesprit used <strong>Stealth Rock</strong>!<br></div><div class="battle-history"><small>Pointed stones float in the air around your team!</small><br></div><div class="spacer battle-history"><br></div><div class="battle-history">Steelix used <strong>Stealth Rock</strong>!<br></div><div class="battle-history"><small>Pointed stones float in the air around the opposing team!</small><br></div><div class="spacer battle-history"><br></div><h2 class="battle-history">Turn 2</h2><div class="spacer battle-history"><br></div><div class="battle-history">The opposing Mesprit used <strong>Psychic</strong>!<br></div><div class="battle-history"><small>It's not very effective...</small><br></div><div class="battle-history"><small>(Steelix lost <abbr title="−81/352">23.0%</abbr> of its health!)</small><br></div><div class="spacer battle-history"><br></div><div class="battle-history">Steelix used <strong>Earthquake</strong>!<br></div><div class="battle-history"><small>[The opposing Mesprit's Levitate]</small><br><small>It doesn't affect the opposing Mesprit...</small><br></div><div class="spacer battle-history"><br></div><div class="battle-history"><small>Steelix restored a little HP using its Leftovers!</small><br></div><div class="spacer battle-history"><br></div><h2 class="battle-history">Turn 3</h2><div class="spacer battle-history"><br></div><div class="battle-history">The opposing Mesprit used <strong>Psychic</strong>!<br></div><div class="battle-history"><small>It's not very effective...</small><br></div><div class="battle-history"><small>(Steelix lost <abbr title="−74/352">21.0%</abbr> of its health!)</small><br></div><div class="spacer battle-history"><br></div><div class="battle-history">Steelix used <strong>Toxic</strong>!<br></div><div class="battle-history"><small>The opposing Mesprit was badly poisoned!</small><br></div><div class="spacer battle-history"><br></div><div class="battle-history"><small>Steelix restored a little HP using its Leftovers!</small><br></div><div class="battle-history"><small>The opposing Mesprit was hurt by poison!</small><br></div><div class="spacer battle-history"><br></div><h2 class="battle-history">Turn 4</h2><div class="spacer battle-history"><br></div><div class="battle-history">Steelix, come back!<br></div><div class="battle-history">Go! <strong>Mesprit</strong>!<br></div><div class="battle-history"><small>Pointed stones dug into Mesprit!</small><br></div><div class="spacer battle-history"><br></div><div class="battle-history">The opposing Mesprit used <strong>Psychic</strong>!<br></div><div class="battle-history"><small>It's not very effective...</small><br></div><div class="battle-history"><small>(Mesprit lost <abbr title="−60/301">19.9%</abbr> of its health!)</small><br></div><div class="spacer battle-history"><br></div><div class="battle-history"><small>The opposing Mesprit was hurt by poison!</small><br></div><div class="spacer battle-history"><br></div><h2 class="battle-history">Turn 5</h2><div class="spacer battle-history"><br></div><div class="battle-history">The opposing Mesprit used <strong>Signal Beam</strong>!<br></div><div class="battle-history"><small>It's super effective!</small><br></div><div class="battle-history"><small>(Mesprit lost <abbr title="−158/301">52.5%</abbr> of its health!)</small><br></div><div class="spacer battle-history"><br></div><div class="battle-history">Mesprit used <strong>Signal Beam</strong>!<br></div><div class="battle-history"><small>It's super effective!</small><br></div><div class="battle-history"><small>(The opposing Mesprit lost <abbr title="−230/301">76.4%</abbr> of its health!)</small><br></div><div class="spacer battle-history"><br></div><div class="battle-history"><small>The opposing Mesprit was hurt by poison!</small><br></div><div class="spacer battle-history"><br></div><div class="battle-history">The opposing Mesprit fainted!<br></div><div class="spacer battle-history"><br></div><div class="battle-history">Olle24 sent out <strong>Hitmonchan</strong>!<br></div><div class="battle-history"><small>Pointed stones dug into the opposing Hitmonchan!</small><br></div><div class="spacer battle-history"><br></div><h2 class="battle-history">Turn 6</h2><div class="spacer battle-history"><br></div><div class="battle-history">Mesprit used <strong>Signal Beam</strong>!<br></div><div class="battle-history"><small>It's not very effective...</small><br></div><div class="battle-history"><small>(The opposing Hitmonchan lost <abbr title="−58/239">24.3%</abbr> of its health!)</small><br></div><div class="spacer battle-history"><br></div><div class="battle-history">The opposing Hitmonchan used <strong>Rapid Spin</strong>!<br></div><div class="battle-history"><small>(Mesprit lost <abbr title="−29/301">9.6%</abbr> of its health!)</small><br></div><div class="battle-history"><small>The pointed stones disappeared from around the opposing team!</small><br></div><div class="battle-history"><small>The opposing Hitmonchan lost some of its HP!</small><br></div><div class="spacer battle-history"><br></div><h2 class="battle-history">Turn 7</h2><div class="spacer battle-history"><br></div><div class="battle-history">The opposing Hitmonchan used <strong>Mach Punch</strong>!<br></div><div class="battle-history"><small>It's not very effective...</small><br></div><div class="battle-history"><small>(Mesprit lost <abbr title="−17/301">5.6%</abbr> of its health!)</small><br></div><div class="battle-history"><small>The opposing Hitmonchan lost some of its HP!</small><br></div><div class="spacer battle-history"><br></div><div class="battle-history">Mesprit fainted!<br></div><div class="spacer battle-history"><br></div><div class="battle-history">Go! <strong>Pelipper</strong>!<br></div><div class="battle-history"><small>Pointed stones dug into Pelipper!</small><br></div><div class="spacer battle-history"><br></div><h2 class="battle-history">Turn 8</h2><div class="spacer battle-history"><br></div><div class="battle-history">Olle24 withdrew Hitmonchan!<br></div><div class="battle-history">Olle24 sent out <strong>Manectric</strong>!<br></div><div class="spacer battle-history"><br></div><div class="battle-history">Pelipper used <strong>Scald</strong>!<br></div><div class="battle-history"><small>(The opposing Manectric lost <abbr title="−130/279">46.6%</abbr> of its health!)</small><br></div><div class="battle-history"><small>The opposing Manectric was burned!</small><br></div><div class="spacer battle-history"><br></div><div class="battle-history"><small>Pelipper restored a little HP using its Leftovers!</small><br></div><div class="battle-history"><small>The opposing Manectric was hurt by its burn!</small><br></div><div class="spacer battle-history"><br></div><h2 class="battle-history">Turn 9</h2><div class="spacer battle-history"><br></div><div class="battle-history">Pelipper, come back!<br></div><div class="battle-history">Go! <strong>Steelix</strong>!<br></div><div class="battle-history"><small>Pointed stones dug into Steelix!</small><br></div><div class="spacer battle-history"><br></div><div class="battle-history">The opposing Manectric used <strong>Volt Switch</strong>!<br></div><div class="battle-history"><small>It doesn't affect Steelix...</small><br></div><div class="spacer battle-history"><br></div><div class="battle-history"><small>Steelix restored a little HP using its Leftovers!</small><br></div><div class="battle-history"><small>The opposing Manectric was hurt by its burn!</small><br></div><div class="spacer battle-history"><br></div><h2 class="battle-history">Turn 10</h2><div class="spacer battle-history"><br></div><div class="battle-history">The opposing Manectric used <strong>Overheat</strong>!<br></div><div class="battle-history"><small>It's super effective!</small><br></div><div class="battle-history"><small>(Steelix lost <abbr title="−252/352">71.6%</abbr> of its health!)</small><br></div><div class="battle-history"><small>The opposing Manectric's Special Attack fell harshly!</small><br></div><div class="battle-history"><small>The opposing Manectric lost some of its HP!</small><br></div><div class="spacer battle-history"><br></div><div class="battle-history">Steelix fainted!<br></div><div class="spacer battle-history"><br></div><div class="battle-history"><small>The opposing Manectric was hurt by its burn!</small><br></div><div class="spacer battle-history"><br></div><div class="battle-history">Go! <strong>Hariyama</strong>!<br></div><div class="battle-history"><small>Pointed stones dug into Hariyama!</small><br></div><div class="spacer battle-history"><br></div><h2 class="battle-history">Turn 11</h2><div class="spacer battle-history"><br></div><div class="battle-history">Hariyama used <strong>Bullet Punch</strong>!<br></div><div class="battle-history"><small>It's not very effective...</small><br></div><div class="battle-history"><small>(The opposing Manectric lost <abbr title="−20/279">7.2%</abbr> of its health!)</small><br></div><div class="spacer battle-history"><br></div><div class="battle-history">The opposing Manectric fainted!<br></div><div class="spacer battle-history"><br></div><div class="battle-history">Olle24 sent out <strong>Steelix</strong>!<br></div><div class="spacer battle-history"><br></div><h2 class="battle-history">Turn 12</h2><div class="spacer battle-history"><br></div><div class="battle-history">The opposing Steelix used <strong>Iron Head</strong>!<br></div><div class="battle-history"><small>(Hariyama lost <abbr title="−278/429">64.8%</abbr> of its health!)</small><br></div><div class="spacer battle-history"><br></div><div class="battle-history">Hariyama used <strong>Close Combat</strong>!<br></div><div class="battle-history"><small>It's super effective!</small><br></div><div class="battle-history"><small>(The opposing Steelix lost <abbr title="−240/291">82.5%</abbr> of its health!)</small><br></div><div class="battle-history"><small>Hariyama's Defense fell!</small><br></div><div class="battle-history"><small>Hariyama's Special Defense fell!</small><br></div><div class="spacer battle-history"><br></div><h2 class="battle-history">Turn 13</h2><div class="spacer battle-history"><br></div><div class="battle-history">The opposing Steelix used <strong>Iron Head</strong>!<br></div><div class="battle-history"><small>(Hariyama lost <abbr title="−125/429">29.1%</abbr> of its health!)</small><br></div><div class="spacer battle-history"><br></div><div class="battle-history">Hariyama fainted!<br></div><div class="spacer battle-history"><br></div><div class="battle-history">Go! <strong>Magmortar</strong>!<br></div><div class="battle-history"><small>Pointed stones dug into Magmortar!</small><br></div><div class="spacer battle-history"><br></div><h2 class="battle-history">Turn 14</h2><div class="chat chatmessage-saltyjek"><strong style="color:hsl(229,89%,57.26906994117466%)"><small>☆</small><span class="username" data-name="Saltyjek">Saltyjek</span>:</strong> <em>oh didnt mean to do that oops</em></div><div class="spacer battle-history"><br></div><div class="battle-history">Magmortar used <strong>Hidden Power</strong>!<br></div><div class="battle-history"><small>(The opposing Steelix lost <abbr title="−51/291">17.5%</abbr> of its health!)</small><br></div><div class="spacer battle-history"><br></div><div class="battle-history">The opposing Steelix fainted!<br></div><div class="chat chatmessage-olle24"><strong style="color:hsl(50,89%,35.56443948557468%)"><small>☆</small><span class="username" data-name="Olle24">Olle24</span>:</strong> <em>oh damn</em></div><div class="spacer battle-history"><br></div><div class="battle-history">Olle24 sent out <strong>Abomasnow</strong>!<br></div><div class="battle-history"><small>[The opposing Abomasnow's Snow Warning]</small><br><small>It started to hail!</small><br></div><div class="spacer battle-history"><br></div><h2 class="battle-history">Turn 15</h2><div class="spacer battle-history"><br></div><div class="battle-history">The opposing Abomasnow used <strong>Ice Shard</strong>!<br></div><div class="battle-history"><small>It's not very effective...</small><br></div><div class="battle-history"><small>(Magmortar lost <abbr title="−38/315">12.1%</abbr> of its health!)</small><br></div><div class="battle-history"><small>The opposing Abomasnow lost some of its HP!</small><br></div><div class="spacer battle-history"><br></div><div class="battle-history">Magmortar used <strong>Fire Blast</strong>!<br></div><div class="battle-history"><small>It's super effective!</small><br></div><div class="battle-history"><small>A critical hit!</small><br></div><div class="battle-history"><small>(The opposing Abomasnow lost <abbr title="−288/319">90.3%</abbr> of its health!)</small><br></div><div class="spacer battle-history"><br></div><div class="battle-history">The opposing Abomasnow fainted!<br></div><div class="spacer battle-history"><br></div><div class="battle-history"><small>The hail is crashing down.</small><br></div><div class="battle-history"><small>Magmortar is buffeted by the hail!</small><br></div><div class="spacer battle-history"><br></div><div class="battle-history">Olle24 sent out <strong>Hitmonchan</strong>!<br></div><div class="spacer battle-history"><br></div><h2 class="battle-history">Turn 16</h2><div class="spacer battle-history"><br></div><div class="battle-history">The opposing Hitmonchan used <strong>Drain Punch</strong>!<br></div><div class="battle-history"><small>(Magmortar lost <abbr title="−180/315">57.1%</abbr> of its health!)</small><br></div><div class="battle-history"><small>Magmortar had its energy drained!</small><br></div><div class="battle-history"><small>The opposing Hitmonchan lost some of its HP!</small><br></div><div class="spacer battle-history"><br></div><div class="battle-history">Magmortar fainted!<br></div><div class="spacer battle-history"><br></div><div class="battle-history"><small>The hail is crashing down.</small><br></div><div class="battle-history"><small>The opposing Hitmonchan is buffeted by the hail!</small><br></div><div class="spacer battle-history"><br></div><div class="battle-history">Go! <strong>Pelipper</strong>!<br></div><div class="battle-history"><small>Pointed stones dug into Pelipper!</small><br></div><div class="spacer battle-history"><br></div><h2 class="battle-history">Turn 17</h2><div class="spacer battle-history"><br></div><div class="battle-history">The opposing Hitmonchan used <strong>Ice Punch</strong>!<br></div><div class="battle-history"><small>(Pelipper lost <abbr title="−108/323">33.4%</abbr> of its health!)</small><br></div><div class="battle-history"><small>The opposing Hitmonchan lost some of its HP!</small><br></div><div class="spacer battle-history"><br></div><div class="battle-history">Pelipper used <strong>Roost</strong>!<br></div><div class="battle-history"><small>Pelipper restored its HP.</small><br></div><div class="spacer battle-history"><br></div><div class="battle-history"><small>The hail is crashing down.</small><br></div><div class="battle-history"><small>The opposing Hitmonchan is buffeted by the hail!</small><br></div><div class="battle-history"><small>Pelipper is buffeted by the hail!</small><br></div><div class="battle-history"><small>Pelipper restored a little HP using its Leftovers!</small><br></div><div class="spacer battle-history"><br></div><h2 class="battle-history">Turn 18</h2><div class="chat chatmessage-olle24"><strong style="color:hsl(50,89%,35.56443948557468%)"><small>☆</small><span class="username" data-name="Olle24">Olle24</span>:</strong> <em>i was thinking about putting thunder punch on this thing but i didn't and now i'm really regretting it</em></div><div class="chat chatmessage-saltyjek"><strong style="color:hsl(229,89%,57.26906994117466%)"><small>☆</small><span class="username" data-name="Saltyjek">Saltyjek</span>:</strong> <em>rip.</em></div><div class="spacer battle-history"><br></div><div class="battle-history">The opposing Hitmonchan used <strong>Ice Punch</strong>!<br></div><div class="battle-history"><small>(Pelipper lost <abbr title="−103/323">31.9%</abbr> of its health!)</small><br></div><div class="battle-history"><small>The opposing Hitmonchan lost some of its HP!</small><br></div><div class="spacer battle-history"><br></div><div class="battle-history">Pelipper used <strong>Hurricane</strong>!<br></div><div class="battle-history"><small>The opposing Hitmonchan avoided the attack!</small><br></div><div class="spacer battle-history"><br></div><div class="battle-history"><small>The hail is crashing down.</small><br></div><div class="battle-history"><small>The opposing Hitmonchan is buffeted by the hail!</small><br></div><div class="battle-history"><small>Pelipper is buffeted by the hail!</small><br></div><div class="battle-history"><small>Pelipper restored a little HP using its Leftovers!</small><br></div><div class="spacer battle-history"><br></div><h2 class="battle-history">Turn 19</h2><div class="spacer battle-history"><br></div><div class="battle-history">The opposing Hitmonchan used <strong>Ice Punch</strong>!<br></div><div class="battle-history"><small>(Pelipper lost <abbr title="−103/323">31.9%</abbr> of its health!)</small><br></div><div class="battle-history"><small>The opposing Hitmonchan lost some of its HP!</small><br></div><div class="spacer battle-history"><br></div><div class="battle-history">Pelipper used <strong>Roost</strong>!<br></div><div class="battle-history"><small>Pelipper restored its HP.</small><br></div><div class="spacer battle-history"><br></div><div class="battle-history"><small>The hail stopped.</small><br></div><div class="battle-history"><small>Pelipper restored a little HP using its Leftovers!</small><br></div><div class="spacer battle-history"><br></div><h2 class="battle-history">Turn 20</h2><div class="spacer battle-history"><br></div><div class="battle-history">The opposing Hitmonchan used <strong>Ice Punch</strong>!<br></div><div class="battle-history"><small>(Pelipper lost <abbr title="−103/323">31.9%</abbr> of its health!)</small><br></div><div class="battle-history"><small>The opposing Hitmonchan lost some of its HP!</small><br></div><div class="spacer battle-history"><br></div><div class="battle-history">Pelipper used <strong>Scald</strong>!<br></div><div class="battle-history"><small>(The opposing Hitmonchan lost <abbr title="−54/239">22.6%</abbr> of its health!)</small><br></div><div class="spacer battle-history"><br></div><div class="battle-history">The opposing Hitmonchan fainted!<br></div><div class="spacer battle-history"><br></div><div class="battle-history"><small>Pelipper restored a little HP using its Leftovers!</small><br></div><div class="spacer battle-history"><br></div><div class="battle-history">Olle24 sent out <strong>Rhydon</strong>!<br></div><div class="spacer battle-history"><br></div><h2 class="battle-history">Turn 21</h2><div class="chat"><small>Plasma 2000 joined.</small></div><div class="spacer battle-history"><br></div><div class="battle-history">The opposing Rhydon used <strong>Stone Edge</strong>!<br></div><div class="battle-history"><small>It's super effective!</small><br></div><div class="battle-history"><small>(Pelipper lost <abbr title="−130/323">40.2%</abbr> of its health!)</small><br></div><div class="spacer battle-history"><br></div><div class="battle-history">Pelipper fainted!<br></div><div class="chat chatmessage-plasma2000"><strong style="color:hsl(101,54%,38%)"><small> </small><span class="username" data-name="Plasma 2000">Plasma 2000</span>:</strong> <em>you mean you didnt want to change the original plasma god squad</em></div><div class="chat chatmessage-saltyjek"><strong style="color:hsl(229,89%,57.26906994117466%)"><small>☆</small><span class="username" data-name="Saltyjek">Saltyjek</span>:</strong> <em>oh this runs speed</em></div><div class="spacer battle-history"><br></div><div class="battle-history">Go! <strong>Tauros</strong>!<br></div><div class="battle-history"><small>Pointed stones dug into Tauros!</small><br></div><div class="spacer battle-history"><br></div><h2 class="battle-history">Turn 22</h2><div class="chat chatmessage-saltyjek"><strong style="color:hsl(229,89%,57.26906994117466%)"><small>☆</small><span class="username" data-name="Saltyjek">Saltyjek</span>:</strong> <em>well gg loll</em></div><div class="chat chatmessage-olle24"><strong style="color:hsl(50,89%,35.56443948557468%)"><small>☆</small><span class="username" data-name="Olle24">Olle24</span>:</strong> <em>gg</em></div><div class="spacer battle-history"><br></div><div class="battle-history">Tauros used <strong>Earthquake</strong>!<br></div><div class="battle-history"><small>It's super effective!</small><br></div><div class="battle-history"><small>A critical hit!</small><br></div><div class="battle-history"><small>(The opposing Rhydon lost <abbr title="−211/351">60.1%</abbr> of its health!)</small><br></div><div class="battle-history"><small>Tauros lost some of its HP!</small><br></div><div class="spacer battle-history"><br></div><div class="battle-history">The opposing Rhydon used <strong>Earthquake</strong>!<br></div><div class="battle-history"><small>(Tauros lost <abbr title="−187/291">64.3%</abbr> of its health!)</small><br></div><div class="spacer battle-history"><br></div><h2 class="battle-history">Turn 23</h2><div class="spacer battle-history"><br></div><div class="battle-history">Tauros used <strong>Earthquake</strong>!<br></div><div class="battle-history"><small>It's super effective!</small><br></div><div class="battle-history"><small>(The opposing Rhydon lost <abbr title="−140/351">39.9%</abbr> of its health!)</small><br></div><div class="battle-history"><small>Tauros lost some of its HP!</small><br></div><div class="spacer battle-history"><br></div><div class="battle-history">The opposing Rhydon fainted!<br></div><div class="spacer battle-history"><br></div><div class="battle-history"><strong>Saltyjek</strong> won the battle!<br></div><div class="chat chatmessage-olle24"><strong style="color:hsl(50,89%,35.56443948557468%)"><small>☆</small><span class="username" data-name="Olle24">Olle24</span>:</strong> <em>gg</em></div><div class="chat chatmessage-olle24"><strong style="color:hsl(50,89%,35.56443948557468%)"><small>☆</small><span class="username" data-name="Olle24">Olle24</span>:</strong> <em>252 Atk Life Orb Tauros Earthquake vs. 0 HP / 0 Def Eviolite Rhydon: 135-161 (38.4 - 45.8%) -- guaranteed 3HKO :[</em></div><div class="chat chatmessage-saltyjek"><strong style="color:hsl(229,89%,57.26906994117466%)"><small>☆</small><span class="username" data-name="Saltyjek">Saltyjek</span>:</strong> <em>:(</em></div><div class="chat chatmessage-saltyjek"><strong style="color:hsl(229,89%,57.26906994117466%)"><small>☆</small><span class="username" data-name="Saltyjek">Saltyjek</span>:</strong> <em>sorry man</em></div><div class="chat chatmessage-olle24"><strong style="color:hsl(50,89%,35.56443948557468%)"><small>☆</small><span class="username" data-name="Olle24">Olle24</span>:</strong> <em>all good</em></div><div class="chat chatmessage-saltyjek"><strong style="color:hsl(229,89%,57.26906994117466%)"><small>☆</small><span class="username" data-name="Saltyjek">Saltyjek</span>:</strong> <em>was that sheer force steelix?</em></div><div class="chat chatmessage-olle24"><strong style="color:hsl(50,89%,35.56443948557468%)"><small>☆</small><span class="username" data-name="Olle24">Olle24</span>:</strong> <em>yeah</em></div><div class="chat chatmessage-olle24"><strong style="color:hsl(50,89%,35.56443948557468%)"><small>☆</small><span class="username" data-name="Olle24">Olle24</span>:</strong> <em>max speed</em></div><div class="chat chatmessage-olle24"><strong style="color:hsl(50,89%,35.56443948557468%)"><small>☆</small><span class="username" data-name="Olle24">Olle24</span>:</strong> <em>the plasma way</em></div><div class="chat chatmessage-saltyjek"><strong style="color:hsl(229,89%,57.26906994117466%)"><small>☆</small><span class="username" data-name="Saltyjek">Saltyjek</span>:</strong> <em>yeah figured</em></div><div class="chat chatmessage-saltyjek"><strong style="color:hsl(229,89%,57.26906994117466%)"><small>☆</small><span class="username" data-name="Saltyjek">Saltyjek</span>:</strong> <em>if it were the plasma way, you wouldve brought regice imo!!!</em></div><div class="chat chatmessage-olle24"><strong style="color:hsl(50,89%,35.56443948557468%)"><small>☆</small><span class="username" data-name="Olle24">Olle24</span>:</strong> <em>almost all our teams got deleted wehn our old computer got an update</em></div><div class="chat chatmessage-olle24"><strong style="color:hsl(50,89%,35.56443948557468%)"><small>☆</small><span class="username" data-name="Olle24">Olle24</span>:</strong> <em>:(</em></div><div class="chat chatmessage-olle24"><strong style="color:hsl(50,89%,35.56443948557468%)"><small>☆</small><span class="username" data-name="Olle24">Olle24</span>:</strong> <em>so no regice teams</em></div><div class="chat chatmessage-saltyjek"><strong style="color:hsl(229,89%,57.26906994117466%)"><small>☆</small><span class="username" data-name="Saltyjek">Saltyjek</span>:</strong> <em>tbh we shouldve agreed to both bring heat</em></div><div class="chat chatmessage-saltyjek"><strong style="color:hsl(229,89%,57.26906994117466%)"><small>☆</small><span class="username" data-name="Saltyjek">Saltyjek</span>:</strong> <em>i only thought about it now</em></div><div class="chat chatmessage-olle24"><strong style="color:hsl(50,89%,35.56443948557468%)"><small>☆</small><span class="username" data-name="Olle24">Olle24</span>:</strong> <em>tbh almost all my teams for laddering are somewhat heat</em></div><div class="chat chatmessage-saltyjek"><strong style="color:hsl(229,89%,57.26906994117466%)"><small>☆</small><span class="username" data-name="Saltyjek">Saltyjek</span>:</strong> <em>i tilt too easily to ladder lol</em></div><div class="chat chatmessage-saltyjek"><strong style="color:hsl(229,89%,57.26906994117466%)"><small>☆</small><span class="username" data-name="Saltyjek">Saltyjek</span>:</strong> <em>anyways gg man</em></div><div class="chat chatmessage-olle24"><strong style="color:hsl(50,89%,35.56443948557468%)"><small>☆</small><span class="username" data-name="Olle24">Olle24</span>:</strong> <em>yeah gg</em></div><div class="chat"><small>Saltyjek left.</small></div><div class="chat"><small>Olle24 left.</small></div><div class="chat"><small>Olle24 joined.</small></div></div><div class="inner-preempt"></div></div></div>
</div>
<script>
let daily = Math.floor(Date.now()/1000/60/60/24);document.write('<script src="https://play.pokemonshowdown.com/js/replay-embed.js?version'+daily+'"></'+'script>');
</script>
