<!DOCTYPE html>
<meta charset="utf-8" />
<!-- version 1 -->
<title>NU replay: Azote1999 vs. Slyssassins</title>
<style>
html,body {font-family:Verdana, sans-serif;font-size:10pt;margin:0;padding:0;}body{padding:12px 0;} .battle-log {font-family:Verdana, sans-serif;font-size:10pt;} .battle-log-inline {border:1px solid #AAAAAA;background:#EEF2F5;color:black;max-width:640px;margin:0 auto 80px;padding-bottom:5px;} .battle-log .inner {padding:4px 8px 0px 8px;} .battle-log .inner-preempt {padding:0 8px 4px 8px;} .battle-log .inner-after {margin-top:0.5em;} .battle-log h2 {margin:0.5em -8px;padding:4px 8px;border:1px solid #AAAAAA;background:#E0E7EA;border-left:0;border-right:0;font-family:Verdana, sans-serif;font-size:13pt;} .battle-log .chat {vertical-align:middle;padding:3px 0 3px 0;font-size:8pt;} .battle-log .chat strong {color:#40576A;} .battle-log .chat em {padding:1px 4px 1px 3px;color:#000000;font-style:normal;} .chat.mine {background:rgba(0,0,0,0.05);margin-left:-8px;margin-right:-8px;padding-left:8px;padding-right:8px;} .spoiler {color:#BBBBBB;background:#BBBBBB;padding:0px 3px;} .spoiler:hover, .spoiler:active, .spoiler-shown {color:#000000;background:#E2E2E2;padding:0px 3px;} .spoiler a {color:#BBBBBB;} .spoiler:hover a, .spoiler:active a, .spoiler-shown a {color:#2288CC;} .chat code, .chat .spoiler:hover code, .chat .spoiler:active code, .chat .spoiler-shown code {border:1px solid #C0C0C0;background:#EEEEEE;color:black;padding:0 2px;} .chat .spoiler code {border:1px solid #CCCCCC;background:#CCCCCC;color:#CCCCCC;} .battle-log .rated {padding:3px 4px;} .battle-log .rated strong {color:white;background:#89A;padding:1px 4px;border-radius:4px;} .spacer {margin-top:0.5em;} .message-announce {background:#6688AA;color:white;padding:1px 4px 2px;} .message-announce a, .broadcast-green a, .broadcast-blue a, .broadcast-red a {color:#DDEEFF;} .broadcast-green {background-color:#559955;color:white;padding:2px 4px;} .broadcast-blue {background-color:#6688AA;color:white;padding:2px 4px;} .infobox {border:1px solid #6688AA;padding:2px 4px;} .infobox-limited {max-height:200px;overflow:auto;overflow-x:hidden;} .broadcast-red {background-color:#AA5544;color:white;padding:2px 4px;} .message-learn-canlearn {font-weight:bold;color:#228822;text-decoration:underline;} .message-learn-cannotlearn {font-weight:bold;color:#CC2222;text-decoration:underline;} .message-effect-weak {font-weight:bold;color:#CC2222;} .message-effect-resist {font-weight:bold;color:#6688AA;} .message-effect-immune {font-weight:bold;color:#666666;} .message-learn-list {margin-top:0;margin-bottom:0;} .message-throttle-notice, .message-error {color:#992222;} .message-overflow, .chat small.message-overflow {font-size:0pt;} .message-overflow::before {font-size:9pt;content:'...';} .subtle {color:#3A4A66;}
</style>
<div class="wrapper replay-wrapper" style="max-width:1180px;margin:0 auto">
<input type="hidden" name="replayid" value="nu-501549607" />
<div class="battle"></div><div class="battle-log"></div><div class="replay-controls"></div><div class="replay-controls-2"></div>
<h1 style="font-weight:normal;text-align:center"><strong>NU</strong><br /><a href="http://pokemonshowdown.com/users/azote1999" class="subtle" target="_blank">Azote1999</a> vs. <a href="http://pokemonshowdown.com/users/slyssassins" class="subtle" target="_blank">Slyssassins</a></h1>
<script type="text/plain" class="battle-log-data">|j|Azote1999
|j|Slyssassins
|player|p1|Azote1999|264
|player|p2|Slyssassins|293
|gametype|singles
|gen|6
|tier|NU
|rated
|seed|48277,32077,19736,7762
|rule|Baton Pass Speed Clause: Limit one Baton Passer, can't pass Speed
|rule|Sleep Clause Mod: Limit one foe put to sleep
|rule|Species Clause: Limit one of each Pokémon
|rule|OHKO Clause: OHKO moves are banned
|rule|Moody Clause: Moody is banned
|rule|Evasion Moves Clause: Evasion moves are banned
|rule|Endless Battle Clause: Forcing endless battles is banned
|rule|HP Percentage Mod: HP is shown in percentages
|clearpoke
|poke|p1|Ludicolo, F|item
|poke|p1|Zangoose, M|item
|poke|p1|Kabutops, M|item
|poke|p1|Gastrodon-East, F|item
|poke|p1|Klinklang|item
|poke|p1|Dusclops, F|item
|poke|p2|Gastrodon-East, F|item
|poke|p2|Swellow, M|item
|poke|p2|Steelix, F|item
|poke|p2|Audino, F|item
|poke|p2|Lilligant, F|item
|poke|p2|Gurdurr, F|item
|rule|Swagger Clause: Swagger is banned
|rule|Baton Pass Clause: Limit one Baton Passer, can't pass Spe and other stats simultaneously
|teampreview
|j|Zmeeed •'◡'•
|choice|team 2, team 1, team 3, team 4, team 5, team 6|team 5, team 2, team 3, team 4, team 1, team 6
|
|start
|switch|p1a: Zangoose|Zangoose, M|288\/288
|switch|p2a: NO-FRAGILE|Lilligant, F|282\/282
|turn|1
|choice|switch 2|switch 3
|
|switch|p1a: Ludicolo|Ludicolo, F|302\/302
|switch|p2a: Iron-Sneak|Steelix, F|291\/291
|
|upkeep
|turn|2
|choice|switch 2|move stealthrock
|
|switch|p1a: Zangoose|Zangoose, M|288\/288
|move|p2a: Iron-Sneak|Stealth Rock|p1a: Zangoose
|-sidestart|p1: Azote1999|move: Stealth Rock
|
|-status|p1a: Zangoose|tox|[from] item: Toxic Orb
|upkeep
|turn|3
|choice|move knockoff|move protect
|
|move|p2a: Iron-Sneak|Protect|p2a: Iron-Sneak
|-singleturn|p2a: Iron-Sneak|Protect
|move|p1a: Zangoose|Knock Off|p2a: Iron-Sneak
|-activate|p2a: Iron-Sneak|move: Protect
|
|-damage|p1a: Zangoose|270\/288 tox|[from] psn
|upkeep
|turn|4
|choice|move knockoff|move earthquake
|
|move|p1a: Zangoose|Knock Off|p2a: Iron-Sneak
|-damage|p2a: Iron-Sneak|224\/291
|-enditem|p2a: Iron-Sneak|Leftovers|[from] move: Knock Off|[of] p1a: Zangoose
|move|p2a: Iron-Sneak|Earthquake|p1a: Zangoose
|-damage|p1a: Zangoose|123\/288 tox
|
|-damage|p1a: Zangoose|87\/288 tox|[from] psn
|upkeep
|turn|5
|choice|switch 6|move protect
|
|switch|p1a: Dusclops|Dusclops, F|284\/284
|-damage|p1a: Dusclops|249\/284|[from] Stealth Rock
|-ability|p1a: Dusclops|Pressure
|move|p2a: Iron-Sneak|Protect|p2a: Iron-Sneak
|-fail|p2a: Iron-Sneak
|
|upkeep
|turn|6
|choice|move willowisp|switch 6
|
|switch|p2a: Tanki|Gurdurr, F|311\/311
|move|p1a: Dusclops|Will-O-Wisp|p2a: Tanki
|-status|p2a: Tanki|brn
|
|-damage|p2a: Tanki|273\/311 brn|[from] brn
|upkeep
|turn|7
|choice|move protect|move knockoff
|
|move|p1a: Dusclops|Protect|p1a: Dusclops
|-singleturn|p1a: Dusclops|Protect
|move|p2a: Tanki|Knock Off|p1a: Dusclops
|-activate|p1a: Dusclops|move: Protect
|
|-damage|p2a: Tanki|235\/311 brn|[from] brn
|upkeep
|turn|8
|choice|switch 6|move knockoff
|
|switch|p1a: Zangoose|Zangoose, M|87\/288 tox
|-damage|p1a: Zangoose|51\/288 tox|[from] Stealth Rock
|move|p2a: Tanki|Knock Off|p1a: Zangoose
|-damage|p1a: Zangoose|0 fnt
|-enditem|p1a: Zangoose|Toxic Orb|[from] move: Knock Off|[of] p2a: Tanki
|faint|p1a: Zangoose
|
|-damage|p2a: Tanki|197\/311 brn|[from] brn
|upkeep
|choice|switch 3|
|
|switch|p1a: Kabutops|Kabutops, M|262\/262
|-damage|p1a: Kabutops|230\/262|[from] Stealth Rock
|turn|9
|choice|move waterfall|switch 5
|
|switch|p2a: Gluwchlupchlupchlu|Gastrodon-East, F|363\/363
|move|p1a: Kabutops|Waterfall|p2a: Gluwchlupchlupchlu
|-ability|p2a: Gluwchlupchlupchlu|Storm Drain|boost
|-boost|p2a: Gluwchlupchlupchlu|spa|1
|
|upkeep
|turn|10
|choice|switch 2|move earthpower
|
|switch|p1a: Ludicolo|Ludicolo, F|302\/302
|-damage|p1a: Ludicolo|265\/302|[from] Stealth Rock
|move|p2a: Gluwchlupchlupchlu|Earth Power|p1a: Ludicolo
|-resisted|p1a: Ludicolo
|-damage|p1a: Ludicolo|181\/302
|
|upkeep
|turn|11
|choice|switch 2|switch 4
|
|switch|p1a: Kabutops|Kabutops, M|230\/262
|-damage|p1a: Kabutops|198\/262|[from] Stealth Rock
|switch|p2a: Nelfa|Audino, F|348\/348
|
|upkeep
|turn|12
|choice|move stoneedge|move drainpunch mega
|
|detailschange|p2a: Nelfa|Audino-Mega, F
|-mega|p2a: Nelfa|Audino|Audinite
|move|p1a: Kabutops|Stone Edge|p2a: Nelfa
|-damage|p2a: Nelfa|194\/348
|move|p2a: Nelfa|Drain Punch|p1a: Kabutops
|-supereffective|p1a: Kabutops
|-damage|p1a: Kabutops|128\/262
|-heal|p2a: Nelfa|229\/348|[from] drain|[of] p1a: Kabutops
|
|upkeep
|turn|13
|choice|switch 6|switch 6
|
|switch|p1a: Dusclops|Dusclops, F|249\/284
|-damage|p1a: Dusclops|214\/284|[from] Stealth Rock
|-ability|p1a: Dusclops|Pressure
|switch|p2a: Iron-Sneak|Steelix, F|224\/291
|
|upkeep
|turn|14
|choice|move willowisp|move stoneedge
|
|move|p2a: Iron-Sneak|Stone Edge|p1a: Dusclops
|-damage|p1a: Dusclops|178\/284
|move|p1a: Dusclops|Will-O-Wisp|p2a: Iron-Sneak
|-status|p2a: Iron-Sneak|brn
|
|-damage|p2a: Iron-Sneak|188\/291 brn|[from] brn
|upkeep
|turn|15
|choice|move shadowpunch|switch 4
|
|switch|p2a: Gluwchlupchlupchlu|Gastrodon-East, F|363\/363
|move|p1a: Dusclops|Shadow Punch|p2a: Gluwchlupchlupchlu
|-damage|p2a: Gluwchlupchlupchlu|308\/363
|
|-heal|p2a: Gluwchlupchlupchlu|330\/363|[from] item: Leftovers
|upkeep
|turn|16
|choice|move willowisp|move scald
|
|move|p2a: Gluwchlupchlupchlu|Scald|p1a: Dusclops
|-damage|p1a: Dusclops|138\/284
|move|p1a: Dusclops|Will-O-Wisp|p2a: Gluwchlupchlupchlu
|-status|p2a: Gluwchlupchlupchlu|brn
|
|-heal|p2a: Gluwchlupchlupchlu|352\/363 brn|[from] item: Leftovers
|-damage|p2a: Gluwchlupchlupchlu|307\/363 brn|[from] brn
|upkeep
|turn|17
|choice|move painsplit|move toxic
|
|move|p2a: Gluwchlupchlupchlu|Toxic|p1a: Dusclops
|-status|p1a: Dusclops|tox
|move|p1a: Dusclops|Pain Split|p2a: Gluwchlupchlupchlu
|-sethp|p2a: Gluwchlupchlupchlu|222\/363 brn|p1a: Dusclops|222\/284 tox|[from] move: Pain Split
|
|-heal|p2a: Gluwchlupchlupchlu|244\/363 brn|[from] item: Leftovers
|-damage|p2a: Gluwchlupchlupchlu|199\/363 brn|[from] brn
|-damage|p1a: Dusclops|205\/284 tox|[from] psn
|upkeep
|turn|18
|choice|switch 2|move earthpower
|
|switch|p1a: Ludicolo|Ludicolo, F|181\/302
|-damage|p1a: Ludicolo|144\/302|[from] Stealth Rock
|move|p2a: Gluwchlupchlupchlu|Earth Power|p1a: Ludicolo
|-resisted|p1a: Ludicolo
|-damage|p1a: Ludicolo|93\/302
|
|-heal|p2a: Gluwchlupchlupchlu|221\/363 brn|[from] item: Leftovers
|-damage|p2a: Gluwchlupchlupchlu|176\/363 brn|[from] brn
|upkeep
|turn|19
|choice|move icebeam|switch 6
|
|switch|p2a: Nelfa|Audino-Mega, F|229\/348
|move|p1a: Ludicolo|Ice Beam|p2a: Nelfa
|-damage|p2a: Nelfa|169\/348
|
|upkeep
|turn|20
|choice|move icebeam|move wish
|
|move|p1a: Ludicolo|Ice Beam|p2a: Nelfa
|-damage|p2a: Nelfa|108\/348
|move|p2a: Nelfa|Wish|p2a: Nelfa
|
|upkeep
|turn|21
|choice|switch 5|move protect
|
|switch|p1a: Klinklang|Klinklang|324\/324
|-damage|p1a: Klinklang|304\/324|[from] Stealth Rock
|move|p2a: Nelfa|Protect|p2a: Nelfa
|-fail|p2a: Nelfa
|
|-heal|p2a: Nelfa|282\/348|[from] move: Wish|[wisher] Nelfa
|-heal|p1a: Klinklang|324\/324|[from] item: Leftovers
|upkeep
|turn|22
|choice|move toxic|switch 4
|
|switch|p2a: Iron-Sneak|Steelix, F|188\/291 brn
|move|p1a: Klinklang|Toxic|p2a: Iron-Sneak
|-fail|p2a: Iron-Sneak
|
|-damage|p2a: Iron-Sneak|152\/291 brn|[from] brn
|upkeep
|turn|23
|choice|move protect|move earthquake
|
|move|p1a: Klinklang|Protect|p1a: Klinklang
|-singleturn|p1a: Klinklang|Protect
|move|p2a: Iron-Sneak|Earthquake|p1a: Klinklang
|-activate|p1a: Klinklang|move: Protect
|
|-damage|p2a: Iron-Sneak|116\/291 brn|[from] brn
|upkeep
|turn|24
|choice|switch 2|move earthquake
|
|switch|p1a: Dusclops|Dusclops, F|205\/284 tox
|-damage|p1a: Dusclops|170\/284 tox|[from] Stealth Rock
|-ability|p1a: Dusclops|Pressure
|move|p2a: Iron-Sneak|Earthquake|p1a: Dusclops
|-damage|p1a: Dusclops|142\/284 tox
|
|-damage|p1a: Dusclops|125\/284 tox|[from] psn
|-damage|p2a: Iron-Sneak|80\/291 brn|[from] brn
|upkeep
|turn|25
|choice|move shadowpunch|switch 5
|
|switch|p2a: Tanki|Gurdurr, F|197\/311 brn
|move|p1a: Dusclops|Shadow Punch|p2a: Tanki
|-damage|p2a: Tanki|166\/311 brn
|
|-damage|p2a: Tanki|128\/311 brn|[from] brn
|-damage|p1a: Dusclops|91\/284 tox|[from] psn
|upkeep
|turn|26
|choice|move protect|move knockoff
|
|move|p1a: Dusclops|Protect|p1a: Dusclops
|-singleturn|p1a: Dusclops|Protect
|move|p2a: Tanki|Knock Off|p1a: Dusclops
|-activate|p1a: Dusclops|move: Protect
|
|-damage|p2a: Tanki|90\/311 brn|[from] brn
|-damage|p1a: Dusclops|40\/284 tox|[from] psn
|upkeep
|turn|27
|choice|move painsplit|move icepunch
|
|move|p2a: Tanki|Ice Punch|p1a: Dusclops
|-damage|p1a: Dusclops|13\/284 tox
|move|p1a: Dusclops|Pain Split|p2a: Tanki
|-sethp|p2a: Tanki|51\/311 brn|p1a: Dusclops|51\/284 tox|[from] move: Pain Split
|
|-damage|p2a: Tanki|13\/311 brn|[from] brn
|-damage|p1a: Dusclops|0 fnt|[from] psn
|upkeep
|faint|p1a: Dusclops
|choice|switch 2|
|
|switch|p1a: Klinklang|Klinklang|324\/324
|-damage|p1a: Klinklang|304\/324|[from] Stealth Rock
|turn|28
|choice|move voltswitch|move machpunch
|
|move|p2a: Tanki|Mach Punch|p1a: Klinklang
|-supereffective|p1a: Klinklang
|-damage|p1a: Klinklang|255\/324
|move|p1a: Klinklang|Volt Switch|p2a: Tanki
|-damage|p2a: Tanki|0 fnt
|faint|p2a: Tanki
|choice|switch 5|
|
|switch|p1a: Ludicolo|Ludicolo, F|93\/302
|-damage|p1a: Ludicolo|56\/302|[from] Stealth Rock
|
|upkeep
|choice||switch 2
|
|switch|p2a: MonBeau|Swellow, M|261\/261
|turn|29
|choice|move icebeam|move quickattack
|
|move|p2a: MonBeau|Quick Attack|p1a: Ludicolo
|-damage|p1a: Ludicolo|0 fnt
|faint|p1a: Ludicolo
|
|-status|p2a: MonBeau|tox|[from] item: Toxic Orb
|upkeep
|choice|switch 6|
|
|switch|p1a: Kabutops|Kabutops, M|128\/262
|-damage|p1a: Kabutops|96\/262|[from] Stealth Rock
|turn|30
|choice|move stoneedge|move uturn
|
|move|p2a: MonBeau|U-turn|p1a: Kabutops
|-damage|p1a: Kabutops|0 fnt
|faint|p1a: Kabutops
|choice||switch 6
|
|switch|p2a: Gluwchlupchlupchlu|Gastrodon-East, F|176\/363 brn
|
|-heal|p2a: Gluwchlupchlupchlu|198\/363 brn|[from] item: Leftovers
|-damage|p2a: Gluwchlupchlupchlu|153\/363 brn|[from] brn
|upkeep
|choice|switch 4|
|
|switch|p1a: Gastrodon|Gastrodon-East, F|426\/426
|-damage|p1a: Gastrodon|400\/426|[from] Stealth Rock
|turn|31
|choice|move blizzard|move toxic
|
|move|p1a: Gastrodon|Blizzard|p2a: Gluwchlupchlupchlu
|-damage|p2a: Gluwchlupchlupchlu|48\/363 brn
|move|p2a: Gluwchlupchlupchlu|Toxic|p1a: Gastrodon
|-status|p1a: Gastrodon|tox
|
|-heal|p1a: Gastrodon|426\/426 tox|[from] item: Leftovers
|-heal|p2a: Gluwchlupchlupchlu|70\/363 brn|[from] item: Leftovers
|-damage|p1a: Gastrodon|400\/426 tox|[from] psn
|-damage|p2a: Gluwchlupchlupchlu|25\/363 brn|[from] brn
|upkeep
|turn|32
|choice|move scald|move scald
|
|move|p1a: Gastrodon|Scald|p2a: Gluwchlupchlupchlu
|-ability|p2a: Gluwchlupchlupchlu|Storm Drain|boost
|-boost|p2a: Gluwchlupchlupchlu|spa|1
|move|p2a: Gluwchlupchlupchlu|Scald|p1a: Gastrodon
|-ability|p1a: Gastrodon|Storm Drain|boost
|-boost|p1a: Gastrodon|spa|1
|
|-heal|p1a: Gastrodon|426\/426 tox|[from] item: Leftovers
|-heal|p2a: Gluwchlupchlupchlu|47\/363 brn|[from] item: Leftovers
|-damage|p1a: Gastrodon|374\/426 tox|[from] psn
|-damage|p2a: Gluwchlupchlupchlu|2\/363 brn|[from] brn
|upkeep
|turn|33
|choice|move sludgebomb|move earthpower
|
|move|p1a: Gastrodon|Sludge Bomb|p2a: Gluwchlupchlupchlu
|-resisted|p2a: Gluwchlupchlupchlu
|-damage|p2a: Gluwchlupchlupchlu|0 fnt
|faint|p2a: Gluwchlupchlupchlu
|
|-heal|p1a: Gastrodon|400\/426 tox|[from] item: Leftovers
|-damage|p1a: Gastrodon|322\/426 tox|[from] psn
|upkeep
|choice||switch 4
|
|switch|p2a: Nelfa|Audino-Mega, F|282\/348
|turn|34
|choice|move blizzard|move wish
|
|move|p2a: Nelfa|Wish|p2a: Nelfa
|move|p1a: Gastrodon|Blizzard|p2a: Nelfa
|-damage|p2a: Nelfa|184\/348
|-status|p2a: Nelfa|frz
|
|-heal|p1a: Gastrodon|348\/426 tox|[from] item: Leftovers
|-damage|p1a: Gastrodon|244\/426 tox|[from] psn
|upkeep
|turn|35
|choice|switch 5|switch 5
|
|switch|p2a: Iron-Sneak|Steelix, F|80\/291 brn
|switch|p1a: Klinklang|Klinklang|255\/324
|-damage|p1a: Klinklang|235\/324|[from] Stealth Rock
|
|-heal|p2a: Iron-Sneak|254\/291 brn|[from] move: Wish|[wisher] Nelfa
|-heal|p1a: Klinklang|255\/324|[from] item: Leftovers
|-damage|p2a: Iron-Sneak|218\/291 brn|[from] brn
|upkeep
|turn|36
|choice|move protect|move earthquake
|
|move|p1a: Klinklang|Protect|p1a: Klinklang
|-singleturn|p1a: Klinklang|Protect
|move|p2a: Iron-Sneak|Earthquake|p1a: Klinklang
|-activate|p1a: Klinklang|move: Protect
|
|-heal|p1a: Klinklang|275\/324|[from] item: Leftovers
|-damage|p2a: Iron-Sneak|182\/291 brn|[from] brn
|upkeep
|turn|37
|choice|switch 5|move earthquake
|
|switch|p1a: Gastrodon|Gastrodon-East, F|244\/426 tox
|-damage|p1a: Gastrodon|218\/426 tox|[from] Stealth Rock
|move|p2a: Iron-Sneak|Earthquake|p1a: Gastrodon
|-damage|p1a: Gastrodon|150\/426 tox
|
|-heal|p1a: Gastrodon|176\/426 tox|[from] item: Leftovers
|-damage|p1a: Gastrodon|150\/426 tox|[from] psn
|-damage|p2a: Iron-Sneak|146\/291 brn|[from] brn
|upkeep
|turn|38
|choice|move sludgebomb|switch 6
|
|switch|p2a: MonBeau|Swellow, M|261\/261 tox
|move|p1a: Gastrodon|Sludge Bomb|p2a: MonBeau
|-damage|p2a: MonBeau|83\/261 tox
|
|-heal|p1a: Gastrodon|176\/426 tox|[from] item: Leftovers
|-damage|p2a: MonBeau|67\/261 tox|[from] psn
|-damage|p1a: Gastrodon|124\/426 tox|[from] psn
|upkeep
|turn|39
|choice|move scald|move quickattack
|
|move|p2a: MonBeau|Quick Attack|p1a: Gastrodon
|-damage|p1a: Gastrodon|6\/426 tox
|move|p1a: Gastrodon|Scald|p2a: MonBeau
|-damage|p2a: MonBeau|0 fnt
|faint|p2a: MonBeau
|
|-heal|p1a: Gastrodon|32\/426 tox|[from] item: Leftovers
|-damage|p1a: Gastrodon|0 fnt|[from] psn
|upkeep
|faint|p1a: Gastrodon
|choice|switch 5|switch 3
|
|switch|p1a: Klinklang|Klinklang|275\/324
|switch|p2a: NO-FRAGILE|Lilligant, F|282\/282
|-damage|p1a: Klinklang|255\/324|[from] Stealth Rock
|turn|40
|choice|move toxic|move healbell
|
|move|p1a: Klinklang|Toxic|p2a: NO-FRAGILE
|-status|p2a: NO-FRAGILE|tox
|move|p2a: NO-FRAGILE|Heal Bell|p2a: NO-FRAGILE
|-activate|p2a: NO-FRAGILE|move: Heal Bell
|-curestatus|p2a: NO-FRAGILE|tox|[msg]
|-curestatus|p2: Nelfa|frz|[msg]
|-curestatus|p2: Iron-Sneak|brn|[msg]
|
|-heal|p1a: Klinklang|275\/324|[from] item: Leftovers
|upkeep
|turn|41
|choice|move toxic|move protect
|
|move|p2a: NO-FRAGILE|Protect|p2a: NO-FRAGILE
|-singleturn|p2a: NO-FRAGILE|Protect
|move|p1a: Klinklang|Toxic|p2a: NO-FRAGILE
|-activate|p2a: NO-FRAGILE|move: Protect
|
|-heal|p1a: Klinklang|295\/324|[from] item: Leftovers
|upkeep
|turn|42
|choice|move toxic|move energyball
|
|move|p1a: Klinklang|Toxic|p2a: NO-FRAGILE
|-status|p2a: NO-FRAGILE|tox
|move|p2a: NO-FRAGILE|Energy Ball|p1a: Klinklang
|-resisted|p1a: Klinklang
|-damage|p1a: Klinklang|203\/324
|
|-heal|p1a: Klinklang|223\/324|[from] item: Leftovers
|-damage|p2a: NO-FRAGILE|265\/282 tox|[from] psn
|upkeep
|turn|43
|choice|move thunderbolt|move healbell
|
|move|p1a: Klinklang|Thunderbolt|p2a: NO-FRAGILE
|-resisted|p2a: NO-FRAGILE
|-damage|p2a: NO-FRAGILE|244\/282 tox
|move|p2a: NO-FRAGILE|Heal Bell|p2a: NO-FRAGILE
|-activate|p2a: NO-FRAGILE|move: Heal Bell
|-curestatus|p2a: NO-FRAGILE|tox|[msg]
|
|-heal|p1a: Klinklang|243\/324|[from] item: Leftovers
|upkeep
|turn|44
|choice|move thunderbolt|move leechseed
|
|move|p1a: Klinklang|Thunderbolt|p2a: NO-FRAGILE
|-resisted|p2a: NO-FRAGILE
|-damage|p2a: NO-FRAGILE|223\/282
|move|p2a: NO-FRAGILE|Leech Seed|p1a: Klinklang
|-start|p1a: Klinklang|move: Leech Seed
|
|-heal|p1a: Klinklang|263\/324|[from] item: Leftovers
|-damage|p1a: Klinklang|223\/324|[from] Leech Seed|[of] p2a: NO-FRAGILE
|-heal|p2a: NO-FRAGILE|263\/282|[silent]
|upkeep
|turn|45
|choice|move thunderbolt|move protect
|
|move|p2a: NO-FRAGILE|Protect|p2a: NO-FRAGILE
|-singleturn|p2a: NO-FRAGILE|Protect
|move|p1a: Klinklang|Thunderbolt|p2a: NO-FRAGILE
|-activate|p2a: NO-FRAGILE|move: Protect
|
|-heal|p1a: Klinklang|243\/324|[from] item: Leftovers
|-damage|p1a: Klinklang|203\/324|[from] Leech Seed|[of] p2a: NO-FRAGILE
|-heal|p2a: NO-FRAGILE|282\/282|[silent]
|upkeep
|turn|46
|choice|move thunderbolt|switch 5
|
|switch|p2a: Nelfa|Audino-Mega, F|184\/348
|move|p1a: Klinklang|Thunderbolt|p2a: Nelfa
|-damage|p2a: Nelfa|155\/348
|
|-heal|p1a: Klinklang|223\/324|[from] item: Leftovers
|-damage|p1a: Klinklang|183\/324|[from] Leech Seed|[of] p2a: Nelfa
|-heal|p2a: Nelfa|195\/348|[silent]
|upkeep
|turn|47
|-message|Azote1999 forfeited.
|
|win|Slyssassins
|player|p1
|player|p2
|l|Azote1999
|raw|Azote1999's rating: 1000 &rarr; <strong>1000<\/strong><br \/>(+0 for losing)
|raw|Slyssassins's rating: 1000 &rarr; <strong>1040<\/strong><br \/>(+40 for winning)</script>
</div>
<div class="battle-log battle-log-inline"><div class="inner"><div class="battle-options"></div><div class="inner"><div class="chat"><small>Azote1999 joined.</small></div><div class="chat"><small>Slyssassins joined.</small></div><div class=""><small>Format:</small> <br><strong>NU</strong></div><div class="rated"><strong>Rated battle</strong></div><div class=""><small><em>Baton Pass Speed Clause:</em> Limit one Baton Passer, can't pass Speed</small></div><div class=""><small><em>Sleep Clause Mod:</em> Limit one foe put to sleep</small></div><div class=""><small><em>Species Clause:</em> Limit one of each Pokémon</small></div><div class=""><small><em>OHKO Clause:</em> OHKO moves are banned</small></div><div class=""><small><em>Moody Clause:</em> Moody is banned</small></div><div class=""><small><em>Evasion Moves Clause:</em> Evasion moves are banned</small></div><div class=""><small><em>Endless Battle Clause:</em> Forcing endless battles is banned</small></div><div class=""><small><em>HP Percentage Mod:</em> HP is shown in percentages</small></div><div class=""><small><em>Swagger Clause:</em> Swagger is banned</small></div><div class=""><small><em>Baton Pass Clause:</em> Limit one Baton Passer, can't pass Spe and other stats simultaneously</small></div><div class="chat battle-history"><strong>Azote1999's team:</strong> <em style="color:#445566;display:block;">Ludicolo / Zangoose / Kabutops / Gastrodon-East / Klinklang / Dusclops</em></div><div class="chat battle-history"><strong>Slyssassins's team:</strong> <em style="color:#445566;display:block;">Gastrodon-East / Swellow / Steelix / Audino / Lilligant / Gurdurr</em></div><div class="chat"><small>Zmeeed •'◡'• joined.</small></div><div class="spacer battle-history"><br></div><div class="battle-history">Battle started between Azote1999 and Slyssassins!<br></div><div class="spacer battle-history"><br></div><div class="battle-history">Go! <strong>Zangoose</strong>!<br></div><div class="spacer battle-history"><br></div><div class="battle-history">Slyssassins sent out NO-FRAGILE (<strong>Lilligant</strong>)!<br></div><div class="spacer battle-history"><br></div><h2 class="battle-history">Turn 1</h2><div class="spacer battle-history"><br></div><div class="battle-history">Zangoose, come back!<br></div><div class="battle-history">Go! <strong>Ludicolo</strong>!<br></div><div class="spacer battle-history"><br></div><div class="battle-history">Slyssassins withdrew NO-FRAGILE!<br></div><div class="battle-history">Slyssassins sent out Iron-Sneak (<strong>Steelix</strong>)!<br></div><div class="spacer battle-history"><br></div><h2 class="battle-history">Turn 2</h2><div class="spacer battle-history"><br></div><div class="battle-history">Ludicolo, come back!<br></div><div class="battle-history">Go! <strong>Zangoose</strong>!<br></div><div class="spacer battle-history"><br></div><div class="battle-history">The opposing Iron-Sneak used <strong>Stealth Rock</strong>!<br></div><div class="battle-history"><small>Pointed stones float in the air around your team!</small><br></div><div class="spacer battle-history"><br></div><div class="battle-history"><small>Zangoose was badly poisoned!</small><br></div><div class="spacer battle-history"><br></div><h2 class="battle-history">Turn 3</h2><div class="spacer battle-history"><br></div><div class="battle-history">The opposing Iron-Sneak used <strong>Protect</strong>!<br></div><div class="battle-history"><small>The opposing Iron-Sneak protected itself!</small><br></div><div class="spacer battle-history"><br></div><div class="battle-history">Zangoose used <strong>Knock Off</strong>!<br></div><div class="battle-history"><small>The opposing Iron-Sneak protected itself!</small><br></div><div class="spacer battle-history"><br></div><div class="battle-history"><small>Zangoose was hurt by poison!</small><br></div><div class="spacer battle-history"><br></div><h2 class="battle-history">Turn 4</h2><div class="spacer battle-history"><br></div><div class="battle-history">Zangoose used <strong>Knock Off</strong>!<br></div><div class="battle-history"><small>(The opposing Iron-Sneak lost <abbr title="−67/291">23.0%</abbr> of its health!)</small><br></div><div class="battle-history"><small>Zangoose knocked off the opposing Iron-Sneak's Leftovers!</small><br></div><div class="spacer battle-history"><br></div><div class="battle-history">The opposing Iron-Sneak used <strong>Earthquake</strong>!<br></div><div class="battle-history"><small>(Zangoose lost <abbr title="−147/288">51.0%</abbr> of its health!)</small><br></div><div class="spacer battle-history"><br></div><div class="battle-history"><small>Zangoose was hurt by poison!</small><br></div><div class="spacer battle-history"><br></div><h2 class="battle-history">Turn 5</h2><div class="spacer battle-history"><br></div><div class="battle-history">Zangoose, come back!<br></div><div class="battle-history">Go! <strong>Dusclops</strong>!<br></div><div class="battle-history"><small>Pointed stones dug into Dusclops!</small><br></div><div class="battle-history"><small>[Dusclops's Pressure]</small><br><small>Dusclops is exerting its pressure!</small><br></div><div class="spacer battle-history"><br></div><div class="battle-history">The opposing Iron-Sneak used <strong>Protect</strong>!<br></div><div class="battle-history"><small>But it failed!</small><br></div><div class="spacer battle-history"><br></div><h2 class="battle-history">Turn 6</h2><div class="spacer battle-history"><br></div><div class="battle-history">Slyssassins withdrew Iron-Sneak!<br></div><div class="battle-history">Slyssassins sent out Tanki (<strong>Gurdurr</strong>)!<br></div><div class="spacer battle-history"><br></div><div class="battle-history">Dusclops used <strong>Will-O-Wisp</strong>!<br></div><div class="battle-history"><small>The opposing Tanki was burned!</small><br></div><div class="spacer battle-history"><br></div><div class="battle-history"><small>The opposing Tanki was hurt by its burn!</small><br></div><div class="spacer battle-history"><br></div><h2 class="battle-history">Turn 7</h2><div class="spacer battle-history"><br></div><div class="battle-history">Dusclops used <strong>Protect</strong>!<br></div><div class="battle-history"><small>Dusclops protected itself!</small><br></div><div class="spacer battle-history"><br></div><div class="battle-history">The opposing Tanki used <strong>Knock Off</strong>!<br></div><div class="battle-history"><small>Dusclops protected itself!</small><br></div><div class="spacer battle-history"><br></div><div class="battle-history"><small>The opposing Tanki was hurt by its burn!</small><br></div><div class="spacer battle-history"><br></div><h2 class="battle-history">Turn 8</h2><div class="spacer battle-history"><br></div><div class="battle-history">Dusclops, come back!<br></div><div class="battle-history">Go! <strong>Zangoose</strong>!<br></div><div class="battle-history"><small>Pointed stones dug into Zangoose!</small><br></div><div class="spacer battle-history"><br></div><div class="battle-history">The opposing Tanki used <strong>Knock Off</strong>!<br></div><div class="battle-history"><small>(Zangoose lost <abbr title="−51/288">17.7%</abbr> of its health!)</small><br></div><div class="battle-history"><small>The opposing Tanki knocked off Zangoose's Toxic Orb!</small><br></div><div class="spacer battle-history"><br></div><div class="battle-history">Zangoose fainted!<br></div><div class="spacer battle-history"><br></div><div class="battle-history"><small>The opposing Tanki was hurt by its burn!</small><br></div><div class="spacer battle-history"><br></div><div class="battle-history">Go! <strong>Kabutops</strong>!<br></div><div class="battle-history"><small>Pointed stones dug into Kabutops!</small><br></div><div class="spacer battle-history"><br></div><h2 class="battle-history">Turn 9</h2><div class="spacer battle-history"><br></div><div class="battle-history">Slyssassins withdrew Tanki!<br></div><div class="battle-history">Slyssassins sent out Gluwchlupchlupchlu (<strong>Gastrodon-East</strong>)!<br></div><div class="spacer battle-history"><br></div><div class="battle-history">Kabutops used <strong>Waterfall</strong>!<br></div><div class="battle-history"><small>[The opposing Gluwchlupchlupchlu's Storm Drain]</small><br></div><div class="battle-history"><small>The opposing Gluwchlupchlupchlu's Special Attack rose!</small><br></div><div class="spacer battle-history"><br></div><h2 class="battle-history">Turn 10</h2><div class="spacer battle-history"><br></div><div class="battle-history">Kabutops, come back!<br></div><div class="battle-history">Go! <strong>Ludicolo</strong>!<br></div><div class="battle-history"><small>Pointed stones dug into Ludicolo!</small><br></div><div class="spacer battle-history"><br></div><div class="battle-history">The opposing Gluwchlupchlupchlu used <strong>Earth Power</strong>!<br></div><div class="battle-history"><small>It's not very effective...</small><br></div><div class="battle-history"><small>(Ludicolo lost <abbr title="−84/302">27.8%</abbr> of its health!)</small><br></div><div class="spacer battle-history"><br></div><h2 class="battle-history">Turn 11</h2><div class="spacer battle-history"><br></div><div class="battle-history">Ludicolo, come back!<br></div><div class="battle-history">Go! <strong>Kabutops</strong>!<br></div><div class="battle-history"><small>Pointed stones dug into Kabutops!</small><br></div><div class="spacer battle-history"><br></div><div class="battle-history">Slyssassins withdrew Gluwchlupchlupchlu!<br></div><div class="battle-history">Slyssassins sent out Nelfa (<strong>Audino</strong>)!<br></div><div class="spacer battle-history"><br></div><h2 class="battle-history">Turn 12</h2><div class="spacer battle-history"><br></div><div class="battle-history"><small>The opposing Nelfa's Audinite is reacting to Slyssassins's Mega Bracelet!</small><br>The opposing Nelfa has Mega Evolved into Mega Audino!<br></div><div class="spacer battle-history"><br></div><div class="battle-history">Kabutops used <strong>Stone Edge</strong>!<br></div><div class="battle-history"><small>(The opposing Nelfa lost <abbr title="−154/348">44.3%</abbr> of its health!)</small><br></div><div class="spacer battle-history"><br></div><div class="battle-history">The opposing Nelfa used <strong>Drain Punch</strong>!<br></div><div class="battle-history"><small>It's super effective!</small><br></div><div class="battle-history"><small>(Kabutops lost <abbr title="−70/262">26.7%</abbr> of its health!)</small><br></div><div class="battle-history"><small>Kabutops had its energy drained!</small><br></div><div class="spacer battle-history"><br></div><h2 class="battle-history">Turn 13</h2><div class="spacer battle-history"><br></div><div class="battle-history">Kabutops, come back!<br></div><div class="battle-history">Go! <strong>Dusclops</strong>!<br></div><div class="battle-history"><small>Pointed stones dug into Dusclops!</small><br></div><div class="battle-history"><small>[Dusclops's Pressure]</small><br><small>Dusclops is exerting its pressure!</small><br></div><div class="spacer battle-history"><br></div><div class="battle-history">Slyssassins withdrew Nelfa!<br></div><div class="battle-history">Slyssassins sent out Iron-Sneak (<strong>Steelix</strong>)!<br></div><div class="spacer battle-history"><br></div><h2 class="battle-history">Turn 14</h2><div class="spacer battle-history"><br></div><div class="battle-history">The opposing Iron-Sneak used <strong>Stone Edge</strong>!<br></div><div class="battle-history"><small>(Dusclops lost <abbr title="−36/284">12.7%</abbr> of its health!)</small><br></div><div class="spacer battle-history"><br></div><div class="battle-history">Dusclops used <strong>Will-O-Wisp</strong>!<br></div><div class="battle-history"><small>The opposing Iron-Sneak was burned!</small><br></div><div class="spacer battle-history"><br></div><div class="battle-history"><small>The opposing Iron-Sneak was hurt by its burn!</small><br></div><div class="spacer battle-history"><br></div><h2 class="battle-history">Turn 15</h2><div class="spacer battle-history"><br></div><div class="battle-history">Slyssassins withdrew Iron-Sneak!<br></div><div class="battle-history">Slyssassins sent out Gluwchlupchlupchlu (<strong>Gastrodon-East</strong>)!<br></div><div class="spacer battle-history"><br></div><div class="battle-history">Dusclops used <strong>Shadow Punch</strong>!<br></div><div class="battle-history"><small>(The opposing Gluwchlupchlupchlu lost <abbr title="−55/363">15.2%</abbr> of its health!)</small><br></div><div class="spacer battle-history"><br></div><div class="battle-history"><small>The opposing Gluwchlupchlupchlu restored a little HP using its Leftovers!</small><br></div><div class="spacer battle-history"><br></div><h2 class="battle-history">Turn 16</h2><div class="spacer battle-history"><br></div><div class="battle-history">The opposing Gluwchlupchlupchlu used <strong>Scald</strong>!<br></div><div class="battle-history"><small>(Dusclops lost <abbr title="−40/284">14.1%</abbr> of its health!)</small><br></div><div class="spacer battle-history"><br></div><div class="battle-history">Dusclops used <strong>Will-O-Wisp</strong>!<br></div><div class="battle-history"><small>The opposing Gluwchlupchlupchlu was burned!</small><br></div><div class="spacer battle-history"><br></div><div class="battle-history"><small>The opposing Gluwchlupchlupchlu restored a little HP using its Leftovers!</small><br></div><div class="battle-history"><small>The opposing Gluwchlupchlupchlu was hurt by its burn!</small><br></div><div class="spacer battle-history"><br></div><h2 class="battle-history">Turn 17</h2><div class="spacer battle-history"><br></div><div class="battle-history">The opposing Gluwchlupchlupchlu used <strong>Toxic</strong>!<br></div><div class="battle-history"><small>Dusclops was badly poisoned!</small><br></div><div class="spacer battle-history"><br></div><div class="battle-history">Dusclops used <strong>Pain Split</strong>!<br></div><div class="battle-history"><small>The battlers shared their pain!</small><br></div><div class="spacer battle-history"><br></div><div class="battle-history"><small>The opposing Gluwchlupchlupchlu restored a little HP using its Leftovers!</small><br></div><div class="battle-history"><small>The opposing Gluwchlupchlupchlu was hurt by its burn!</small><br></div><div class="battle-history"><small>Dusclops was hurt by poison!</small><br></div><div class="spacer battle-history"><br></div><h2 class="battle-history">Turn 18</h2><div class="spacer battle-history"><br></div><div class="battle-history">Dusclops, come back!<br></div><div class="battle-history">Go! <strong>Ludicolo</strong>!<br></div><div class="battle-history"><small>Pointed stones dug into Ludicolo!</small><br></div><div class="spacer battle-history"><br></div><div class="battle-history">The opposing Gluwchlupchlupchlu used <strong>Earth Power</strong>!<br></div><div class="battle-history"><small>It's not very effective...</small><br></div><div class="battle-history"><small>(Ludicolo lost <abbr title="−51/302">16.9%</abbr> of its health!)</small><br></div><div class="spacer battle-history"><br></div><div class="battle-history"><small>The opposing Gluwchlupchlupchlu restored a little HP using its Leftovers!</small><br></div><div class="battle-history"><small>The opposing Gluwchlupchlupchlu was hurt by its burn!</small><br></div><div class="spacer battle-history"><br></div><h2 class="battle-history">Turn 19</h2><div class="spacer battle-history"><br></div><div class="battle-history">Slyssassins withdrew Gluwchlupchlupchlu!<br></div><div class="battle-history">Slyssassins sent out Nelfa (<strong>Audino-Mega</strong>)!<br></div><div class="spacer battle-history"><br></div><div class="battle-history">Ludicolo used <strong>Ice Beam</strong>!<br></div><div class="battle-history"><small>(The opposing Nelfa lost <abbr title="−60/348">17.2%</abbr> of its health!)</small><br></div><div class="spacer battle-history"><br></div><h2 class="battle-history">Turn 20</h2><div class="spacer battle-history"><br></div><div class="battle-history">Ludicolo used <strong>Ice Beam</strong>!<br></div><div class="battle-history"><small>(The opposing Nelfa lost <abbr title="−61/348">17.5%</abbr> of its health!)</small><br></div><div class="spacer battle-history"><br></div><div class="battle-history">The opposing Nelfa used <strong>Wish</strong>!<br></div><div class="spacer battle-history"><br></div><h2 class="battle-history">Turn 21</h2><div class="spacer battle-history"><br></div><div class="battle-history">Ludicolo, come back!<br></div><div class="battle-history">Go! <strong>Klinklang</strong>!<br></div><div class="battle-history"><small>Pointed stones dug into Klinklang!</small><br></div><div class="spacer battle-history"><br></div><div class="battle-history">The opposing Nelfa used <strong>Protect</strong>!<br></div><div class="battle-history"><small>But it failed!</small><br></div><div class="spacer battle-history"><br></div><div class="battle-history"><small>Nelfa's wish came true!</small><br></div><div class="battle-history"><small>Klinklang restored a little HP using its Leftovers!</small><br></div><div class="spacer battle-history"><br></div><h2 class="battle-history">Turn 22</h2><div class="spacer battle-history"><br></div><div class="battle-history">Slyssassins withdrew Nelfa!<br></div><div class="battle-history">Slyssassins sent out Iron-Sneak (<strong>Steelix</strong>)!<br></div><div class="spacer battle-history"><br></div><div class="battle-history">Klinklang used <strong>Toxic</strong>!<br></div><div class="battle-history"><small>But it failed!</small><br></div><div class="spacer battle-history"><br></div><div class="battle-history"><small>The opposing Iron-Sneak was hurt by its burn!</small><br></div><div class="spacer battle-history"><br></div><h2 class="battle-history">Turn 23</h2><div class="spacer battle-history"><br></div><div class="battle-history">Klinklang used <strong>Protect</strong>!<br></div><div class="battle-history"><small>Klinklang protected itself!</small><br></div><div class="spacer battle-history"><br></div><div class="battle-history">The opposing Iron-Sneak used <strong>Earthquake</strong>!<br></div><div class="battle-history"><small>Klinklang protected itself!</small><br></div><div class="spacer battle-history"><br></div><div class="battle-history"><small>The opposing Iron-Sneak was hurt by its burn!</small><br></div><div class="spacer battle-history"><br></div><h2 class="battle-history">Turn 24</h2><div class="spacer battle-history"><br></div><div class="battle-history">Klinklang, come back!<br></div><div class="battle-history">Go! <strong>Dusclops</strong>!<br></div><div class="battle-history"><small>Pointed stones dug into Dusclops!</small><br></div><div class="battle-history"><small>[Dusclops's Pressure]</small><br><small>Dusclops is exerting its pressure!</small><br></div><div class="spacer battle-history"><br></div><div class="battle-history">The opposing Iron-Sneak used <strong>Earthquake</strong>!<br></div><div class="battle-history"><small>(Dusclops lost <abbr title="−28/284">9.9%</abbr> of its health!)</small><br></div><div class="spacer battle-history"><br></div><div class="battle-history"><small>Dusclops was hurt by poison!</small><br></div><div class="battle-history"><small>The opposing Iron-Sneak was hurt by its burn!</small><br></div><div class="spacer battle-history"><br></div><h2 class="battle-history">Turn 25</h2><div class="spacer battle-history"><br></div><div class="battle-history">Slyssassins withdrew Iron-Sneak!<br></div><div class="battle-history">Slyssassins sent out Tanki (<strong>Gurdurr</strong>)!<br></div><div class="spacer battle-history"><br></div><div class="battle-history">Dusclops used <strong>Shadow Punch</strong>!<br></div><div class="battle-history"><small>(The opposing Tanki lost <abbr title="−31/311">10.0%</abbr> of its health!)</small><br></div><div class="spacer battle-history"><br></div><div class="battle-history"><small>The opposing Tanki was hurt by its burn!</small><br></div><div class="battle-history"><small>Dusclops was hurt by poison!</small><br></div><div class="spacer battle-history"><br></div><h2 class="battle-history">Turn 26</h2><div class="spacer battle-history"><br></div><div class="battle-history">Dusclops used <strong>Protect</strong>!<br></div><div class="battle-history"><small>Dusclops protected itself!</small><br></div><div class="spacer battle-history"><br></div><div class="battle-history">The opposing Tanki used <strong>Knock Off</strong>!<br></div><div class="battle-history"><small>Dusclops protected itself!</small><br></div><div class="spacer battle-history"><br></div><div class="battle-history"><small>The opposing Tanki was hurt by its burn!</small><br></div><div class="battle-history"><small>Dusclops was hurt by poison!</small><br></div><div class="spacer battle-history"><br></div><h2 class="battle-history">Turn 27</h2><div class="spacer battle-history"><br></div><div class="battle-history">The opposing Tanki used <strong>Ice Punch</strong>!<br></div><div class="battle-history"><small>(Dusclops lost <abbr title="−27/284">9.5%</abbr> of its health!)</small><br></div><div class="spacer battle-history"><br></div><div class="battle-history">Dusclops used <strong>Pain Split</strong>!<br></div><div class="battle-history"><small>The battlers shared their pain!</small><br></div><div class="spacer battle-history"><br></div><div class="battle-history"><small>The opposing Tanki was hurt by its burn!</small><br></div><div class="battle-history"><small>Dusclops was hurt by poison!</small><br></div><div class="spacer battle-history"><br></div><div class="battle-history">Dusclops fainted!<br></div><div class="spacer battle-history"><br></div><div class="battle-history">Go! <strong>Klinklang</strong>!<br></div><div class="battle-history"><small>Pointed stones dug into Klinklang!</small><br></div><div class="spacer battle-history"><br></div><h2 class="battle-history">Turn 28</h2><div class="spacer battle-history"><br></div><div class="battle-history">The opposing Tanki used <strong>Mach Punch</strong>!<br></div><div class="battle-history"><small>It's super effective!</small><br></div><div class="battle-history"><small>(Klinklang lost <abbr title="−49/324">15.1%</abbr> of its health!)</small><br></div><div class="spacer battle-history"><br></div><div class="battle-history">Klinklang used <strong>Volt Switch</strong>!<br></div><div class="battle-history"><small>(The opposing Tanki lost <abbr title="−13/311">4.2%</abbr> of its health!)</small><br></div><div class="spacer battle-history"><br></div><div class="battle-history">The opposing Tanki fainted!<br></div><div class="spacer battle-history"><br></div><div class="battle-history">Klinklang went back to Azote1999!<br></div><div class="battle-history">Go! <strong>Ludicolo</strong>!<br></div><div class="battle-history"><small>Pointed stones dug into Ludicolo!</small><br></div><div class="spacer battle-history"><br></div><div class="battle-history">Slyssassins sent out MonBeau (<strong>Swellow</strong>)!<br></div><div class="spacer battle-history"><br></div><h2 class="battle-history">Turn 29</h2><div class="spacer battle-history"><br></div><div class="battle-history">The opposing MonBeau used <strong>Quick Attack</strong>!<br></div><div class="battle-history"><small>(Ludicolo lost <abbr title="−56/302">18.5%</abbr> of its health!)</small><br></div><div class="spacer battle-history"><br></div><div class="battle-history">Ludicolo fainted!<br></div><div class="spacer battle-history"><br></div><div class="battle-history"><small>The opposing MonBeau was badly poisoned!</small><br></div><div class="spacer battle-history"><br></div><div class="battle-history">Go! <strong>Kabutops</strong>!<br></div><div class="battle-history"><small>Pointed stones dug into Kabutops!</small><br></div><div class="spacer battle-history"><br></div><h2 class="battle-history">Turn 30</h2><div class="spacer battle-history"><br></div><div class="battle-history">The opposing MonBeau used <strong>U-turn</strong>!<br></div><div class="battle-history"><small>(Kabutops lost <abbr title="−96/262">36.6%</abbr> of its health!)</small><br></div><div class="spacer battle-history"><br></div><div class="battle-history">Kabutops fainted!<br></div><div class="spacer battle-history"><br></div><div class="battle-history">The opposing MonBeau went back to Slyssassins!<br></div><div class="battle-history">Slyssassins sent out Gluwchlupchlupchlu (<strong>Gastrodon-East</strong>)!<br></div><div class="spacer battle-history"><br></div><div class="battle-history"><small>The opposing Gluwchlupchlupchlu restored a little HP using its Leftovers!</small><br></div><div class="battle-history"><small>The opposing Gluwchlupchlupchlu was hurt by its burn!</small><br></div><div class="spacer battle-history"><br></div><div class="battle-history">Go! Gastrodon (<strong>Gastrodon-East</strong>)!<br></div><div class="battle-history"><small>Pointed stones dug into Gastrodon!</small><br></div><div class="spacer battle-history"><br></div><h2 class="battle-history">Turn 31</h2><div class="spacer battle-history"><br></div><div class="battle-history">Gastrodon used <strong>Blizzard</strong>!<br></div><div class="battle-history"><small>(The opposing Gluwchlupchlupchlu lost <abbr title="−105/363">28.9%</abbr> of its health!)</small><br></div><div class="spacer battle-history"><br></div><div class="battle-history">The opposing Gluwchlupchlupchlu used <strong>Toxic</strong>!<br></div><div class="battle-history"><small>Gastrodon was badly poisoned!</small><br></div><div class="spacer battle-history"><br></div><div class="battle-history"><small>Gastrodon restored a little HP using its Leftovers!</small><br></div><div class="battle-history"><small>The opposing Gluwchlupchlupchlu restored a little HP using its Leftovers!</small><br></div><div class="battle-history"><small>Gastrodon was hurt by poison!</small><br></div><div class="battle-history"><small>The opposing Gluwchlupchlupchlu was hurt by its burn!</small><br></div><div class="spacer battle-history"><br></div><h2 class="battle-history">Turn 32</h2><div class="spacer battle-history"><br></div><div class="battle-history">Gastrodon used <strong>Scald</strong>!<br></div><div class="battle-history"><small>[The opposing Gluwchlupchlupchlu's Storm Drain]</small><br></div><div class="battle-history"><small>The opposing Gluwchlupchlupchlu's Special Attack rose!</small><br></div><div class="spacer battle-history"><br></div><div class="battle-history">The opposing Gluwchlupchlupchlu used <strong>Scald</strong>!<br></div><div class="battle-history"><small>[Gastrodon's Storm Drain]</small><br></div><div class="battle-history"><small>Gastrodon's Special Attack rose!</small><br></div><div class="spacer battle-history"><br></div><div class="battle-history"><small>Gastrodon restored a little HP using its Leftovers!</small><br></div><div class="battle-history"><small>The opposing Gluwchlupchlupchlu restored a little HP using its Leftovers!</small><br></div><div class="battle-history"><small>Gastrodon was hurt by poison!</small><br></div><div class="battle-history"><small>The opposing Gluwchlupchlupchlu was hurt by its burn!</small><br></div><div class="spacer battle-history"><br></div><h2 class="battle-history">Turn 33</h2><div class="spacer battle-history"><br></div><div class="battle-history">Gastrodon used <strong>Sludge Bomb</strong>!<br></div><div class="battle-history"><small>It's not very effective...</small><br></div><div class="battle-history"><small>(The opposing Gluwchlupchlupchlu lost <abbr title="−2/363">0.6%</abbr> of its health!)</small><br></div><div class="spacer battle-history"><br></div><div class="battle-history">The opposing Gluwchlupchlupchlu fainted!<br></div><div class="spacer battle-history"><br></div><div class="battle-history"><small>Gastrodon restored a little HP using its Leftovers!</small><br></div><div class="battle-history"><small>Gastrodon was hurt by poison!</small><br></div><div class="spacer battle-history"><br></div><div class="battle-history">Slyssassins sent out Nelfa (<strong>Audino-Mega</strong>)!<br></div><div class="spacer battle-history"><br></div><h2 class="battle-history">Turn 34</h2><div class="spacer battle-history"><br></div><div class="battle-history">The opposing Nelfa used <strong>Wish</strong>!<br></div><div class="spacer battle-history"><br></div><div class="battle-history">Gastrodon used <strong>Blizzard</strong>!<br></div><div class="battle-history"><small>(The opposing Nelfa lost <abbr title="−98/348">28.2%</abbr> of its health!)</small><br></div><div class="battle-history"><small>The opposing Nelfa was frozen solid!</small><br></div><div class="spacer battle-history"><br></div><div class="battle-history"><small>Gastrodon restored a little HP using its Leftovers!</small><br></div><div class="battle-history"><small>Gastrodon was hurt by poison!</small><br></div><div class="spacer battle-history"><br></div><h2 class="battle-history">Turn 35</h2><div class="spacer battle-history"><br></div><div class="battle-history">Slyssassins withdrew Nelfa!<br></div><div class="battle-history">Slyssassins sent out Iron-Sneak (<strong>Steelix</strong>)!<br></div><div class="spacer battle-history"><br></div><div class="battle-history">Gastrodon, come back!<br></div><div class="battle-history">Go! <strong>Klinklang</strong>!<br></div><div class="battle-history"><small>Pointed stones dug into Klinklang!</small><br></div><div class="spacer battle-history"><br></div><div class="battle-history"><small>Nelfa's wish came true!</small><br></div><div class="battle-history"><small>Klinklang restored a little HP using its Leftovers!</small><br></div><div class="battle-history"><small>The opposing Iron-Sneak was hurt by its burn!</small><br></div><div class="spacer battle-history"><br></div><h2 class="battle-history">Turn 36</h2><div class="spacer battle-history"><br></div><div class="battle-history">Klinklang used <strong>Protect</strong>!<br></div><div class="battle-history"><small>Klinklang protected itself!</small><br></div><div class="spacer battle-history"><br></div><div class="battle-history">The opposing Iron-Sneak used <strong>Earthquake</strong>!<br></div><div class="battle-history"><small>Klinklang protected itself!</small><br></div><div class="spacer battle-history"><br></div><div class="battle-history"><small>Klinklang restored a little HP using its Leftovers!</small><br></div><div class="battle-history"><small>The opposing Iron-Sneak was hurt by its burn!</small><br></div><div class="spacer battle-history"><br></div><h2 class="battle-history">Turn 37</h2><div class="spacer battle-history"><br></div><div class="battle-history">Klinklang, come back!<br></div><div class="battle-history">Go! Gastrodon (<strong>Gastrodon-East</strong>)!<br></div><div class="battle-history"><small>Pointed stones dug into Gastrodon!</small><br></div><div class="spacer battle-history"><br></div><div class="battle-history">The opposing Iron-Sneak used <strong>Earthquake</strong>!<br></div><div class="battle-history"><small>(Gastrodon lost <abbr title="−68/426">16.0%</abbr> of its health!)</small><br></div><div class="spacer battle-history"><br></div><div class="battle-history"><small>Gastrodon restored a little HP using its Leftovers!</small><br></div><div class="battle-history"><small>Gastrodon was hurt by poison!</small><br></div><div class="battle-history"><small>The opposing Iron-Sneak was hurt by its burn!</small><br></div><div class="spacer battle-history"><br></div><h2 class="battle-history">Turn 38</h2><div class="spacer battle-history"><br></div><div class="battle-history">Slyssassins withdrew Iron-Sneak!<br></div><div class="battle-history">Slyssassins sent out MonBeau (<strong>Swellow</strong>)!<br></div><div class="spacer battle-history"><br></div><div class="battle-history">Gastrodon used <strong>Sludge Bomb</strong>!<br></div><div class="battle-history"><small>(The opposing MonBeau lost <abbr title="−178/261">68.2%</abbr> of its health!)</small><br></div><div class="spacer battle-history"><br></div><div class="battle-history"><small>Gastrodon restored a little HP using its Leftovers!</small><br></div><div class="battle-history"><small>The opposing MonBeau was hurt by poison!</small><br></div><div class="battle-history"><small>Gastrodon was hurt by poison!</small><br></div><div class="spacer battle-history"><br></div><h2 class="battle-history">Turn 39</h2><div class="spacer battle-history"><br></div><div class="battle-history">The opposing MonBeau used <strong>Quick Attack</strong>!<br></div><div class="battle-history"><small>(Gastrodon lost <abbr title="−118/426">27.7%</abbr> of its health!)</small><br></div><div class="spacer battle-history"><br></div><div class="battle-history">Gastrodon used <strong>Scald</strong>!<br></div><div class="battle-history"><small>(The opposing MonBeau lost <abbr title="−67/261">25.7%</abbr> of its health!)</small><br></div><div class="spacer battle-history"><br></div><div class="battle-history">The opposing MonBeau fainted!<br></div><div class="spacer battle-history"><br></div><div class="battle-history"><small>Gastrodon restored a little HP using its Leftovers!</small><br></div><div class="battle-history"><small>Gastrodon was hurt by poison!</small><br></div><div class="spacer battle-history"><br></div><div class="battle-history">Gastrodon fainted!<br></div><div class="spacer battle-history"><br></div><div class="battle-history">Go! <strong>Klinklang</strong>!<br></div><div class="spacer battle-history"><br></div><div class="battle-history">Slyssassins sent out NO-FRAGILE (<strong>Lilligant</strong>)!<br></div><div class="battle-history"><small>Pointed stones dug into Klinklang!</small><br></div><div class="spacer battle-history"><br></div><h2 class="battle-history">Turn 40</h2><div class="spacer battle-history"><br></div><div class="battle-history">Klinklang used <strong>Toxic</strong>!<br></div><div class="battle-history"><small>The opposing NO-FRAGILE was badly poisoned!</small><br></div><div class="spacer battle-history"><br></div><div class="battle-history">The opposing NO-FRAGILE used <strong>Heal Bell</strong>!<br></div><div class="battle-history"><small>A bell chimed!</small><br></div><div class="battle-history"><small>The opposing NO-FRAGILE was cured of its poisoning.</small><br></div><div class="battle-history"><small>The opposing Nelfa thawed out!</small><br></div><div class="battle-history"><small>The opposing Iron-Sneak's burn was healed.</small><br></div><div class="spacer battle-history"><br></div><div class="battle-history"><small>Klinklang restored a little HP using its Leftovers!</small><br></div><div class="spacer battle-history"><br></div><h2 class="battle-history">Turn 41</h2><div class="spacer battle-history"><br></div><div class="battle-history">The opposing NO-FRAGILE used <strong>Protect</strong>!<br></div><div class="battle-history"><small>The opposing NO-FRAGILE protected itself!</small><br></div><div class="spacer battle-history"><br></div><div class="battle-history">Klinklang used <strong>Toxic</strong>!<br></div><div class="battle-history"><small>The opposing NO-FRAGILE protected itself!</small><br></div><div class="spacer battle-history"><br></div><div class="battle-history"><small>Klinklang restored a little HP using its Leftovers!</small><br></div><div class="spacer battle-history"><br></div><h2 class="battle-history">Turn 42</h2><div class="spacer battle-history"><br></div><div class="battle-history">Klinklang used <strong>Toxic</strong>!<br></div><div class="battle-history"><small>The opposing NO-FRAGILE was badly poisoned!</small><br></div><div class="spacer battle-history"><br></div><div class="battle-history">The opposing NO-FRAGILE used <strong>Energy Ball</strong>!<br></div><div class="battle-history"><small>It's not very effective...</small><br></div><div class="battle-history"><small>(Klinklang lost <abbr title="−92/324">28.4%</abbr> of its health!)</small><br></div><div class="spacer battle-history"><br></div><div class="battle-history"><small>Klinklang restored a little HP using its Leftovers!</small><br></div><div class="battle-history"><small>The opposing NO-FRAGILE was hurt by poison!</small><br></div><div class="spacer battle-history"><br></div><h2 class="battle-history">Turn 43</h2><div class="spacer battle-history"><br></div><div class="battle-history">Klinklang used <strong>Thunderbolt</strong>!<br></div><div class="battle-history"><small>It's not very effective...</small><br></div><div class="battle-history"><small>(The opposing NO-FRAGILE lost <abbr title="−21/282">7.4%</abbr> of its health!)</small><br></div><div class="spacer battle-history"><br></div><div class="battle-history">The opposing NO-FRAGILE used <strong>Heal Bell</strong>!<br></div><div class="battle-history"><small>A bell chimed!</small><br></div><div class="battle-history"><small>The opposing NO-FRAGILE was cured of its poisoning.</small><br></div><div class="spacer battle-history"><br></div><div class="battle-history"><small>Klinklang restored a little HP using its Leftovers!</small><br></div><div class="spacer battle-history"><br></div><h2 class="battle-history">Turn 44</h2><div class="spacer battle-history"><br></div><div class="battle-history">Klinklang used <strong>Thunderbolt</strong>!<br></div><div class="battle-history"><small>It's not very effective...</small><br></div><div class="battle-history"><small>(The opposing NO-FRAGILE lost <abbr title="−21/282">7.4%</abbr> of its health!)</small><br></div><div class="spacer battle-history"><br></div><div class="battle-history">The opposing NO-FRAGILE used <strong>Leech Seed</strong>!<br></div><div class="battle-history"><small>Klinklang was seeded!</small><br></div><div class="spacer battle-history"><br></div><div class="battle-history"><small>Klinklang restored a little HP using its Leftovers!</small><br></div><div class="battle-history"><small>Klinklang's health is sapped by Leech Seed!</small><br></div><div class="spacer battle-history"><br></div><h2 class="battle-history">Turn 45</h2><div class="spacer battle-history"><br></div><div class="battle-history">The opposing NO-FRAGILE used <strong>Protect</strong>!<br></div><div class="battle-history"><small>The opposing NO-FRAGILE protected itself!</small><br></div><div class="spacer battle-history"><br></div><div class="battle-history">Klinklang used <strong>Thunderbolt</strong>!<br></div><div class="battle-history"><small>The opposing NO-FRAGILE protected itself!</small><br></div><div class="spacer battle-history"><br></div><div class="battle-history"><small>Klinklang restored a little HP using its Leftovers!</small><br></div><div class="battle-history"><small>Klinklang's health is sapped by Leech Seed!</small><br></div><div class="spacer battle-history"><br></div><h2 class="battle-history">Turn 46</h2><div class="spacer battle-history"><br></div><div class="battle-history">Slyssassins withdrew NO-FRAGILE!<br></div><div class="battle-history">Slyssassins sent out Nelfa (<strong>Audino-Mega</strong>)!<br></div><div class="spacer battle-history"><br></div><div class="battle-history">Klinklang used <strong>Thunderbolt</strong>!<br></div><div class="battle-history"><small>(The opposing Nelfa lost <abbr title="−29/348">8.3%</abbr> of its health!)</small><br></div><div class="spacer battle-history"><br></div><div class="battle-history"><small>Klinklang restored a little HP using its Leftovers!</small><br></div><div class="battle-history"><small>Klinklang's health is sapped by Leech Seed!</small><br></div><div class="spacer battle-history"><br></div><h2 class="battle-history">Turn 47</h2><div class="spacer battle-history"><br></div><div class="battle-history"><small>Azote1999 forfeited.</small><br></div><div class="spacer battle-history"><br></div><div class="battle-history"><strong>Slyssassins</strong> won the battle!<br></div><div class="chat"><small>Azote1999 left.</small></div><div class="chat">Azote1999's rating: 1000 → <strong>1000</strong><br>(+0 for losing)</div><div class="chat">Slyssassins's rating: 1000 → <strong>1040</strong><br>(+40 for winning)</div></div><div class="inner-preempt"></div></div></div>
</div>
<script>
let daily = Math.floor(Date.now()/1000/60/60/24);document.write('<script src="https://play.pokemonshowdown.com/js/replay-embed.js?version'+daily+'"></'+'script>');
</script>
