<!DOCTYPE html>
<meta charset="utf-8" />
<!-- version 1 -->
<title>NU replay: Amizade vs. KrayZPoke</title>
<style>
html,body {font-family:Verdana, sans-serif;font-size:10pt;margin:0;padding:0;}body{padding:12px 0;} .battle-log {font-family:Verdana, sans-serif;font-size:10pt;} .battle-log-inline {border:1px solid #AAAAAA;background:#EEF2F5;color:black;max-width:640px;margin:0 auto 80px;padding-bottom:5px;} .battle-log .inner {padding:4px 8px 0px 8px;} .battle-log .inner-preempt {padding:0 8px 4px 8px;} .battle-log .inner-after {margin-top:0.5em;} .battle-log h2 {margin:0.5em -8px;padding:4px 8px;border:1px solid #AAAAAA;background:#E0E7EA;border-left:0;border-right:0;font-family:Verdana, sans-serif;font-size:13pt;} .battle-log .chat {vertical-align:middle;padding:3px 0 3px 0;font-size:8pt;} .battle-log .chat strong {color:#40576A;} .battle-log .chat em {padding:1px 4px 1px 3px;color:#000000;font-style:normal;} .chat.mine {background:rgba(0,0,0,0.05);margin-left:-8px;margin-right:-8px;padding-left:8px;padding-right:8px;} .spoiler {color:#BBBBBB;background:#BBBBBB;padding:0px 3px;} .spoiler:hover, .spoiler:active, .spoiler-shown {color:#000000;background:#E2E2E2;padding:0px 3px;} .spoiler a {color:#BBBBBB;} .spoiler:hover a, .spoiler:active a, .spoiler-shown a {color:#2288CC;} .chat code, .chat .spoiler:hover code, .chat .spoiler:active code, .chat .spoiler-shown code {border:1px solid #C0C0C0;background:#EEEEEE;color:black;padding:0 2px;} .chat .spoiler code {border:1px solid #CCCCCC;background:#CCCCCC;color:#CCCCCC;} .battle-log .rated {padding:3px 4px;} .battle-log .rated strong {color:white;background:#89A;padding:1px 4px;border-radius:4px;} .spacer {margin-top:0.5em;} .message-announce {background:#6688AA;color:white;padding:1px 4px 2px;} .message-announce a, .broadcast-green a, .broadcast-blue a, .broadcast-red a {color:#DDEEFF;} .broadcast-green {background-color:#559955;color:white;padding:2px 4px;} .broadcast-blue {background-color:#6688AA;color:white;padding:2px 4px;} .infobox {border:1px solid #6688AA;padding:2px 4px;} .infobox-limited {max-height:200px;overflow:auto;overflow-x:hidden;} .broadcast-red {background-color:#AA5544;color:white;padding:2px 4px;} .message-learn-canlearn {font-weight:bold;color:#228822;text-decoration:underline;} .message-learn-cannotlearn {font-weight:bold;color:#CC2222;text-decoration:underline;} .message-effect-weak {font-weight:bold;color:#CC2222;} .message-effect-resist {font-weight:bold;color:#6688AA;} .message-effect-immune {font-weight:bold;color:#666666;} .message-learn-list {margin-top:0;margin-bottom:0;} .message-throttle-notice, .message-error {color:#992222;} .message-overflow, .chat small.message-overflow {font-size:0pt;} .message-overflow::before {font-size:9pt;content:'...';} .subtle {color:#3A4A66;}
</style>
<div class="wrapper replay-wrapper" style="max-width:1180px;margin:0 auto">
<input type="hidden" name="replayid" value="nu-555864591" />
<div class="battle"></div><div class="battle-log"></div><div class="replay-controls"></div><div class="replay-controls-2"></div>
<h1 style="font-weight:normal;text-align:center"><strong>NU</strong><br /><a href="http://pokemonshowdown.com/users/amizade" class="subtle" target="_blank">Amizade</a> vs. <a href="http://pokemonshowdown.com/users/krayzpoke" class="subtle" target="_blank">KrayZPoke</a></h1>
<script type="text/plain" class="battle-log-data">|j|Amizade
|j|KrayZPoke
|player|p1|Amizade|209
|player|p2|KrayZPoke|266
|gametype|singles
|gen|6
|tier|NU
|rated
|seed|18278,18345,51714,38986
|rule|Sleep Clause Mod: Limit one foe put to sleep
|rule|Species Clause: Limit one of each Pokémon
|rule|OHKO Clause: OHKO moves are banned
|rule|Moody Clause: Moody is banned
|rule|Evasion Moves Clause: Evasion moves are banned
|rule|Endless Battle Clause: Forcing endless battles is banned
|rule|HP Percentage Mod: HP is shown in percentages
|clearpoke
|poke|p1|Quagsire, M|item
|poke|p1|Charizard, M|item
|poke|p1|Lickilicky, F|item
|poke|p1|Pelipper, M|item
|poke|p1|Regirock|item
|poke|p1|Roselia, F|item
|poke|p2|Hariyama, M, shiny|item
|poke|p2|Electivire, M, shiny|item
|poke|p2|Gastrodon, F, shiny|item
|poke|p2|Magmortar, F, shiny|item
|poke|p2|Vileplume, F, shiny|item
|poke|p2|Mismagius, F, shiny|item
|rule|Swagger Clause: Swagger is banned
|rule|Baton Pass Clause: Limit one Baton Passer, can't pass Spe and other stats simultaneously
|teampreview
|choice|team 5, team 2, team 3, team 4, team 1, team 6|team 2, team 1, team 3, team 4, team 5, team 6
|
|start
|switch|p1a: Regirock|Regirock|364\/364
|switch|p2a: SheniquasSon|Electivire, M, shiny|291\/291
|turn|1
|choice|move stealthrock|switch 2
|
|switch|p2a: iDubbzsHand|Hariyama, M, shiny|492\/492
|move|p1a: Regirock|Stealth Rock|p2a: iDubbzsHand
|-sidestart|p2: KrayZPoke|move: Stealth Rock
|
|upkeep
|turn|2
|choice|switch 4|move closecombat
|
|switch|p1a: Pelipper|Pelipper, M|324\/324
|move|p2a: iDubbzsHand|Close Combat|p1a: Pelipper
|-resisted|p1a: Pelipper
|-damage|p1a: Pelipper|237\/324
|-unboost|p2a: iDubbzsHand|def|1
|-unboost|p2a: iDubbzsHand|spd|1
|
|-heal|p1a: Pelipper|257\/324|[from] item: Leftovers
|upkeep
|turn|3
|choice|move toxic|move stoneedge
|
|move|p1a: Pelipper|Toxic|p2a: iDubbzsHand
|-status|p2a: iDubbzsHand|tox
|move|p2a: iDubbzsHand|Stone Edge|p1a: Pelipper
|-supereffective|p1a: Pelipper
|-damage|p1a: Pelipper|65\/324
|
|-heal|p1a: Pelipper|85\/324|[from] item: Leftovers
|-damage|p2a: iDubbzsHand|462\/492 tox|[from] psn
|upkeep
|turn|4
|choice|switch 3|move stoneedge
|
|switch|p1a: Lickilicky|Lickilicky, F|424\/424
|move|p2a: iDubbzsHand|Stone Edge|p1a: Lickilicky
|-damage|p1a: Lickilicky|291\/424
|
|-heal|p1a: Lickilicky|317\/424|[from] item: Leftovers
|-damage|p2a: iDubbzsHand|402\/492 tox|[from] psn
|upkeep
|turn|5
|choice|move protect|move closecombat
|
|move|p1a: Lickilicky|Protect|p1a: Lickilicky
|-singleturn|p1a: Lickilicky|Protect
|move|p2a: iDubbzsHand|Close Combat|p1a: Lickilicky
|-activate|p1a: Lickilicky|move: Protect
|
|-heal|p1a: Lickilicky|343\/424|[from] item: Leftovers
|-damage|p2a: iDubbzsHand|312\/492 tox|[from] psn
|upkeep
|turn|6
|choice|move wish|move closecombat
|
|move|p2a: iDubbzsHand|Close Combat|p1a: Lickilicky
|-supereffective|p1a: Lickilicky
|-crit|p1a: Lickilicky
|-damage|p1a: Lickilicky|0 fnt
|-unboost|p2a: iDubbzsHand|def|1
|-unboost|p2a: iDubbzsHand|spd|1
|faint|p1a: Lickilicky
|
|-damage|p2a: iDubbzsHand|192\/492 tox|[from] psn
|upkeep
|choice|switch 3|
|
|switch|p1a: Pelipper|Pelipper, M|85\/324
|turn|7
|choice|move roost|move stoneedge
|
|move|p1a: Pelipper|Roost|p1a: Pelipper
|-heal|p1a: Pelipper|247\/324
|move|p2a: iDubbzsHand|Stone Edge|p1a: Pelipper
|-damage|p1a: Pelipper|152\/324
|
|-heal|p1a: Pelipper|172\/324|[from] item: Leftovers
|-damage|p2a: iDubbzsHand|42\/492 tox|[from] psn
|upkeep
|turn|8
|choice|move roost|move stoneedge
|
|move|p1a: Pelipper|Roost|p1a: Pelipper
|-heal|p1a: Pelipper|324\/324
|move|p2a: iDubbzsHand|Stone Edge|p1a: Pelipper
|-damage|p1a: Pelipper|238\/324
|
|-heal|p1a: Pelipper|258\/324|[from] item: Leftovers
|-damage|p2a: iDubbzsHand|0 fnt|[from] psn
|upkeep
|faint|p2a: iDubbzsHand
|choice||switch 5
|
|switch|p2a: DonaldButNotDonald|Vileplume, F, shiny|291\/291
|-damage|p2a: DonaldButNotDonald|255\/291|[from] Stealth Rock
|turn|9
|c|☆Amizade|wtf i'm doing?
|choice|switch 2|move gigadrain
|
|switch|p1a: Charizard|Charizard, M|360\/360
|move|p2a: DonaldButNotDonald|Giga Drain|p1a: Charizard
|-resisted|p1a: Charizard
|-damage|p1a: Charizard|320\/360
|-heal|p2a: DonaldButNotDonald|275\/291|[from] drain|[of] p1a: Charizard
|
|-heal|p1a: Charizard|342\/360|[from] item: Leftovers
|-heal|p2a: DonaldButNotDonald|291\/291|[from] item: Black Sludge
|upkeep
|turn|10
|choice|move firepledge|switch 3
|
|switch|p2a: Sheniqua|Gastrodon, F, shiny|426\/426
|-damage|p2a: Sheniqua|400\/426|[from] Stealth Rock
|move|p1a: Charizard|Fire Pledge|p2a: Sheniqua
|-resisted|p2a: Sheniqua
|-damage|p2a: Sheniqua|320\/426
|
|-heal|p1a: Charizard|360\/360|[from] item: Leftovers
|-heal|p2a: Sheniqua|346\/426|[from] item: Leftovers
|upkeep
|turn|11
|choice|switch 6|move scald
|
|switch|p1a: Roselia|Roselia, F|304\/304
|move|p2a: Sheniqua|Scald|p1a: Roselia
|-resisted|p1a: Roselia
|-damage|p1a: Roselia|281\/304
|
|-heal|p2a: Sheniqua|372\/426|[from] item: Leftovers
|upkeep
|turn|12
|choice|move spikes|switch 4
|
|switch|p2a: Papa Cannon|Magmortar, F, shiny|291\/291
|-damage|p2a: Papa Cannon|219\/291|[from] Stealth Rock
|move|p1a: Roselia|Spikes|p2a: Papa Cannon
|-sidestart|p2: KrayZPoke|Spikes
|
|upkeep
|turn|13
|choice|switch 6|move fireblast
|
|switch|p1a: Charizard|Charizard, M|360\/360
|move|p2a: Papa Cannon|Fire Blast|p1a: Charizard
|-resisted|p1a: Charizard
|-damage|p1a: Charizard|251\/360
|
|-heal|p1a: Charizard|273\/360|[from] item: Leftovers
|upkeep
|turn|14
|choice|move roost|move thunderbolt
|
|move|p2a: Papa Cannon|Thunderbolt|p1a: Charizard
|-supereffective|p1a: Charizard
|-damage|p1a: Charizard|47\/360
|move|p1a: Charizard|Roost|p1a: Charizard
|-heal|p1a: Charizard|227\/360
|
|-heal|p1a: Charizard|249\/360|[from] item: Leftovers
|upkeep
|turn|15
|choice|switch 4|move thunderbolt
|
|switch|p1a: Regirock|Regirock|364\/364
|move|p2a: Papa Cannon|Thunderbolt|p1a: Regirock
|-damage|p1a: Regirock|274\/364
|
|-heal|p1a: Regirock|296\/364|[from] item: Leftovers
|upkeep
|turn|16
|choice|move thunderwave|move focusblast
|
|move|p2a: Papa Cannon|Focus Blast|p1a: Regirock
|-supereffective|p1a: Regirock
|-damage|p1a: Regirock|76\/364
|move|p1a: Regirock|Thunder Wave|p2a: Papa Cannon
|-status|p2a: Papa Cannon|par
|
|-heal|p1a: Regirock|98\/364|[from] item: Leftovers
|upkeep
|turn|17
|choice|move earthquake|move focusblast
|
|move|p1a: Regirock|Earthquake|p2a: Papa Cannon
|-supereffective|p2a: Papa Cannon
|-damage|p2a: Papa Cannon|0 fnt
|faint|p2a: Papa Cannon
|
|-heal|p1a: Regirock|120\/364|[from] item: Leftovers
|upkeep
|choice||switch 3
|
|switch|p2a: DonaldButNotDonald|Vileplume, F, shiny|291\/291
|-damage|p2a: DonaldButNotDonald|255\/291|[from] Spikes
|-damage|p2a: DonaldButNotDonald|219\/291|[from] Stealth Rock
|turn|18
|choice|switch 6|move gigadrain
|
|switch|p1a: Roselia|Roselia, F|281\/304
|move|p2a: DonaldButNotDonald|Giga Drain|p1a: Roselia
|-resisted|p1a: Roselia
|-damage|p1a: Roselia|263\/304
|-heal|p2a: DonaldButNotDonald|228\/291|[from] drain|[of] p1a: Roselia
|
|-heal|p2a: DonaldButNotDonald|246\/291|[from] item: Black Sludge
|upkeep
|turn|19
|choice|move spikes|move sludgebomb
|
|move|p2a: DonaldButNotDonald|Sludge Bomb|p1a: Roselia
|-damage|p1a: Roselia|179\/304
|move|p1a: Roselia|Spikes|p2a: DonaldButNotDonald
|-sidestart|p2: KrayZPoke|Spikes
|
|-heal|p2a: DonaldButNotDonald|264\/291|[from] item: Black Sludge
|upkeep
|turn|20
|choice|move spikes|move sleeppowder
|
|move|p2a: DonaldButNotDonald|Sleep Powder|p1a: Roselia
|-immune|p1a: Roselia|[msg]
|move|p1a: Roselia|Spikes|p2a: DonaldButNotDonald
|-sidestart|p2: KrayZPoke|Spikes
|
|-heal|p2a: DonaldButNotDonald|282\/291|[from] item: Black Sludge
|upkeep
|turn|21
|choice|move synthesis|move sludgebomb
|
|move|p2a: DonaldButNotDonald|Sludge Bomb|p1a: Roselia
|-damage|p1a: Roselia|97\/304
|move|p1a: Roselia|Synthesis|p1a: Roselia
|-heal|p1a: Roselia|249\/304
|
|-heal|p2a: DonaldButNotDonald|291\/291|[from] item: Black Sludge
|upkeep
|turn|22
|choice|switch 4|switch 4
|
|switch|p2a: Sheniqua|Gastrodon, F, shiny|372\/426
|-damage|p2a: Sheniqua|266\/426|[from] Spikes
|-damage|p2a: Sheniqua|240\/426|[from] Stealth Rock
|switch|p1a: Charizard|Charizard, M|249\/360
|
|-heal|p1a: Charizard|271\/360|[from] item: Leftovers
|-heal|p2a: Sheniqua|266\/426|[from] item: Leftovers
|upkeep
|turn|23
|c|☆Amizade|OOOH PREDICT
|choice|switch 4|move scald
|
|switch|p1a: Roselia|Roselia, F|249\/304
|move|p2a: Sheniqua|Scald|p1a: Roselia
|-resisted|p1a: Roselia
|-damage|p1a: Roselia|228\/304
|
|-heal|p2a: Sheniqua|292\/426|[from] item: Leftovers
|upkeep
|turn|24
|choice|move gigadrain|move earthquake
|
|move|p1a: Roselia|Giga Drain|p2a: Sheniqua
|-supereffective|p2a: Sheniqua
|-damage|p2a: Sheniqua|0 fnt
|-heal|p1a: Roselia|304\/304|[from] drain|[of] p2a: Sheniqua
|faint|p2a: Sheniqua
|
|upkeep
|choice||switch 2
|
|switch|p2a: SheniquasSon|Electivire, M, shiny|291\/291
|-damage|p2a: SheniquasSon|255\/291|[from] Stealth Rock
|-damage|p2a: SheniquasSon|183\/291|[from] Spikes
|turn|25
|choice|move gigadrain|move flamethrower
|
|move|p2a: SheniquasSon|Flamethrower|p1a: Roselia
|-supereffective|p1a: Roselia
|-damage|p1a: Roselia|197\/304
|-damage|p2a: SheniquasSon|154\/291|[from] item: Life Orb
|move|p1a: Roselia|Giga Drain|p2a: SheniquasSon
|-damage|p2a: SheniquasSon|61\/291
|-heal|p1a: Roselia|244\/304|[from] drain|[of] p2a: SheniquasSon
|
|upkeep
|turn|26
|choice|move gigadrain|move flamethrower
|
|move|p2a: SheniquasSon|Flamethrower|p1a: Roselia
|-supereffective|p1a: Roselia
|-damage|p1a: Roselia|137\/304
|-damage|p2a: SheniquasSon|32\/291|[from] item: Life Orb
|move|p1a: Roselia|Giga Drain|p2a: SheniquasSon
|-damage|p2a: SheniquasSon|0 fnt
|-heal|p1a: Roselia|153\/304|[from] drain|[of] p2a: SheniquasSon
|faint|p2a: SheniquasSon
|
|upkeep
|choice||switch 6
|
|switch|p2a: KeemstarsFinalForm|Mismagius, F, shiny|324\/324
|-damage|p2a: KeemstarsFinalForm|284\/324|[from] Stealth Rock
|turn|27
|choice|move gigadrain|move willowisp
|
|move|p2a: KeemstarsFinalForm|Will-O-Wisp|p1a: Roselia
|-status|p1a: Roselia|brn
|move|p1a: Roselia|Giga Drain|p2a: KeemstarsFinalForm
|-damage|p2a: KeemstarsFinalForm|196\/324
|-heal|p1a: Roselia|197\/304 brn|[from] drain|[of] p2a: KeemstarsFinalForm
|
|-heal|p2a: KeemstarsFinalForm|216\/324|[from] item: Leftovers
|-damage|p1a: Roselia|159\/304 brn|[from] brn
|upkeep
|turn|28
|choice|move gigadrain|move hex
|
|move|p2a: KeemstarsFinalForm|Hex|p1a: Roselia
|-damage|p1a: Roselia|71\/304 brn
|move|p1a: Roselia|Giga Drain|p2a: KeemstarsFinalForm
|-damage|p2a: KeemstarsFinalForm|125\/324
|-heal|p1a: Roselia|117\/304 brn|[from] drain|[of] p2a: KeemstarsFinalForm
|
|-heal|p2a: KeemstarsFinalForm|145\/324|[from] item: Leftovers
|-damage|p1a: Roselia|79\/304 brn|[from] brn
|upkeep
|turn|29
|choice|move gigadrain|move hex
|
|move|p2a: KeemstarsFinalForm|Hex|p1a: Roselia
|-damage|p1a: Roselia|0 fnt
|faint|p1a: Roselia
|
|-heal|p2a: KeemstarsFinalForm|165\/324|[from] item: Leftovers
|upkeep
|choice|switch 4|
|
|switch|p1a: Charizard|Charizard, M|271\/360
|turn|30
|choice|move dragonpulse|move willowisp
|
|move|p2a: KeemstarsFinalForm|Will-O-Wisp|p1a: Charizard
|-immune|p1a: Charizard|[msg]
|move|p1a: Charizard|Dragon Pulse|p2a: KeemstarsFinalForm
|-damage|p2a: KeemstarsFinalForm|73\/324
|
|-heal|p2a: KeemstarsFinalForm|93\/324|[from] item: Leftovers
|-heal|p1a: Charizard|293\/360|[from] item: Leftovers
|upkeep
|turn|31
|c|☆Amizade|usless Charizard
|choice|move dragonpulse|move painsplit
|
|move|p2a: KeemstarsFinalForm|Pain Split|p1a: Charizard
|-sethp|p1a: Charizard|193\/360|p2a: KeemstarsFinalForm|193\/324|[from] move: Pain Split
|move|p1a: Charizard|Dragon Pulse|p2a: KeemstarsFinalForm
|-damage|p2a: KeemstarsFinalForm|96\/324
|
|-heal|p2a: KeemstarsFinalForm|116\/324|[from] item: Leftovers
|-heal|p1a: Charizard|215\/360|[from] item: Leftovers
|upkeep
|turn|32
|choice|move swordsdance|move willowisp
|
|move|p2a: KeemstarsFinalForm|Will-O-Wisp|p1a: Charizard
|-immune|p1a: Charizard|[msg]
|move|p1a: Charizard|Swords Dance|p1a: Charizard
|-boost|p1a: Charizard|atk|2
|
|-heal|p2a: KeemstarsFinalForm|136\/324|[from] item: Leftovers
|-heal|p1a: Charizard|237\/360|[from] item: Leftovers
|upkeep
|turn|33
|c|☆Amizade|fuck
|choice|move firepledge|move hex
|
|move|p2a: KeemstarsFinalForm|Hex|p1a: Charizard
|-damage|p1a: Charizard|147\/360
|move|p1a: Charizard|Fire Pledge|p2a: KeemstarsFinalForm
|-damage|p2a: KeemstarsFinalForm|4\/324
|
|-heal|p2a: KeemstarsFinalForm|24\/324|[from] item: Leftovers
|-heal|p1a: Charizard|169\/360|[from] item: Leftovers
|upkeep
|turn|34
|choice|move firepledge|move hex
|
|move|p2a: KeemstarsFinalForm|Hex|p1a: Charizard
|-damage|p1a: Charizard|79\/360
|move|p1a: Charizard|Fire Pledge|p2a: KeemstarsFinalForm
|-damage|p2a: KeemstarsFinalForm|0 fnt
|faint|p2a: KeemstarsFinalForm
|
|-heal|p1a: Charizard|101\/360|[from] item: Leftovers
|upkeep
|choice||switch 4
|
|switch|p2a: DonaldButNotDonald|Vileplume, F, shiny|291\/291
|-damage|p2a: DonaldButNotDonald|219\/291|[from] Spikes
|-damage|p2a: DonaldButNotDonald|183\/291|[from] Stealth Rock
|turn|35
|choice|move firepledge|move gigadrain
|
|move|p1a: Charizard|Fire Pledge|p2a: DonaldButNotDonald
|-supereffective|p2a: DonaldButNotDonald
|-damage|p2a: DonaldButNotDonald|0 fnt
|faint|p2a: DonaldButNotDonald
|
|win|Amizade
|raw|Amizade's rating: 1000 &rarr; <strong>1040<\/strong><br \/>(+40 for winning)
|raw|KrayZPoke's rating: 1000 &rarr; <strong>1000<\/strong><br \/>(+0 for losing)
|c|☆Amizade|fuck
|l|KrayZPoke</script>
</div>
<div class="battle-log battle-log-inline"><div class="inner"><div class="battle-options"></div><div class="inner"><div class="chat"><small>Amizade joined.</small></div><div class="chat"><small>KrayZPoke joined.</small></div><div class=""><small>Format:</small> <br><strong>NU</strong></div><div class="rated"><strong>Rated battle</strong></div><div class=""><small><em>Sleep Clause Mod:</em> Limit one foe put to sleep</small></div><div class=""><small><em>Species Clause:</em> Limit one of each Pokémon</small></div><div class=""><small><em>OHKO Clause:</em> OHKO moves are banned</small></div><div class=""><small><em>Moody Clause:</em> Moody is banned</small></div><div class=""><small><em>Evasion Moves Clause:</em> Evasion moves are banned</small></div><div class=""><small><em>Endless Battle Clause:</em> Forcing endless battles is banned</small></div><div class=""><small><em>HP Percentage Mod:</em> HP is shown in percentages</small></div><div class=""><small><em>Swagger Clause:</em> Swagger is banned</small></div><div class=""><small><em>Baton Pass Clause:</em> Limit one Baton Passer, can't pass Spe and other stats simultaneously</small></div><div class="chat battle-history"><strong>Amizade's team:</strong> <em style="color:#445566;display:block;">Quagsire / Charizard / Lickilicky / Pelipper / Regirock / Roselia</em></div><div class="chat battle-history"><strong>KrayZPoke's team:</strong> <em style="color:#445566;display:block;">Hariyama / Electivire / Gastrodon / Magmortar / Vileplume / Mismagius</em></div><div class="spacer battle-history"><br></div><div class="battle-history">Battle started between Amizade and KrayZPoke!<br></div><div class="spacer battle-history"><br></div><div class="battle-history">Go! <strong>Regirock</strong>!<br></div><div class="spacer battle-history"><br></div><div class="battle-history">KrayZPoke sent out SheniquasSon (<strong>Electivire</strong>)!<br></div><div class="spacer battle-history"><br></div><h2 class="battle-history">Turn 1</h2><div class="spacer battle-history"><br></div><div class="battle-history">KrayZPoke withdrew SheniquasSon!<br></div><div class="battle-history">KrayZPoke sent out iDubbzsHand (<strong>Hariyama</strong>)!<br></div><div class="spacer battle-history"><br></div><div class="battle-history">Regirock used <strong>Stealth Rock</strong>!<br></div><div class="battle-history"><small>Pointed stones float in the air around the opposing team!</small><br></div><div class="spacer battle-history"><br></div><h2 class="battle-history">Turn 2</h2><div class="spacer battle-history"><br></div><div class="battle-history">Regirock, come back!<br></div><div class="battle-history">Go! <strong>Pelipper</strong>!<br></div><div class="spacer battle-history"><br></div><div class="battle-history">The opposing iDubbzsHand used <strong>Close Combat</strong>!<br></div><div class="battle-history"><small>It's not very effective...</small><br></div><div class="battle-history"><small>(Pelipper lost <abbr title="−87/324">26.9%</abbr> of its health!)</small><br></div><div class="battle-history"><small>The opposing iDubbzsHand's Defense fell!</small><br></div><div class="battle-history"><small>The opposing iDubbzsHand's Special Defense fell!</small><br></div><div class="spacer battle-history"><br></div><div class="battle-history"><small>Pelipper restored a little HP using its Leftovers!</small><br></div><div class="spacer battle-history"><br></div><h2 class="battle-history">Turn 3</h2><div class="spacer battle-history"><br></div><div class="battle-history">Pelipper used <strong>Toxic</strong>!<br></div><div class="battle-history"><small>The opposing iDubbzsHand was badly poisoned!</small><br></div><div class="spacer battle-history"><br></div><div class="battle-history">The opposing iDubbzsHand used <strong>Stone Edge</strong>!<br></div><div class="battle-history"><small>It's super effective!</small><br></div><div class="battle-history"><small>(Pelipper lost <abbr title="−192/324">59.3%</abbr> of its health!)</small><br></div><div class="spacer battle-history"><br></div><div class="battle-history"><small>Pelipper restored a little HP using its Leftovers!</small><br></div><div class="battle-history"><small>The opposing iDubbzsHand was hurt by poison!</small><br></div><div class="spacer battle-history"><br></div><h2 class="battle-history">Turn 4</h2><div class="spacer battle-history"><br></div><div class="battle-history">Pelipper, come back!<br></div><div class="battle-history">Go! <strong>Lickilicky</strong>!<br></div><div class="spacer battle-history"><br></div><div class="battle-history">The opposing iDubbzsHand used <strong>Stone Edge</strong>!<br></div><div class="battle-history"><small>(Lickilicky lost <abbr title="−133/424">31.4%</abbr> of its health!)</small><br></div><div class="spacer battle-history"><br></div><div class="battle-history"><small>Lickilicky restored a little HP using its Leftovers!</small><br></div><div class="battle-history"><small>The opposing iDubbzsHand was hurt by poison!</small><br></div><div class="spacer battle-history"><br></div><h2 class="battle-history">Turn 5</h2><div class="spacer battle-history"><br></div><div class="battle-history">Lickilicky used <strong>Protect</strong>!<br></div><div class="battle-history"><small>Lickilicky protected itself!</small><br></div><div class="spacer battle-history"><br></div><div class="battle-history">The opposing iDubbzsHand used <strong>Close Combat</strong>!<br></div><div class="battle-history"><small>Lickilicky protected itself!</small><br></div><div class="spacer battle-history"><br></div><div class="battle-history"><small>Lickilicky restored a little HP using its Leftovers!</small><br></div><div class="battle-history"><small>The opposing iDubbzsHand was hurt by poison!</small><br></div><div class="spacer battle-history"><br></div><h2 class="battle-history">Turn 6</h2><div class="spacer battle-history"><br></div><div class="battle-history">The opposing iDubbzsHand used <strong>Close Combat</strong>!<br></div><div class="battle-history"><small>It's super effective!</small><br></div><div class="battle-history"><small>A critical hit!</small><br></div><div class="battle-history"><small>(Lickilicky lost <abbr title="−343/424">80.9%</abbr> of its health!)</small><br></div><div class="battle-history"><small>The opposing iDubbzsHand's Defense fell!</small><br></div><div class="battle-history"><small>The opposing iDubbzsHand's Special Defense fell!</small><br></div><div class="spacer battle-history"><br></div><div class="battle-history">Lickilicky fainted!<br></div><div class="spacer battle-history"><br></div><div class="battle-history"><small>The opposing iDubbzsHand was hurt by poison!</small><br></div><div class="spacer battle-history"><br></div><div class="battle-history">Go! <strong>Pelipper</strong>!<br></div><div class="spacer battle-history"><br></div><h2 class="battle-history">Turn 7</h2><div class="spacer battle-history"><br></div><div class="battle-history">Pelipper used <strong>Roost</strong>!<br></div><div class="battle-history"><small>Pelipper restored its HP.</small><br></div><div class="spacer battle-history"><br></div><div class="battle-history">The opposing iDubbzsHand used <strong>Stone Edge</strong>!<br></div><div class="battle-history"><small>(Pelipper lost <abbr title="−95/324">29.3%</abbr> of its health!)</small><br></div><div class="spacer battle-history"><br></div><div class="battle-history"><small>Pelipper restored a little HP using its Leftovers!</small><br></div><div class="battle-history"><small>The opposing iDubbzsHand was hurt by poison!</small><br></div><div class="spacer battle-history"><br></div><h2 class="battle-history">Turn 8</h2><div class="spacer battle-history"><br></div><div class="battle-history">Pelipper used <strong>Roost</strong>!<br></div><div class="battle-history"><small>Pelipper restored its HP.</small><br></div><div class="spacer battle-history"><br></div><div class="battle-history">The opposing iDubbzsHand used <strong>Stone Edge</strong>!<br></div><div class="battle-history"><small>(Pelipper lost <abbr title="−86/324">26.5%</abbr> of its health!)</small><br></div><div class="spacer battle-history"><br></div><div class="battle-history"><small>Pelipper restored a little HP using its Leftovers!</small><br></div><div class="battle-history"><small>The opposing iDubbzsHand was hurt by poison!</small><br></div><div class="spacer battle-history"><br></div><div class="battle-history">The opposing iDubbzsHand fainted!<br></div><div class="spacer battle-history"><br></div><div class="battle-history">KrayZPoke sent out DonaldButNotDonald (<strong>Vileplume</strong>)!<br></div><div class="battle-history"><small>Pointed stones dug into the opposing DonaldButNotDonald!</small><br></div><div class="spacer battle-history"><br></div><h2 class="battle-history">Turn 9</h2><div class="chat chatmessage-amizade"><strong style="color:hsl(336,71%,48.41972844395086%)"><small>☆</small><span class="username" data-name="Amizade">Amizade</span>:</strong> <em>wtf i'm doing?</em></div><div class="spacer battle-history"><br></div><div class="battle-history">Pelipper, come back!<br></div><div class="battle-history">Go! <strong>Charizard</strong>!<br></div><div class="spacer battle-history"><br></div><div class="battle-history">The opposing DonaldButNotDonald used <strong>Giga Drain</strong>!<br></div><div class="battle-history"><small>It's not very effective...</small><br></div><div class="battle-history"><small>(Charizard lost <abbr title="−40/360">11.1%</abbr> of its health!)</small><br></div><div class="battle-history"><small>Charizard had its energy drained!</small><br></div><div class="spacer battle-history"><br></div><div class="battle-history"><small>Charizard restored a little HP using its Leftovers!</small><br></div><div class="battle-history"><small>The opposing DonaldButNotDonald restored a little HP using its Black Sludge!</small><br></div><div class="spacer battle-history"><br></div><h2 class="battle-history">Turn 10</h2><div class="spacer battle-history"><br></div><div class="battle-history">KrayZPoke withdrew DonaldButNotDonald!<br></div><div class="battle-history">KrayZPoke sent out Sheniqua (<strong>Gastrodon</strong>)!<br></div><div class="battle-history"><small>Pointed stones dug into the opposing Sheniqua!</small><br></div><div class="spacer battle-history"><br></div><div class="battle-history">Charizard used <strong>Fire Pledge</strong>!<br></div><div class="battle-history"><small>It's not very effective...</small><br></div><div class="battle-history"><small>(The opposing Sheniqua lost <abbr title="−80/426">18.8%</abbr> of its health!)</small><br></div><div class="spacer battle-history"><br></div><div class="battle-history"><small>Charizard restored a little HP using its Leftovers!</small><br></div><div class="battle-history"><small>The opposing Sheniqua restored a little HP using its Leftovers!</small><br></div><div class="spacer battle-history"><br></div><h2 class="battle-history">Turn 11</h2><div class="spacer battle-history"><br></div><div class="battle-history">Charizard, come back!<br></div><div class="battle-history">Go! <strong>Roselia</strong>!<br></div><div class="spacer battle-history"><br></div><div class="battle-history">The opposing Sheniqua used <strong>Scald</strong>!<br></div><div class="battle-history"><small>It's not very effective...</small><br></div><div class="battle-history"><small>(Roselia lost <abbr title="−23/304">7.6%</abbr> of its health!)</small><br></div><div class="spacer battle-history"><br></div><div class="battle-history"><small>The opposing Sheniqua restored a little HP using its Leftovers!</small><br></div><div class="spacer battle-history"><br></div><h2 class="battle-history">Turn 12</h2><div class="spacer battle-history"><br></div><div class="battle-history">KrayZPoke withdrew Sheniqua!<br></div><div class="battle-history">KrayZPoke sent out Papa Cannon (<strong>Magmortar</strong>)!<br></div><div class="battle-history"><small>Pointed stones dug into the opposing Papa Cannon!</small><br></div><div class="spacer battle-history"><br></div><div class="battle-history">Roselia used <strong>Spikes</strong>!<br></div><div class="battle-history"><small>Spikes were scattered on the ground all around the opposing team!</small><br></div><div class="spacer battle-history"><br></div><h2 class="battle-history">Turn 13</h2><div class="spacer battle-history"><br></div><div class="battle-history">Roselia, come back!<br></div><div class="battle-history">Go! <strong>Charizard</strong>!<br></div><div class="spacer battle-history"><br></div><div class="battle-history">The opposing Papa Cannon used <strong>Fire Blast</strong>!<br></div><div class="battle-history"><small>It's not very effective...</small><br></div><div class="battle-history"><small>(Charizard lost <abbr title="−109/360">30.3%</abbr> of its health!)</small><br></div><div class="spacer battle-history"><br></div><div class="battle-history"><small>Charizard restored a little HP using its Leftovers!</small><br></div><div class="spacer battle-history"><br></div><h2 class="battle-history">Turn 14</h2><div class="spacer battle-history"><br></div><div class="battle-history">The opposing Papa Cannon used <strong>Thunderbolt</strong>!<br></div><div class="battle-history"><small>It's super effective!</small><br></div><div class="battle-history"><small>(Charizard lost <abbr title="−226/360">62.8%</abbr> of its health!)</small><br></div><div class="spacer battle-history"><br></div><div class="battle-history">Charizard used <strong>Roost</strong>!<br></div><div class="battle-history"><small>Charizard restored its HP.</small><br></div><div class="spacer battle-history"><br></div><div class="battle-history"><small>Charizard restored a little HP using its Leftovers!</small><br></div><div class="spacer battle-history"><br></div><h2 class="battle-history">Turn 15</h2><div class="spacer battle-history"><br></div><div class="battle-history">Charizard, come back!<br></div><div class="battle-history">Go! <strong>Regirock</strong>!<br></div><div class="spacer battle-history"><br></div><div class="battle-history">The opposing Papa Cannon used <strong>Thunderbolt</strong>!<br></div><div class="battle-history"><small>(Regirock lost <abbr title="−90/364">24.7%</abbr> of its health!)</small><br></div><div class="spacer battle-history"><br></div><div class="battle-history"><small>Regirock restored a little HP using its Leftovers!</small><br></div><div class="spacer battle-history"><br></div><h2 class="battle-history">Turn 16</h2><div class="spacer battle-history"><br></div><div class="battle-history">The opposing Papa Cannon used <strong>Focus Blast</strong>!<br></div><div class="battle-history"><small>It's super effective!</small><br></div><div class="battle-history"><small>(Regirock lost <abbr title="−220/364">60.4%</abbr> of its health!)</small><br></div><div class="spacer battle-history"><br></div><div class="battle-history">Regirock used <strong>Thunder Wave</strong>!<br></div><div class="battle-history"><small>The opposing Papa Cannon is paralyzed! It may be unable to move!</small><br></div><div class="spacer battle-history"><br></div><div class="battle-history"><small>Regirock restored a little HP using its Leftovers!</small><br></div><div class="spacer battle-history"><br></div><h2 class="battle-history">Turn 17</h2><div class="spacer battle-history"><br></div><div class="battle-history">Regirock used <strong>Earthquake</strong>!<br></div><div class="battle-history"><small>It's super effective!</small><br></div><div class="battle-history"><small>(The opposing Papa Cannon lost <abbr title="−219/291">75.3%</abbr> of its health!)</small><br></div><div class="spacer battle-history"><br></div><div class="battle-history">The opposing Papa Cannon fainted!<br></div><div class="spacer battle-history"><br></div><div class="battle-history"><small>Regirock restored a little HP using its Leftovers!</small><br></div><div class="spacer battle-history"><br></div><div class="battle-history">KrayZPoke sent out DonaldButNotDonald (<strong>Vileplume</strong>)!<br></div><div class="battle-history"><small>The opposing DonaldButNotDonald is hurt by the spikes!</small><br></div><div class="battle-history"><small>Pointed stones dug into the opposing DonaldButNotDonald!</small><br></div><div class="spacer battle-history"><br></div><h2 class="battle-history">Turn 18</h2><div class="spacer battle-history"><br></div><div class="battle-history">Regirock, come back!<br></div><div class="battle-history">Go! <strong>Roselia</strong>!<br></div><div class="spacer battle-history"><br></div><div class="battle-history">The opposing DonaldButNotDonald used <strong>Giga Drain</strong>!<br></div><div class="battle-history"><small>It's not very effective...</small><br></div><div class="battle-history"><small>(Roselia lost <abbr title="−18/304">5.9%</abbr> of its health!)</small><br></div><div class="battle-history"><small>Roselia had its energy drained!</small><br></div><div class="spacer battle-history"><br></div><div class="battle-history"><small>The opposing DonaldButNotDonald restored a little HP using its Black Sludge!</small><br></div><div class="spacer battle-history"><br></div><h2 class="battle-history">Turn 19</h2><div class="spacer battle-history"><br></div><div class="battle-history">The opposing DonaldButNotDonald used <strong>Sludge Bomb</strong>!<br></div><div class="battle-history"><small>(Roselia lost <abbr title="−84/304">27.6%</abbr> of its health!)</small><br></div><div class="spacer battle-history"><br></div><div class="battle-history">Roselia used <strong>Spikes</strong>!<br></div><div class="battle-history"><small>Spikes were scattered on the ground all around the opposing team!</small><br></div><div class="spacer battle-history"><br></div><div class="battle-history"><small>The opposing DonaldButNotDonald restored a little HP using its Black Sludge!</small><br></div><div class="spacer battle-history"><br></div><h2 class="battle-history">Turn 20</h2><div class="spacer battle-history"><br></div><div class="battle-history">The opposing DonaldButNotDonald used <strong>Sleep Powder</strong>!<br></div><div class="battle-history"><small>It doesn't affect Roselia...</small><br></div><div class="spacer battle-history"><br></div><div class="battle-history">Roselia used <strong>Spikes</strong>!<br></div><div class="battle-history"><small>Spikes were scattered on the ground all around the opposing team!</small><br></div><div class="spacer battle-history"><br></div><div class="battle-history"><small>The opposing DonaldButNotDonald restored a little HP using its Black Sludge!</small><br></div><div class="spacer battle-history"><br></div><h2 class="battle-history">Turn 21</h2><div class="spacer battle-history"><br></div><div class="battle-history">The opposing DonaldButNotDonald used <strong>Sludge Bomb</strong>!<br></div><div class="battle-history"><small>(Roselia lost <abbr title="−82/304">27.0%</abbr> of its health!)</small><br></div><div class="spacer battle-history"><br></div><div class="battle-history">Roselia used <strong>Synthesis</strong>!<br></div><div class="battle-history"><small>Roselia restored its HP.</small><br></div><div class="spacer battle-history"><br></div><div class="battle-history"><small>The opposing DonaldButNotDonald restored a little HP using its Black Sludge!</small><br></div><div class="spacer battle-history"><br></div><h2 class="battle-history">Turn 22</h2><div class="spacer battle-history"><br></div><div class="battle-history">KrayZPoke withdrew DonaldButNotDonald!<br></div><div class="battle-history">KrayZPoke sent out Sheniqua (<strong>Gastrodon</strong>)!<br></div><div class="battle-history"><small>The opposing Sheniqua is hurt by the spikes!</small><br></div><div class="battle-history"><small>Pointed stones dug into the opposing Sheniqua!</small><br></div><div class="spacer battle-history"><br></div><div class="battle-history">Roselia, come back!<br></div><div class="battle-history">Go! <strong>Charizard</strong>!<br></div><div class="spacer battle-history"><br></div><div class="battle-history"><small>Charizard restored a little HP using its Leftovers!</small><br></div><div class="battle-history"><small>The opposing Sheniqua restored a little HP using its Leftovers!</small><br></div><div class="spacer battle-history"><br></div><h2 class="battle-history">Turn 23</h2><div class="chat chatmessage-amizade"><strong style="color:hsl(336,71%,48.41972844395086%)"><small>☆</small><span class="username" data-name="Amizade">Amizade</span>:</strong> <em>OOOH PREDICT</em></div><div class="spacer battle-history"><br></div><div class="battle-history">Charizard, come back!<br></div><div class="battle-history">Go! <strong>Roselia</strong>!<br></div><div class="spacer battle-history"><br></div><div class="battle-history">The opposing Sheniqua used <strong>Scald</strong>!<br></div><div class="battle-history"><small>It's not very effective...</small><br></div><div class="battle-history"><small>(Roselia lost <abbr title="−21/304">6.9%</abbr> of its health!)</small><br></div><div class="spacer battle-history"><br></div><div class="battle-history"><small>The opposing Sheniqua restored a little HP using its Leftovers!</small><br></div><div class="spacer battle-history"><br></div><h2 class="battle-history">Turn 24</h2><div class="spacer battle-history"><br></div><div class="battle-history">Roselia used <strong>Giga Drain</strong>!<br></div><div class="battle-history"><small>It's super effective!</small><br></div><div class="battle-history"><small>(The opposing Sheniqua lost <abbr title="−292/426">68.5%</abbr> of its health!)</small><br></div><div class="battle-history"><small>The opposing Sheniqua had its energy drained!</small><br></div><div class="spacer battle-history"><br></div><div class="battle-history">The opposing Sheniqua fainted!<br></div><div class="spacer battle-history"><br></div><div class="battle-history">KrayZPoke sent out SheniquasSon (<strong>Electivire</strong>)!<br></div><div class="battle-history"><small>Pointed stones dug into the opposing SheniquasSon!</small><br></div><div class="battle-history"><small>The opposing SheniquasSon is hurt by the spikes!</small><br></div><div class="spacer battle-history"><br></div><h2 class="battle-history">Turn 25</h2><div class="spacer battle-history"><br></div><div class="battle-history">The opposing SheniquasSon used <strong>Flamethrower</strong>!<br></div><div class="battle-history"><small>It's super effective!</small><br></div><div class="battle-history"><small>(Roselia lost <abbr title="−107/304">35.2%</abbr> of its health!)</small><br></div><div class="battle-history"><small>The opposing SheniquasSon lost some of its HP!</small><br></div><div class="spacer battle-history"><br></div><div class="battle-history">Roselia used <strong>Giga Drain</strong>!<br></div><div class="battle-history"><small>(The opposing SheniquasSon lost <abbr title="−93/291">32.0%</abbr> of its health!)</small><br></div><div class="battle-history"><small>The opposing SheniquasSon had its energy drained!</small><br></div><div class="spacer battle-history"><br></div><h2 class="battle-history">Turn 26</h2><div class="spacer battle-history"><br></div><div class="battle-history">The opposing SheniquasSon used <strong>Flamethrower</strong>!<br></div><div class="battle-history"><small>It's super effective!</small><br></div><div class="battle-history"><small>(Roselia lost <abbr title="−107/304">35.2%</abbr> of its health!)</small><br></div><div class="battle-history"><small>The opposing SheniquasSon lost some of its HP!</small><br></div><div class="spacer battle-history"><br></div><div class="battle-history">Roselia used <strong>Giga Drain</strong>!<br></div><div class="battle-history"><small>(The opposing SheniquasSon lost <abbr title="−32/291">11.0%</abbr> of its health!)</small><br></div><div class="battle-history"><small>The opposing SheniquasSon had its energy drained!</small><br></div><div class="spacer battle-history"><br></div><div class="battle-history">The opposing SheniquasSon fainted!<br></div><div class="spacer battle-history"><br></div><div class="battle-history">KrayZPoke sent out KeemstarsFinalForm (<strong>Mismagius</strong>)!<br></div><div class="battle-history"><small>Pointed stones dug into the opposing KeemstarsFinalForm!</small><br></div><div class="spacer battle-history"><br></div><h2 class="battle-history">Turn 27</h2><div class="spacer battle-history"><br></div><div class="battle-history">The opposing KeemstarsFinalForm used <strong>Will-O-Wisp</strong>!<br></div><div class="battle-history"><small>Roselia was burned!</small><br></div><div class="spacer battle-history"><br></div><div class="battle-history">Roselia used <strong>Giga Drain</strong>!<br></div><div class="battle-history"><small>(The opposing KeemstarsFinalForm lost <abbr title="−88/324">27.2%</abbr> of its health!)</small><br></div><div class="battle-history"><small>The opposing KeemstarsFinalForm had its energy drained!</small><br></div><div class="spacer battle-history"><br></div><div class="battle-history"><small>The opposing KeemstarsFinalForm restored a little HP using its Leftovers!</small><br></div><div class="battle-history"><small>Roselia was hurt by its burn!</small><br></div><div class="spacer battle-history"><br></div><h2 class="battle-history">Turn 28</h2><div class="spacer battle-history"><br></div><div class="battle-history">The opposing KeemstarsFinalForm used <strong>Hex</strong>!<br></div><div class="battle-history"><small>(Roselia lost <abbr title="−88/304">28.9%</abbr> of its health!)</small><br></div><div class="spacer battle-history"><br></div><div class="battle-history">Roselia used <strong>Giga Drain</strong>!<br></div><div class="battle-history"><small>(The opposing KeemstarsFinalForm lost <abbr title="−91/324">28.1%</abbr> of its health!)</small><br></div><div class="battle-history"><small>The opposing KeemstarsFinalForm had its energy drained!</small><br></div><div class="spacer battle-history"><br></div><div class="battle-history"><small>The opposing KeemstarsFinalForm restored a little HP using its Leftovers!</small><br></div><div class="battle-history"><small>Roselia was hurt by its burn!</small><br></div><div class="spacer battle-history"><br></div><h2 class="battle-history">Turn 29</h2><div class="spacer battle-history"><br></div><div class="battle-history">The opposing KeemstarsFinalForm used <strong>Hex</strong>!<br></div><div class="battle-history"><small>(Roselia lost <abbr title="−79/304">26.0%</abbr> of its health!)</small><br></div><div class="spacer battle-history"><br></div><div class="battle-history">Roselia fainted!<br></div><div class="spacer battle-history"><br></div><div class="battle-history"><small>The opposing KeemstarsFinalForm restored a little HP using its Leftovers!</small><br></div><div class="spacer battle-history"><br></div><div class="battle-history">Go! <strong>Charizard</strong>!<br></div><div class="spacer battle-history"><br></div><h2 class="battle-history">Turn 30</h2><div class="spacer battle-history"><br></div><div class="battle-history">The opposing KeemstarsFinalForm used <strong>Will-O-Wisp</strong>!<br></div><div class="battle-history"><small>It doesn't affect Charizard...</small><br></div><div class="spacer battle-history"><br></div><div class="battle-history">Charizard used <strong>Dragon Pulse</strong>!<br></div><div class="battle-history"><small>(The opposing KeemstarsFinalForm lost <abbr title="−92/324">28.4%</abbr> of its health!)</small><br></div><div class="spacer battle-history"><br></div><div class="battle-history"><small>The opposing KeemstarsFinalForm restored a little HP using its Leftovers!</small><br></div><div class="battle-history"><small>Charizard restored a little HP using its Leftovers!</small><br></div><div class="spacer battle-history"><br></div><h2 class="battle-history">Turn 31</h2><div class="chat chatmessage-amizade"><strong style="color:hsl(336,71%,48.41972844395086%)"><small>☆</small><span class="username" data-name="Amizade">Amizade</span>:</strong> <em>usless Charizard</em></div><div class="spacer battle-history"><br></div><div class="battle-history">The opposing KeemstarsFinalForm used <strong>Pain Split</strong>!<br></div><div class="battle-history"><small>The battlers shared their pain!</small><br></div><div class="spacer battle-history"><br></div><div class="battle-history">Charizard used <strong>Dragon Pulse</strong>!<br></div><div class="battle-history"><small>(The opposing KeemstarsFinalForm lost <abbr title="−97/324">29.9%</abbr> of its health!)</small><br></div><div class="spacer battle-history"><br></div><div class="battle-history"><small>The opposing KeemstarsFinalForm restored a little HP using its Leftovers!</small><br></div><div class="battle-history"><small>Charizard restored a little HP using its Leftovers!</small><br></div><div class="spacer battle-history"><br></div><h2 class="battle-history">Turn 32</h2><div class="spacer battle-history"><br></div><div class="battle-history">The opposing KeemstarsFinalForm used <strong>Will-O-Wisp</strong>!<br></div><div class="battle-history"><small>It doesn't affect Charizard...</small><br></div><div class="spacer battle-history"><br></div><div class="battle-history">Charizard used <strong>Swords Dance</strong>!<br></div><div class="battle-history"><small>Charizard's Attack rose sharply!</small><br></div><div class="spacer battle-history"><br></div><div class="battle-history"><small>The opposing KeemstarsFinalForm restored a little HP using its Leftovers!</small><br></div><div class="battle-history"><small>Charizard restored a little HP using its Leftovers!</small><br></div><div class="spacer battle-history"><br></div><h2 class="battle-history">Turn 33</h2><div class="chat chatmessage-amizade"><strong style="color:hsl(336,71%,48.41972844395086%)"><small>☆</small><span class="username" data-name="Amizade">Amizade</span>:</strong> <em>fuck</em></div><div class="spacer battle-history"><br></div><div class="battle-history">The opposing KeemstarsFinalForm used <strong>Hex</strong>!<br></div><div class="battle-history"><small>(Charizard lost <abbr title="−90/360">25%</abbr> of its health!)</small><br></div><div class="spacer battle-history"><br></div><div class="battle-history">Charizard used <strong>Fire Pledge</strong>!<br></div><div class="battle-history"><small>(The opposing KeemstarsFinalForm lost <abbr title="−132/324">40.7%</abbr> of its health!)</small><br></div><div class="spacer battle-history"><br></div><div class="battle-history"><small>The opposing KeemstarsFinalForm restored a little HP using its Leftovers!</small><br></div><div class="battle-history"><small>Charizard restored a little HP using its Leftovers!</small><br></div><div class="spacer battle-history"><br></div><h2 class="battle-history">Turn 34</h2><div class="spacer battle-history"><br></div><div class="battle-history">The opposing KeemstarsFinalForm used <strong>Hex</strong>!<br></div><div class="battle-history"><small>(Charizard lost <abbr title="−90/360">25%</abbr> of its health!)</small><br></div><div class="spacer battle-history"><br></div><div class="battle-history">Charizard used <strong>Fire Pledge</strong>!<br></div><div class="battle-history"><small>(The opposing KeemstarsFinalForm lost <abbr title="−24/324">7.4%</abbr> of its health!)</small><br></div><div class="spacer battle-history"><br></div><div class="battle-history">The opposing KeemstarsFinalForm fainted!<br></div><div class="spacer battle-history"><br></div><div class="battle-history"><small>Charizard restored a little HP using its Leftovers!</small><br></div><div class="spacer battle-history"><br></div><div class="battle-history">KrayZPoke sent out DonaldButNotDonald (<strong>Vileplume</strong>)!<br></div><div class="battle-history"><small>The opposing DonaldButNotDonald is hurt by the spikes!</small><br></div><div class="battle-history"><small>Pointed stones dug into the opposing DonaldButNotDonald!</small><br></div><div class="spacer battle-history"><br></div><h2 class="battle-history">Turn 35</h2><div class="spacer battle-history"><br></div><div class="battle-history">Charizard used <strong>Fire Pledge</strong>!<br></div><div class="battle-history"><small>It's super effective!</small><br></div><div class="battle-history"><small>(The opposing DonaldButNotDonald lost <abbr title="−183/291">62.9%</abbr> of its health!)</small><br></div><div class="spacer battle-history"><br></div><div class="battle-history">The opposing DonaldButNotDonald fainted!<br></div><div class="spacer battle-history"><br></div><div class="battle-history"><strong>Amizade</strong> won the battle!<br></div><div class="chat">Amizade's rating: 1000 → <strong>1040</strong><br>(+40 for winning)</div><div class="chat">KrayZPoke's rating: 1000 → <strong>1000</strong><br>(+0 for losing)</div><div class="chat chatmessage-amizade"><strong style="color:hsl(336,71%,48.41972844395086%)"><small>☆</small><span class="username" data-name="Amizade">Amizade</span>:</strong> <em>fuck</em></div><div class="chat"><small>KrayZPoke left.</small></div></div><div class="inner-preempt"></div></div></div>
</div>
<script>
let daily = Math.floor(Date.now()/1000/60/60/24);document.write('<script src="https://play.pokemonshowdown.com/js/replay-embed.js?version'+daily+'"></'+'script>');
</script>
