<!DOCTYPE html>
<meta charset="utf-8" />
<!-- version 1 -->
<title>NU replay: Based Loser vs. marcop9923</title>
<style>
html,body {font-family:Verdana, sans-serif;font-size:10pt;margin:0;padding:0;}body{padding:12px 0;} .battle-log {font-family:Verdana, sans-serif;font-size:10pt;} .battle-log-inline {border:1px solid #AAAAAA;background:#EEF2F5;color:black;max-width:640px;margin:0 auto 80px;padding-bottom:5px;} .battle-log .inner {padding:4px 8px 0px 8px;} .battle-log .inner-preempt {padding:0 8px 4px 8px;} .battle-log .inner-after {margin-top:0.5em;} .battle-log h2 {margin:0.5em -8px;padding:4px 8px;border:1px solid #AAAAAA;background:#E0E7EA;border-left:0;border-right:0;font-family:Verdana, sans-serif;font-size:13pt;} .battle-log .chat {vertical-align:middle;padding:3px 0 3px 0;font-size:8pt;} .battle-log .chat strong {color:#40576A;} .battle-log .chat em {padding:1px 4px 1px 3px;color:#000000;font-style:normal;} .chat.mine {background:rgba(0,0,0,0.05);margin-left:-8px;margin-right:-8px;padding-left:8px;padding-right:8px;} .spoiler {color:#BBBBBB;background:#BBBBBB;padding:0px 3px;} .spoiler:hover, .spoiler:active, .spoiler-shown {color:#000000;background:#E2E2E2;padding:0px 3px;} .spoiler a {color:#BBBBBB;} .spoiler:hover a, .spoiler:active a, .spoiler-shown a {color:#2288CC;} .chat code, .chat .spoiler:hover code, .chat .spoiler:active code, .chat .spoiler-shown code {border:1px solid #C0C0C0;background:#EEEEEE;color:black;padding:0 2px;} .chat .spoiler code {border:1px solid #CCCCCC;background:#CCCCCC;color:#CCCCCC;} .battle-log .rated {padding:3px 4px;} .battle-log .rated strong {color:white;background:#89A;padding:1px 4px;border-radius:4px;} .spacer {margin-top:0.5em;} .message-announce {background:#6688AA;color:white;padding:1px 4px 2px;} .message-announce a, .broadcast-green a, .broadcast-blue a, .broadcast-red a {color:#DDEEFF;} .broadcast-green {background-color:#559955;color:white;padding:2px 4px;} .broadcast-blue {background-color:#6688AA;color:white;padding:2px 4px;} .infobox {border:1px solid #6688AA;padding:2px 4px;} .infobox-limited {max-height:200px;overflow:auto;overflow-x:hidden;} .broadcast-red {background-color:#AA5544;color:white;padding:2px 4px;} .message-learn-canlearn {font-weight:bold;color:#228822;text-decoration:underline;} .message-learn-cannotlearn {font-weight:bold;color:#CC2222;text-decoration:underline;} .message-effect-weak {font-weight:bold;color:#CC2222;} .message-effect-resist {font-weight:bold;color:#6688AA;} .message-effect-immune {font-weight:bold;color:#666666;} .message-learn-list {margin-top:0;margin-bottom:0;} .message-throttle-notice, .message-error {color:#992222;} .message-overflow, .chat small.message-overflow {font-size:0pt;} .message-overflow::before {font-size:9pt;content:'...';} .subtle {color:#3A4A66;}
</style>
<div class="wrapper replay-wrapper" style="max-width:1180px;margin:0 auto">
<input type="hidden" name="replayid" value="smogtours-nu-284688" />
<div class="battle"></div><div class="battle-log"></div><div class="replay-controls"></div><div class="replay-controls-2"></div>
<h1 style="font-weight:normal;text-align:center"><strong>NU</strong><br /><a href="http://pokemonshowdown.com/users/basedloser" class="subtle" target="_blank">Based Loser</a> vs. <a href="http://pokemonshowdown.com/users/marcop9923" class="subtle" target="_blank">marcop9923</a></h1>
<script type="text/plain" class="battle-log-data">|inactive|Battle timer is ON: inactive players will automatically lose when time's up.
|J|Based Loser
|J|marcop9923
|player|p1|Based Loser|168
|player|p2|marcop9923|241
|gametype|singles
|gen|6
|tier|NU
|seed|47577,59322,11231,15528
|rule|Sleep Clause Mod: Limit one foe put to sleep
|rule|Species Clause: Limit one of each Pokémon
|rule|OHKO Clause: OHKO moves are banned
|rule|Moody Clause: Moody is banned
|rule|Evasion Moves Clause: Evasion moves are banned
|rule|Endless Battle Clause: Forcing endless battles is banned
|rule|HP Percentage Mod: HP is shown in percentages
|clearpoke
|poke|p1|Archeops, F|item
|poke|p1|Hitmonchan, M|item
|poke|p1|Rotom|item
|poke|p1|Cacturne, M|item
|poke|p1|Piloswine, M|item
|poke|p1|Musharna, M|item
|poke|p2|Kecleon, M|item
|poke|p2|Audino, M|item
|poke|p2|Swellow, F|item
|poke|p2|Kangaskhan, F|item
|poke|p2|Zangoose, M|item
|poke|p2|Tauros, M|item
|rule|Swagger Clause: Swagger is banned
|rule|Baton Pass Clause: Limit one Baton Passer, can't pass Spe and other stats simultaneously
|teampreview
|c|☆marcop9923|hf
|J|LUCK>SKILL
|choice|team 5, team 2, team 3, team 4, team 1, team 6|team 1, team 2, team 3, team 4, team 5, team 6
|
|start
|switch|p1a: Piloswine|Piloswine, M|394\/394
|switch|p2a: Kecleon|Kecleon, M|301\/301
|turn|1
|choice|move stealthrock|move stealthrock
|
|move|p1a: Piloswine|Stealth Rock|p2a: Kecleon
|-sidestart|p2: marcop9923|move: Stealth Rock
|move|p2a: Kecleon|Stealth Rock|p1a: Piloswine
|-start|p2a: Kecleon|typechange|Rock|[from] Protean
|-sidestart|p1: Based Loser|move: Stealth Rock
|
|upkeep
|turn|2
|J|yogi✬bears
|J|Christo
|L|Christo
|J|rw ?
|choice|move earthquake|move knockoff
|
|move|p1a: Piloswine|Earthquake|p2a: Kecleon
|-supereffective|p2a: Kecleon
|-damage|p2a: Kecleon|0 fnt
|faint|p2a: Kecleon
|
|upkeep
|c|☆marcop9923|why
|c|☆marcop9923|is this faster
|c|☆marcop9923|;-;
|choice||switch 4
|
|switch|p2a: Kangaskhan|Kangaskhan, F|351\/351
|-damage|p2a: Kangaskhan|308\/351|[from] Stealth Rock
|turn|3
|L|LUCK>SKILL
|choice|move earthquake|move fakeout
|
|move|p2a: Kangaskhan|Fake Out|p1a: Piloswine
|-damage|p1a: Piloswine|328\/394
|cant|p1a: Piloswine|flinch
|
|upkeep
|turn|4
|choice|move earthquake|move doubleedge
|
|move|p2a: Kangaskhan|Double-Edge|p1a: Piloswine
|-damage|p1a: Piloswine|151\/394
|-damage|p2a: Kangaskhan|250\/351|[from] recoil|[of] p1a: Piloswine
|move|p1a: Piloswine|Earthquake|p2a: Kangaskhan
|-crit|p2a: Kangaskhan
|-damage|p2a: Kangaskhan|0 fnt
|faint|p2a: Kangaskhan
|
|upkeep
|c|☆marcop9923|;-;
|choice||switch 6
|
|switch|p2a: Tauros|Tauros, M|291\/291
|-damage|p2a: Tauros|255\/291|[from] Stealth Rock
|turn|5
|choice|move iceshard|move rockclimb
|
|move|p1a: Piloswine|Ice Shard|p2a: Tauros
|-damage|p2a: Tauros|180\/291
|move|p2a: Tauros|Rock Climb|p1a: Piloswine
|-damage|p1a: Piloswine|0 fnt
|faint|p1a: Piloswine
|
|upkeep
|J|PokemonMasterTJ
|L|PokemonMasterTJ
|choice|switch 2|
|
|switch|p1a: Hitmonchan|Hitmonchan, M|241\/241
|-damage|p1a: Hitmonchan|226\/241|[from] Stealth Rock
|turn|6
|choice|move machpunch|move rockclimb
|
|move|p1a: Hitmonchan|Mach Punch|p2a: Tauros
|-supereffective|p2a: Tauros
|-damage|p2a: Tauros|0 fnt
|faint|p2a: Tauros
|
|upkeep
|choice||switch 2
|
|switch|p2a: Audino|Audino, M|407\/407
|-damage|p2a: Audino|357\/407|[from] Stealth Rock
|turn|7
|choice|move rapidspin|move dazzlinggleam mega
|
|detailschange|p2a: Audino|Audino-Mega, M
|-mega|p2a: Audino|Audino|Audinite
|move|p1a: Hitmonchan|Rapid Spin|p2a: Audino
|-damage|p2a: Audino|338\/407
|-sideend|p1: Based Loser|Stealth Rock|[from] move: Rapid Spin|[of] p1a: Hitmonchan
|move|p2a: Audino|Dazzling Gleam|p1a: Hitmonchan
|-supereffective|p1a: Hitmonchan
|-damage|p1a: Hitmonchan|38\/241
|
|upkeep
|turn|8
|choice|move closecombat|move dazzlinggleam
|
|move|p1a: Hitmonchan|Close Combat|p2a: Audino
|-damage|p2a: Audino|166\/407
|-unboost|p1a: Hitmonchan|def|1
|-unboost|p1a: Hitmonchan|spd|1
|move|p2a: Audino|Dazzling Gleam|p1a: Hitmonchan
|-supereffective|p1a: Hitmonchan
|-damage|p1a: Hitmonchan|0 fnt
|faint|p1a: Hitmonchan
|
|upkeep
|choice|switch 5|
|
|switch|p1a: Archeops|Archeops, F|291\/291
|turn|9
|choice|move stoneedge|move dazzlinggleam
|
|move|p1a: Archeops|Stone Edge|p2a: Audino
|-damage|p2a: Audino|0 fnt
|faint|p2a: Audino
|
|upkeep
|choice||switch 5
|
|switch|p2a: Zangoose|Zangoose, M|287\/287
|-damage|p2a: Zangoose|252\/287|[from] Stealth Rock
|turn|10
|choice|move stoneedge|move closecombat
|
|move|p1a: Archeops|Stone Edge|p2a: Zangoose
|-crit|p2a: Zangoose
|-damage|p2a: Zangoose|0 fnt
|faint|p2a: Zangoose
|
|upkeep
|c|☆Based Loser|gg
|choice||switch 3
|
|switch|p2a: Swellow|Swellow, F|261\/261
|-damage|p2a: Swellow|196\/261|[from] Stealth Rock
|turn|11
|c|☆marcop9923|g-g
|choice|move stoneedge|move boomburst
|
|move|p2a: Swellow|Boomburst|p1a: Archeops
|-resisted|p1a: Archeops
|-damage|p1a: Archeops|146\/291
|move|p1a: Archeops|Stone Edge|p2a: Swellow
|-supereffective|p2a: Swellow
|-damage|p2a: Swellow|0 fnt
|faint|p2a: Swellow
|
|win|Based Loser</script>
</div>
<div class="battle-log battle-log-inline"><div class="inner"><div class="battle-options"></div><div class="inner"><div class="chat message-error">Battle timer is ON: inactive players will automatically lose when time's up.</div><div class=""><small>Format:</small> <br><strong>NU</strong></div><div class=""><small><em>Sleep Clause Mod:</em> Limit one foe put to sleep</small></div><div class=""><small><em>Species Clause:</em> Limit one of each Pokémon</small></div><div class=""><small><em>OHKO Clause:</em> OHKO moves are banned</small></div><div class=""><small><em>Moody Clause:</em> Moody is banned</small></div><div class=""><small><em>Evasion Moves Clause:</em> Evasion moves are banned</small></div><div class=""><small><em>Endless Battle Clause:</em> Forcing endless battles is banned</small></div><div class=""><small><em>HP Percentage Mod:</em> HP is shown in percentages</small></div><div class=""><small><em>Swagger Clause:</em> Swagger is banned</small></div><div class=""><small><em>Baton Pass Clause:</em> Limit one Baton Passer, can't pass Spe and other stats simultaneously</small></div><div class="chat battle-history"><strong>Based Loser's team:</strong> <em style="color:#445566;display:block;">Archeops / Hitmonchan / Rotom / Cacturne / Piloswine / Musharna</em></div><div class="chat battle-history"><strong>marcop9923's team:</strong> <em style="color:#445566;display:block;">Kecleon / Audino / Swellow / Kangaskhan / Zangoose / Tauros</em></div><div class="chat chatmessage-marcop9923"><strong style="color:hsl(147,59%,41.68773346350925%)"><small>☆</small><span class="username" data-name="marcop9923">marcop9923</span>:</strong> <em>hf</em></div><div class="spacer battle-history"><br></div><div class="battle-history">Battle started between Based Loser and marcop9923!<br></div><div class="spacer battle-history"><br></div><div class="battle-history">Go! <strong>Piloswine</strong>!<br></div><div class="spacer battle-history"><br></div><div class="battle-history">marcop9923 sent out <strong>Kecleon</strong>!<br></div><div class="spacer battle-history"><br></div><h2 class="battle-history">Turn 1</h2><div class="spacer battle-history"><br></div><div class="battle-history">Piloswine used <strong>Stealth Rock</strong>!<br></div><div class="battle-history"><small>Pointed stones float in the air around the opposing team!</small><br></div><div class="spacer battle-history"><br></div><div class="battle-history">The opposing Kecleon used <strong>Stealth Rock</strong>!<br></div><div class="spacer battle-history"><br></div><div class="battle-history"><small>[The opposing Kecleon's Protean]</small><br><small>The opposing Kecleon transformed into the Rock type!</small><br></div><div class="battle-history"><small>Pointed stones float in the air around your team!</small><br></div><div class="spacer battle-history"><br></div><h2 class="battle-history">Turn 2</h2><div class="spacer battle-history"><br></div><div class="battle-history">Piloswine used <strong>Earthquake</strong>!<br></div><div class="battle-history"><small>It's super effective!</small><br></div><div class="battle-history"><small>(The opposing Kecleon lost <abbr title="−301/301">100%</abbr> of its health!)</small><br></div><div class="spacer battle-history"><br></div><div class="battle-history">The opposing Kecleon fainted!<br></div><div class="chat chatmessage-marcop9923"><strong style="color:hsl(147,59%,41.68773346350925%)"><small>☆</small><span class="username" data-name="marcop9923">marcop9923</span>:</strong> <em>why</em></div><div class="chat chatmessage-marcop9923"><strong style="color:hsl(147,59%,41.68773346350925%)"><small>☆</small><span class="username" data-name="marcop9923">marcop9923</span>:</strong> <em>is this faster</em></div><div class="chat chatmessage-marcop9923"><strong style="color:hsl(147,59%,41.68773346350925%)"><small>☆</small><span class="username" data-name="marcop9923">marcop9923</span>:</strong> <em>;-;</em></div><div class="spacer battle-history"><br></div><div class="battle-history">marcop9923 sent out <strong>Kangaskhan</strong>!<br></div><div class="battle-history"><small>Pointed stones dug into the opposing Kangaskhan!</small><br></div><div class="spacer battle-history"><br></div><h2 class="battle-history">Turn 3</h2><div class="spacer battle-history"><br></div><div class="battle-history">The opposing Kangaskhan used <strong>Fake Out</strong>!<br></div><div class="battle-history"><small>(Piloswine lost <abbr title="−66/394">16.8%</abbr> of its health!)</small><br></div><div class="spacer battle-history"><br></div><div class="battle-history">Piloswine flinched and couldn't move!<br></div><div class="spacer battle-history"><br></div><h2 class="battle-history">Turn 4</h2><div class="spacer battle-history"><br></div><div class="battle-history">The opposing Kangaskhan used <strong>Double-Edge</strong>!<br></div><div class="battle-history"><small>(Piloswine lost <abbr title="−177/394">44.9%</abbr> of its health!)</small><br></div><div class="battle-history"><small>The opposing Kangaskhan is damaged by the recoil!</small><br></div><div class="spacer battle-history"><br></div><div class="battle-history">Piloswine used <strong>Earthquake</strong>!<br></div><div class="battle-history"><small>A critical hit!</small><br></div><div class="battle-history"><small>(The opposing Kangaskhan lost <abbr title="−250/351">71.2%</abbr> of its health!)</small><br></div><div class="spacer battle-history"><br></div><div class="battle-history">The opposing Kangaskhan fainted!<br></div><div class="chat chatmessage-marcop9923"><strong style="color:hsl(147,59%,41.68773346350925%)"><small>☆</small><span class="username" data-name="marcop9923">marcop9923</span>:</strong> <em>;-;</em></div><div class="spacer battle-history"><br></div><div class="battle-history">marcop9923 sent out <strong>Tauros</strong>!<br></div><div class="battle-history"><small>Pointed stones dug into the opposing Tauros!</small><br></div><div class="spacer battle-history"><br></div><h2 class="battle-history">Turn 5</h2><div class="spacer battle-history"><br></div><div class="battle-history">Piloswine used <strong>Ice Shard</strong>!<br></div><div class="battle-history"><small>(The opposing Tauros lost <abbr title="−75/291">25.8%</abbr> of its health!)</small><br></div><div class="spacer battle-history"><br></div><div class="battle-history">The opposing Tauros used <strong>Rock Climb</strong>!<br></div><div class="battle-history"><small>(Piloswine lost <abbr title="−151/394">38.3%</abbr> of its health!)</small><br></div><div class="spacer battle-history"><br></div><div class="battle-history">Piloswine fainted!<br></div><div class="spacer battle-history"><br></div><div class="battle-history">Go! <strong>Hitmonchan</strong>!<br></div><div class="battle-history"><small>Pointed stones dug into Hitmonchan!</small><br></div><div class="spacer battle-history"><br></div><h2 class="battle-history">Turn 6</h2><div class="spacer battle-history"><br></div><div class="battle-history">Hitmonchan used <strong>Mach Punch</strong>!<br></div><div class="battle-history"><small>It's super effective!</small><br></div><div class="battle-history"><small>(The opposing Tauros lost <abbr title="−180/291">61.9%</abbr> of its health!)</small><br></div><div class="spacer battle-history"><br></div><div class="battle-history">The opposing Tauros fainted!<br></div><div class="spacer battle-history"><br></div><div class="battle-history">marcop9923 sent out <strong>Audino</strong>!<br></div><div class="battle-history"><small>Pointed stones dug into the opposing Audino!</small><br></div><div class="spacer battle-history"><br></div><h2 class="battle-history">Turn 7</h2><div class="spacer battle-history"><br></div><div class="battle-history"><small>The opposing Audino's Audinite is reacting to marcop9923's Mega Bracelet!</small><br>The opposing Audino has Mega Evolved into Mega Audino!<br></div><div class="spacer battle-history"><br></div><div class="battle-history">Hitmonchan used <strong>Rapid Spin</strong>!<br></div><div class="battle-history"><small>(The opposing Audino lost <abbr title="−19/407">4.7%</abbr> of its health!)</small><br></div><div class="battle-history"><small>The pointed stones disappeared from around your team!</small><br></div><div class="spacer battle-history"><br></div><div class="battle-history">The opposing Audino used <strong>Dazzling Gleam</strong>!<br></div><div class="battle-history"><small>It's super effective!</small><br></div><div class="battle-history"><small>(Hitmonchan lost <abbr title="−188/241">78.0%</abbr> of its health!)</small><br></div><div class="spacer battle-history"><br></div><h2 class="battle-history">Turn 8</h2><div class="spacer battle-history"><br></div><div class="battle-history">Hitmonchan used <strong>Close Combat</strong>!<br></div><div class="battle-history"><small>(The opposing Audino lost <abbr title="−172/407">42.3%</abbr> of its health!)</small><br></div><div class="battle-history"><small>Hitmonchan's Defense fell!</small><br></div><div class="battle-history"><small>Hitmonchan's Special Defense fell!</small><br></div><div class="spacer battle-history"><br></div><div class="battle-history">The opposing Audino used <strong>Dazzling Gleam</strong>!<br></div><div class="battle-history"><small>It's super effective!</small><br></div><div class="battle-history"><small>(Hitmonchan lost <abbr title="−38/241">15.8%</abbr> of its health!)</small><br></div><div class="spacer battle-history"><br></div><div class="battle-history">Hitmonchan fainted!<br></div><div class="spacer battle-history"><br></div><div class="battle-history">Go! <strong>Archeops</strong>!<br></div><div class="spacer battle-history"><br></div><h2 class="battle-history">Turn 9</h2><div class="spacer battle-history"><br></div><div class="battle-history">Archeops used <strong>Stone Edge</strong>!<br></div><div class="battle-history"><small>(The opposing Audino lost <abbr title="−166/407">40.8%</abbr> of its health!)</small><br></div><div class="spacer battle-history"><br></div><div class="battle-history">The opposing Audino fainted!<br></div><div class="spacer battle-history"><br></div><div class="battle-history">marcop9923 sent out <strong>Zangoose</strong>!<br></div><div class="battle-history"><small>Pointed stones dug into the opposing Zangoose!</small><br></div><div class="spacer battle-history"><br></div><h2 class="battle-history">Turn 10</h2><div class="spacer battle-history"><br></div><div class="battle-history">Archeops used <strong>Stone Edge</strong>!<br></div><div class="battle-history"><small>A critical hit!</small><br></div><div class="battle-history"><small>(The opposing Zangoose lost <abbr title="−252/287">87.8%</abbr> of its health!)</small><br></div><div class="spacer battle-history"><br></div><div class="battle-history">The opposing Zangoose fainted!<br></div><div class="chat chatmessage-basedloser"><strong style="color:hsl(2,89%,44.31893825281939%)"><small>☆</small><span class="username" data-name="Based Loser">Based Loser</span>:</strong> <em>gg</em></div><div class="spacer battle-history"><br></div><div class="battle-history">marcop9923 sent out <strong>Swellow</strong>!<br></div><div class="battle-history"><small>Pointed stones dug into the opposing Swellow!</small><br></div><div class="spacer battle-history"><br></div><h2 class="battle-history">Turn 11</h2><div class="chat chatmessage-marcop9923"><strong style="color:hsl(147,59%,41.68773346350925%)"><small>☆</small><span class="username" data-name="marcop9923">marcop9923</span>:</strong> <em>g-g</em></div><div class="spacer battle-history"><br></div><div class="battle-history">The opposing Swellow used <strong>Boomburst</strong>!<br></div><div class="battle-history"><small>It's not very effective...</small><br></div><div class="battle-history"><small>(Archeops lost <abbr title="−145/291">49.8%</abbr> of its health!)</small><br></div><div class="spacer battle-history"><br></div><div class="battle-history">Archeops used <strong>Stone Edge</strong>!<br></div><div class="battle-history"><small>It's super effective!</small><br></div><div class="battle-history"><small>(The opposing Swellow lost <abbr title="−196/261">75.1%</abbr> of its health!)</small><br></div><div class="spacer battle-history"><br></div><div class="battle-history">The opposing Swellow fainted!<br></div><div class="spacer battle-history"><br></div><div class="battle-history"><strong>Based Loser</strong> won the battle!<br></div></div><div class="inner-preempt"></div></div></div>
</div>
<script>
let daily = Math.floor(Date.now()/1000/60/60/24);document.write('<script src="https://play.pokemonshowdown.com/js/replay-embed.js?version'+daily+'"></'+'script>');
</script>
