<!DOCTYPE html>
<meta charset="utf-8" />
<!-- version 1 -->
<title>NU replay: (HT)Luigi_ReX vs. luispoke999</title>
<style>
html,body {font-family:Verdana, sans-serif;font-size:10pt;margin:0;padding:0;}body{padding:12px 0;} .battle-log {font-family:Verdana, sans-serif;font-size:10pt;} .battle-log-inline {border:1px solid #AAAAAA;background:#EEF2F5;color:black;max-width:640px;margin:0 auto 80px;padding-bottom:5px;} .battle-log .inner {padding:4px 8px 0px 8px;} .battle-log .inner-preempt {padding:0 8px 4px 8px;} .battle-log .inner-after {margin-top:0.5em;} .battle-log h2 {margin:0.5em -8px;padding:4px 8px;border:1px solid #AAAAAA;background:#E0E7EA;border-left:0;border-right:0;font-family:Verdana, sans-serif;font-size:13pt;} .battle-log .chat {vertical-align:middle;padding:3px 0 3px 0;font-size:8pt;} .battle-log .chat strong {color:#40576A;} .battle-log .chat em {padding:1px 4px 1px 3px;color:#000000;font-style:normal;} .chat.mine {background:rgba(0,0,0,0.05);margin-left:-8px;margin-right:-8px;padding-left:8px;padding-right:8px;} .spoiler {color:#BBBBBB;background:#BBBBBB;padding:0px 3px;} .spoiler:hover, .spoiler:active, .spoiler-shown {color:#000000;background:#E2E2E2;padding:0px 3px;} .spoiler a {color:#BBBBBB;} .spoiler:hover a, .spoiler:active a, .spoiler-shown a {color:#2288CC;} .chat code, .chat .spoiler:hover code, .chat .spoiler:active code, .chat .spoiler-shown code {border:1px solid #C0C0C0;background:#EEEEEE;color:black;padding:0 2px;} .chat .spoiler code {border:1px solid #CCCCCC;background:#CCCCCC;color:#CCCCCC;} .battle-log .rated {padding:3px 4px;} .battle-log .rated strong {color:white;background:#89A;padding:1px 4px;border-radius:4px;} .spacer {margin-top:0.5em;} .message-announce {background:#6688AA;color:white;padding:1px 4px 2px;} .message-announce a, .broadcast-green a, .broadcast-blue a, .broadcast-red a {color:#DDEEFF;} .broadcast-green {background-color:#559955;color:white;padding:2px 4px;} .broadcast-blue {background-color:#6688AA;color:white;padding:2px 4px;} .infobox {border:1px solid #6688AA;padding:2px 4px;} .infobox-limited {max-height:200px;overflow:auto;overflow-x:hidden;} .broadcast-red {background-color:#AA5544;color:white;padding:2px 4px;} .message-learn-canlearn {font-weight:bold;color:#228822;text-decoration:underline;} .message-learn-cannotlearn {font-weight:bold;color:#CC2222;text-decoration:underline;} .message-effect-weak {font-weight:bold;color:#CC2222;} .message-effect-resist {font-weight:bold;color:#6688AA;} .message-effect-immune {font-weight:bold;color:#666666;} .message-learn-list {margin-top:0;margin-bottom:0;} .message-throttle-notice, .message-error {color:#992222;} .message-overflow, .chat small.message-overflow {font-size:0pt;} .message-overflow::before {font-size:9pt;content:'...';} .subtle {color:#3A4A66;}
</style>
<div class="wrapper replay-wrapper" style="max-width:1180px;margin:0 auto">
<input type="hidden" name="replayid" value="destiny-nu-292621" />
<div class="battle"></div><div class="battle-log"></div><div class="replay-controls"></div><div class="replay-controls-2"></div>
<h1 style="font-weight:normal;text-align:center"><strong>NU</strong><br /><a href="http://pokemonshowdown.com/users/htluigirex" class="subtle" target="_blank">(HT)Luigi_ReX</a> vs. <a href="http://pokemonshowdown.com/users/luispoke999" class="subtle" target="_blank">luispoke999</a></h1>
<script type="text/plain" class="battle-log-data">|j|(HT)Luigi_ReX
|j|luispoke999
|unlink|||tour
|player|p1|(HT)Luigi_ReX|2001
|player|p2|luispoke999|2001
|gametype|singles
|gen|7
|tier|NU
|seed|5163,48775,4119,48109
|rule|Cláusula-Mod de Dormir: solo puedes dormir a uno de tus oponentes a la vez.
|rule|Cláusula de Especie: Hasta un Pokémon de cada especie
|rule|Cláusula de Golpe Fulminante: los movimientos fulminantes (OHKO) estan prohibidos
|rule|Cláusula de Moody: la habilidad Moody está prohibida
|rule|Cláusula de Movimientos Evasivos: los movimientos de evasion estan prohibidos
|rule|Cláusula de Batallas Eternas: forzar batallas eternas está prohibido
|clearpoke
|poke|p1|Altaria, F, shiny|item
|poke|p1|Bibarel, M|item
|poke|p1|Absol, M|item
|poke|p1|Aromatisse, F, shiny|item
|poke|p1|Guzzlord|item
|poke|p1|Shuckle, M, shiny|item
|poke|p2|Altaria, F, shiny|item
|poke|p2|Bibarel, M|item
|poke|p2|Absol, M|item
|poke|p2|Aromatisse, F, shiny|item
|poke|p2|Guzzlord|item
|poke|p2|Shuckle, M, shiny|item
|teampreview
|choice|*team 623451|*
|c|☆luispoke999|almenos quite shiny nomaes
|choice|*|*team 123456
|choice|team 6, team 2, team 3, team 4, team 5, team 1|team 1, team 2, team 3, team 4, team 5, team 6
|
|start
|switch|p1a: Shuckle|Shuckle, M, shiny|182\/182
|switch|p2a: Altaria|Altaria, F, shiny|309\/309
|-ability|p2a: Altaria|Cloud Nine
|turn|1
|choice|*|*switch 2
|choice|*|*undo
|choice|*|*switch 2
|choice|*|*undo
|choice|*|*switch 2
|choice|*move 1|*
|choice|move stealthrock|switch 2
|
|switch|p2a: Bibarel|Bibarel, M|318\/318
|move|p1a: Shuckle|Stealth Rock|p2a: Bibarel
|-sidestart|p2: luispoke999|move: Stealth Rock
|
|upkeep
|turn|2
|choice|*|*move 2
|choice|*move 3|*
|choice|move shellsmash|move swordsdance
|
|move|p2a: Bibarel|Swords Dance|p2a: Bibarel
|-boost|p2a: Bibarel|atk|4
|move|p1a: Shuckle|Shell Smash|p1a: Shuckle
|-boost|p1a: Shuckle|def|1
|-boost|p1a: Shuckle|spd|1
|-unboost|p1a: Shuckle|atk|2
|-unboost|p1a: Shuckle|spa|2
|-unboost|p1a: Shuckle|spe|2
|
|upkeep
|turn|3
|choice|*move 2|*
|choice|*undo|*
|choice|*move 4|*
|c|☆luispoke999|:V
|j|RyLon
|c|☆luispoke999|XD
|choice|*|*move 1
|choice|move gyroball|move aquajet
|
|move|p2a: Bibarel|Aqua Jet|p1a: Shuckle
|-supereffective|p1a: Shuckle
|-damage|p1a: Shuckle|94\/182
|-damage|p2a: Bibarel|287\/318|[from] item: Life Orb
|move|p1a: Shuckle|Gyro Ball|p2a: Bibarel
|-resisted|p2a: Bibarel
|-damage|p2a: Bibarel|279\/318
|
|-heal|p1a: Shuckle|105\/182|[from] item: Leftovers
|upkeep
|turn|4
|choice|*|*move 1
|choice|*move 2|*
|choice|move protect|move aquajet
|
|move|p1a: Shuckle|Protect|p1a: Shuckle
|-singleturn|p1a: Shuckle|Protect
|move|p2a: Bibarel|Aqua Jet|p1a: Shuckle
|-activate|p1a: Shuckle|move: Protect
|
|-heal|p1a: Shuckle|116\/182|[from] item: Leftovers
|upkeep
|turn|5
|choice|*|*move 1
|l|RyLon
|choice|*move 3|*
|choice|move shellsmash|move aquajet
|
|move|p2a: Bibarel|Aqua Jet|p1a: Shuckle
|-supereffective|p1a: Shuckle
|-damage|p1a: Shuckle|28\/182
|-damage|p2a: Bibarel|248\/318|[from] item: Life Orb
|move|p1a: Shuckle|Shell Smash|p1a: Shuckle
|-boost|p1a: Shuckle|def|1
|-boost|p1a: Shuckle|spd|1
|-unboost|p1a: Shuckle|atk|2
|-unboost|p1a: Shuckle|spa|2
|-unboost|p1a: Shuckle|spe|2
|
|-heal|p1a: Shuckle|39\/182|[from] item: Leftovers
|upkeep
|turn|6
|choice|*move 2|*
|choice|*|*move 2
|choice|move protect|move swordsdance
|
|move|p1a: Shuckle|Protect|p1a: Shuckle
|-singleturn|p1a: Shuckle|Protect
|move|p2a: Bibarel|Swords Dance|p2a: Bibarel
|-boost|p2a: Bibarel|atk|2
|
|-heal|p1a: Shuckle|50\/182|[from] item: Leftovers
|upkeep
|turn|7
|choice|*|*move 1
|choice|*move 4|*
|choice|move gyroball|move aquajet
|
|move|p2a: Bibarel|Aqua Jet|p1a: Shuckle
|-supereffective|p1a: Shuckle
|-damage|p1a: Shuckle|0 fnt
|-damage|p2a: Bibarel|217\/318|[from] item: Life Orb
|faint|p1a: Shuckle
|
|upkeep
|c|☆luispoke999|no sabes usar ese shucklie
|c|☆luispoke999|:V
|choice|*switch 3|*
|choice|switch 3|
|
|switch|p1a: Absol|Absol, M|296\/296
|turn|8
|choice|*move 4|*
|choice|*|*move 1
|choice|move suckerpunch|move aquajet
|
|move|p1a: Absol|Sucker Punch|p2a: Bibarel
|-damage|p2a: Bibarel|69\/318
|move|p2a: Bibarel|Aqua Jet|p1a: Absol
|-damage|p1a: Absol|6\/296
|-damage|p2a: Bibarel|38\/318|[from] item: Life Orb
|
|upkeep
|turn|9
|choice|*move 4|*
|c|☆(HT)Luigi_ReX|oc
|choice|*|*switch 3
|choice|move suckerpunch|switch 3
|
|switch|p2a: Absol|Absol, M|296\/296
|-damage|p2a: Absol|259\/296|[from] Stealth Rock
|move|p1a: Absol|Sucker Punch|p2a: Absol|[still]
|-fail|p1a: Absol
|
|upkeep
|turn|10
|choice|*switch 4|*
|choice|*undo|*
|choice|*|*move 4
|choice|*switch 4|*
|choice|switch 4|move suckerpunch
|
|switch|p1a: Aromatisse|Aromatisse, F, shiny|343\/343
|move|p2a: Absol|Sucker Punch|p1a: Aromatisse|[still]
|-fail|p2a: Absol
|
|upkeep
|turn|11
|c|☆luispoke999|XDXD
|choice|*move 3|*
|choice|*|*switch 6
|choice|move moonblast|switch 6
|
|switch|p2a: Shuckle|Shuckle, M, shiny|182\/182
|-damage|p2a: Shuckle|137\/182|[from] Stealth Rock
|move|p1a: Aromatisse|Moonblast|p2a: Shuckle
|-damage|p2a: Shuckle|77\/182
|
|-heal|p2a: Shuckle|88\/182|[from] item: Leftovers
|upkeep
|turn|12
|choice|*move 2|*
|choice|*|*move 4
|choice|move flashcannon|move gyroball
|
|move|p1a: Aromatisse|Flash Cannon|p2a: Shuckle
|-supereffective|p2a: Shuckle
|-damage|p2a: Shuckle|8\/182
|move|p2a: Shuckle|Gyro Ball|p1a: Aromatisse
|-supereffective|p1a: Aromatisse
|-damage|p1a: Aromatisse|295\/343
|
|-heal|p2a: Shuckle|19\/182|[from] item: Leftovers
|upkeep
|turn|13
|choice|*move 2|*
|choice|*undo|*
|choice|*move 3|*
|choice|*|*move 1
|choice|move moonblast|move stealthrock
|
|move|p1a: Aromatisse|Moonblast|p2a: Shuckle
|-damage|p2a: Shuckle|0 fnt
|faint|p2a: Shuckle
|
|upkeep
|choice|*|*switch 3
|choice||switch 3
|
|switch|p2a: Bibarel|Bibarel, M|38\/318
|-damage|p2a: Bibarel|0 fnt|[from] Stealth Rock
|faint|p2a: Bibarel
|choice|*|*switch 2
|choice||switch 2
|
|switch|p2a: Altaria|Altaria, F, shiny|309\/309
|-damage|p2a: Altaria|232\/309|[from] Stealth Rock
|-ability|p2a: Altaria|Cloud Nine
|turn|14
|choice|*|*move 4
|choice|*|*undo
|choice|*|*move 1
|choice|*|*undo
|choice|*|*move 1
|choice|*move 3|*
|choice|move moonblast|move moonblast
|
|move|p2a: Altaria|Moonblast|p1a: Aromatisse
|-damage|p1a: Aromatisse|253\/343
|move|p1a: Aromatisse|Moonblast|p2a: Altaria
|-supereffective|p2a: Altaria
|-damage|p2a: Altaria|0 fnt
|faint|p2a: Altaria
|
|upkeep
|choice|*|*switch 4
|choice||switch 4
|
|switch|p2a: Aromatisse|Aromatisse, F, shiny|343\/343
|-damage|p2a: Aromatisse|301\/343|[from] Stealth Rock
|turn|15
|choice|*move 2|*
|choice|*|*move 2
|choice|move flashcannon|move flashcannon
|
|move|p1a: Aromatisse|Flash Cannon|p2a: Aromatisse
|-supereffective|p2a: Aromatisse
|-damage|p2a: Aromatisse|181\/343
|move|p2a: Aromatisse|Flash Cannon|p1a: Aromatisse
|-supereffective|p1a: Aromatisse
|-crit|p1a: Aromatisse
|-damage|p1a: Aromatisse|77\/343
|
|upkeep
|turn|16
|choice|*undo|*
|choice|*|*move 2
|c|☆luispoke999|NEL
|choice|*switch 5|*
|choice|switch 5|move flashcannon
|
|switch|p1a: Guzzlord|Guzzlord|587\/587
|move|p2a: Aromatisse|Flash Cannon|p1a: Guzzlord
|-crit|p1a: Guzzlord
|-damage|p1a: Guzzlord|405\/587
|
|upkeep
|turn|17
|choice|*|*move 3
|choice|*move 1|*
|choice|move sludgebomb|move moonblast
|
|move|p1a: Guzzlord|Sludge Bomb|p2a: Aromatisse
|-supereffective|p2a: Aromatisse
|-damage|p2a: Aromatisse|63\/343
|-status|p2a: Aromatisse|psn
|move|p2a: Aromatisse|Moonblast|p1a: Guzzlord
|-supereffective|p1a: Guzzlord
|-damage|p1a: Guzzlord|0 fnt
|faint|p1a: Guzzlord
|
|-damage|p2a: Aromatisse|21\/343 psn|[from] psn
|upkeep
|choice|*switch 2|*
|choice|switch 2|
|
|switch|p1a: Bibarel|Bibarel, M|318\/318
|turn|18
|choice|*|*move 3
|choice|*|*undo
|choice|*|*move 1
|choice|*move 2|*
|choice|move swordsdance|move endeavor
|
|move|p1a: Bibarel|Swords Dance|p1a: Bibarel
|-boost|p1a: Bibarel|atk|4
|move|p2a: Aromatisse|Endeavor|p1a: Bibarel
|-damage|p1a: Bibarel|21\/318
|
|-damage|p2a: Aromatisse|0 fnt|[from] psn
|upkeep
|faint|p2a: Aromatisse
|choice|*|*switch 5
|choice||switch 5
|
|switch|p2a: Guzzlord|Guzzlord|587\/587
|-damage|p2a: Guzzlord|514\/587|[from] Stealth Rock
|turn|19
|choice|*|*move 1
|choice|*move 3|*
|choice|move protect|move sludgebomb
|
|move|p1a: Bibarel|Protect|p1a: Bibarel
|-singleturn|p1a: Bibarel|Protect
|move|p2a: Guzzlord|Sludge Bomb|p1a: Bibarel
|-activate|p1a: Bibarel|move: Protect
|
|upkeep
|turn|20
|choice|*|*move 1
|choice|*move 4|*
|choice|move rollout|move sludgebomb
|
|move|p1a: Bibarel|Rollout|p2a: Guzzlord
|-crit|p2a: Guzzlord
|-damage|p2a: Guzzlord|335\/587
|-damage|p1a: Bibarel|0 fnt|[from] item: Rocky Helmet|[of] p2a: Guzzlord
|faint|p1a: Bibarel
|move|p2a: Guzzlord|Sludge Bomb|p1: Bibarel|[notarget]
|-notarget
|
|upkeep
|choice|*switch 4|*
|choice|switch 4|
|
|switch|p1a: Absol|Absol, M|6\/296
|turn|21
|j|Dangerous Ariana
|choice|*move 1|*
|choice|*|*switch 6
|choice|move playrough|switch 6
|
|switch|p2a: Absol|Absol, M|259\/296
|-damage|p2a: Absol|222\/296|[from] Stealth Rock
|move|p1a: Absol|Play Rough|p2a: Absol
|-supereffective|p2a: Absol
|-damage|p2a: Absol|0 fnt
|faint|p2a: Absol
|
|upkeep
|choice|*|*switch 6
|choice||switch 6
|
|switch|p2a: Guzzlord|Guzzlord|335\/587
|-damage|p2a: Guzzlord|262\/587|[from] Stealth Rock
|turn|22
|choice|*move 1|*
|choice|*|*move 1
|choice|move playrough|move sludgebomb
|
|move|p1a: Absol|Play Rough|p2a: Guzzlord
|-supereffective|p2a: Guzzlord
|-damage|p2a: Guzzlord|0 fnt
|-damage|p1a: Absol|0 fnt|[from] item: Rocky Helmet|[of] p2a: Guzzlord
|faint|p2a: Guzzlord
|faint|p1a: Absol
|
|win|(HT)Luigi_ReX
|player|p1
|player|p2
|c|☆(HT)Luigi_ReX|GG
|l|Dangerous Ariana
|l|luispoke999</script>
</div>
<div class="battle-log battle-log-inline"><div class="inner"><div class="battle-options"></div><div class="inner"><div class="chat"><small>(HT)Luigi_ReX joined.</small></div><div class="chat"><small>luispoke999 joined.</small></div><div class=""><small>Format:</small> <br><strong>NU</strong></div><div class=""><small><em>Cláusula-Mod de Dormir:</em> solo puedes dormir a uno de tus oponentes a la vez.</small></div><div class=""><small><em>Cláusula de Especie:</em> Hasta un Pokémon de cada especie</small></div><div class=""><small><em>Cláusula de Golpe Fulminante:</em> los movimientos fulminantes (OHKO) estan prohibidos</small></div><div class=""><small><em>Cláusula de Moody:</em> la habilidad Moody está prohibida</small></div><div class=""><small><em>Cláusula de Movimientos Evasivos:</em> los movimientos de evasion estan prohibidos</small></div><div class=""><small><em>Cláusula de Batallas Eternas:</em> forzar batallas eternas está prohibido</small></div><div class="chat battle-history"><strong>(HT)Luigi_ReX's team:</strong> <em style="color:#445566;display:block;">Altaria / Bibarel / Absol / Aromatisse / Guzzlord / Shuckle</em></div><div class="chat battle-history"><strong>luispoke999's team:</strong> <em style="color:#445566;display:block;">Altaria / Bibarel / Absol / Aromatisse / Guzzlord / Shuckle</em></div><div class="chat chatmessage-luispoke999"><strong style="color:hsl(55,82%,34.938232808634446%)"><small>☆</small><span class="username" data-name="luispoke999">luispoke999</span>:</strong> <em>almenos quite shiny nomaes</em></div><div class="spacer battle-history"><br></div><div class="battle-history">Battle started between (HT)Luigi_ReX and luispoke999!<br></div><div class="spacer battle-history"><br></div><div class="battle-history">Go! <strong>Shuckle</strong>!<br></div><div class="spacer battle-history"><br></div><div class="battle-history">luispoke999 sent out <strong>Altaria</strong>!<br></div><div class="battle-history"><small>[The opposing Altaria's Cloud Nine]</small><br><small>The effects of the weather disappeared.</small><br></div><div class="spacer battle-history"><br></div><h2 class="battle-history">Turn 1</h2><div class="spacer battle-history"><br></div><div class="battle-history">luispoke999 withdrew Altaria!<br></div><div class="battle-history">luispoke999 sent out <strong>Bibarel</strong>!<br></div><div class="spacer battle-history"><br></div><div class="battle-history">Shuckle used <strong>Stealth Rock</strong>!<br></div><div class="battle-history"><small>Pointed stones float in the air around the opposing team!</small><br></div><div class="spacer battle-history"><br></div><h2 class="battle-history">Turn 2</h2><div class="spacer battle-history"><br></div><div class="battle-history">The opposing Bibarel used <strong>Swords Dance</strong>!<br></div><div class="battle-history"><small>The opposing Bibarel's Attack rose drastically!</small><br></div><div class="spacer battle-history"><br></div><div class="battle-history">Shuckle used <strong>Shell Smash</strong>!<br></div><div class="battle-history"><small>Shuckle's Defense rose!</small><br></div><div class="battle-history"><small>Shuckle's Special Defense rose!</small><br></div><div class="battle-history"><small>Shuckle's Attack fell harshly!</small><br></div><div class="battle-history"><small>Shuckle's Special Attack fell harshly!</small><br></div><div class="battle-history"><small>Shuckle's Speed fell harshly!</small><br></div><div class="spacer battle-history"><br></div><h2 class="battle-history">Turn 3</h2><div class="chat chatmessage-luispoke999"><strong style="color:hsl(55,82%,34.938232808634446%)"><small>☆</small><span class="username" data-name="luispoke999">luispoke999</span>:</strong> <em>:V</em></div><div class="chat"><small>RyLon joined.</small></div><div class="chat chatmessage-luispoke999"><strong style="color:hsl(55,82%,34.938232808634446%)"><small>☆</small><span class="username" data-name="luispoke999">luispoke999</span>:</strong> <em>XD</em></div><div class="spacer battle-history"><br></div><div class="battle-history">The opposing Bibarel used <strong>Aqua Jet</strong>!<br></div><div class="battle-history"><small>It's super effective!</small><br></div><div class="battle-history"><small>(Shuckle lost <abbr title="−88/182">48.4%</abbr> of its health!)</small><br></div><div class="battle-history"><small>The opposing Bibarel lost some of its HP!</small><br></div><div class="spacer battle-history"><br></div><div class="battle-history">Shuckle used <strong>Gyro Ball</strong>!<br></div><div class="battle-history"><small>It's not very effective...</small><br></div><div class="battle-history"><small>(The opposing Bibarel lost <abbr title="−8/318">2.5%</abbr> of its health!)</small><br></div><div class="spacer battle-history"><br></div><div class="battle-history"><small>Shuckle restored a little HP using its Leftovers!</small><br></div><div class="spacer battle-history"><br></div><h2 class="battle-history">Turn 4</h2><div class="spacer battle-history"><br></div><div class="battle-history">Shuckle used <strong>Protect</strong>!<br></div><div class="battle-history"><small>Shuckle protected itself!</small><br></div><div class="spacer battle-history"><br></div><div class="battle-history">The opposing Bibarel used <strong>Aqua Jet</strong>!<br></div><div class="battle-history"><small>Shuckle protected itself!</small><br></div><div class="spacer battle-history"><br></div><div class="battle-history"><small>Shuckle restored a little HP using its Leftovers!</small><br></div><div class="spacer battle-history"><br></div><h2 class="battle-history">Turn 5</h2><div class="chat"><small>RyLon left.</small></div><div class="spacer battle-history"><br></div><div class="battle-history">The opposing Bibarel used <strong>Aqua Jet</strong>!<br></div><div class="battle-history"><small>It's super effective!</small><br></div><div class="battle-history"><small>(Shuckle lost <abbr title="−88/182">48.4%</abbr> of its health!)</small><br></div><div class="battle-history"><small>The opposing Bibarel lost some of its HP!</small><br></div><div class="spacer battle-history"><br></div><div class="battle-history">Shuckle used <strong>Shell Smash</strong>!<br></div><div class="battle-history"><small>Shuckle's Defense rose!</small><br></div><div class="battle-history"><small>Shuckle's Special Defense rose!</small><br></div><div class="battle-history"><small>Shuckle's Attack fell harshly!</small><br></div><div class="battle-history"><small>Shuckle's Special Attack fell harshly!</small><br></div><div class="battle-history"><small>Shuckle's Speed fell harshly!</small><br></div><div class="spacer battle-history"><br></div><div class="battle-history"><small>Shuckle restored a little HP using its Leftovers!</small><br></div><div class="spacer battle-history"><br></div><h2 class="battle-history">Turn 6</h2><div class="spacer battle-history"><br></div><div class="battle-history">Shuckle used <strong>Protect</strong>!<br></div><div class="battle-history"><small>Shuckle protected itself!</small><br></div><div class="spacer battle-history"><br></div><div class="battle-history">The opposing Bibarel used <strong>Swords Dance</strong>!<br></div><div class="battle-history"><small>The opposing Bibarel's Attack rose sharply!</small><br></div><div class="spacer battle-history"><br></div><div class="battle-history"><small>Shuckle restored a little HP using its Leftovers!</small><br></div><div class="spacer battle-history"><br></div><h2 class="battle-history">Turn 7</h2><div class="spacer battle-history"><br></div><div class="battle-history">The opposing Bibarel used <strong>Aqua Jet</strong>!<br></div><div class="battle-history"><small>It's super effective!</small><br></div><div class="battle-history"><small>(Shuckle lost <abbr title="−50/182">27.5%</abbr> of its health!)</small><br></div><div class="battle-history"><small>The opposing Bibarel lost some of its HP!</small><br></div><div class="spacer battle-history"><br></div><div class="battle-history">Shuckle fainted!<br></div><div class="chat chatmessage-luispoke999"><strong style="color:hsl(55,82%,34.938232808634446%)"><small>☆</small><span class="username" data-name="luispoke999">luispoke999</span>:</strong> <em>no sabes usar ese shucklie</em></div><div class="chat chatmessage-luispoke999"><strong style="color:hsl(55,82%,34.938232808634446%)"><small>☆</small><span class="username" data-name="luispoke999">luispoke999</span>:</strong> <em>:V</em></div><div class="spacer battle-history"><br></div><div class="battle-history">Go! <strong>Absol</strong>!<br></div><div class="spacer battle-history"><br></div><h2 class="battle-history">Turn 8</h2><div class="spacer battle-history"><br></div><div class="battle-history">Absol used <strong>Sucker Punch</strong>!<br></div><div class="battle-history"><small>(The opposing Bibarel lost <abbr title="−148/318">46.5%</abbr> of its health!)</small><br></div><div class="spacer battle-history"><br></div><div class="battle-history">The opposing Bibarel used <strong>Aqua Jet</strong>!<br></div><div class="battle-history"><small>(Absol lost <abbr title="−290/296">98.0%</abbr> of its health!)</small><br></div><div class="battle-history"><small>The opposing Bibarel lost some of its HP!</small><br></div><div class="spacer battle-history"><br></div><h2 class="battle-history">Turn 9</h2><div class="chat chatmessage-htluigirex"><strong style="color:hsl(28,86%,37.82517689549238%)"><small>☆</small><span class="username" data-name="(HT)Luigi_ReX">(HT)Luigi_ReX</span>:</strong> <em>oc</em></div><div class="spacer battle-history"><br></div><div class="battle-history">luispoke999 withdrew Bibarel!<br></div><div class="battle-history">luispoke999 sent out <strong>Absol</strong>!<br></div><div class="battle-history"><small>Pointed stones dug into the opposing Absol!</small><br></div><div class="spacer battle-history"><br></div><div class="battle-history">Absol used <strong>Sucker Punch</strong>!<br></div><div class="battle-history"><small>But it failed!</small><br></div><div class="spacer battle-history"><br></div><h2 class="battle-history">Turn 10</h2><div class="spacer battle-history"><br></div><div class="battle-history">Absol, come back!<br></div><div class="battle-history">Go! <strong>Aromatisse</strong>!<br></div><div class="spacer battle-history"><br></div><div class="battle-history">The opposing Absol used <strong>Sucker Punch</strong>!<br></div><div class="battle-history"><small>But it failed!</small><br></div><div class="spacer battle-history"><br></div><h2 class="battle-history">Turn 11</h2><div class="chat chatmessage-luispoke999"><strong style="color:hsl(55,82%,34.938232808634446%)"><small>☆</small><span class="username" data-name="luispoke999">luispoke999</span>:</strong> <em>XDXD</em></div><div class="spacer battle-history"><br></div><div class="battle-history">luispoke999 withdrew Absol!<br></div><div class="battle-history">luispoke999 sent out <strong>Shuckle</strong>!<br></div><div class="battle-history"><small>Pointed stones dug into the opposing Shuckle!</small><br></div><div class="spacer battle-history"><br></div><div class="battle-history">Aromatisse used <strong>Moonblast</strong>!<br></div><div class="battle-history"><small>(The opposing Shuckle lost <abbr title="−60/182">33.0%</abbr> of its health!)</small><br></div><div class="spacer battle-history"><br></div><div class="battle-history"><small>The opposing Shuckle restored a little HP using its Leftovers!</small><br></div><div class="spacer battle-history"><br></div><h2 class="battle-history">Turn 12</h2><div class="spacer battle-history"><br></div><div class="battle-history">Aromatisse used <strong>Flash Cannon</strong>!<br></div><div class="battle-history"><small>It's super effective!</small><br></div><div class="battle-history"><small>(The opposing Shuckle lost <abbr title="−80/182">44.0%</abbr> of its health!)</small><br></div><div class="spacer battle-history"><br></div><div class="battle-history">The opposing Shuckle used <strong>Gyro Ball</strong>!<br></div><div class="battle-history"><small>It's super effective!</small><br></div><div class="battle-history"><small>(Aromatisse lost <abbr title="−48/343">14.0%</abbr> of its health!)</small><br></div><div class="spacer battle-history"><br></div><div class="battle-history"><small>The opposing Shuckle restored a little HP using its Leftovers!</small><br></div><div class="spacer battle-history"><br></div><h2 class="battle-history">Turn 13</h2><div class="spacer battle-history"><br></div><div class="battle-history">Aromatisse used <strong>Moonblast</strong>!<br></div><div class="battle-history"><small>(The opposing Shuckle lost <abbr title="−19/182">10.4%</abbr> of its health!)</small><br></div><div class="spacer battle-history"><br></div><div class="battle-history">The opposing Shuckle fainted!<br></div><div class="spacer battle-history"><br></div><div class="battle-history">luispoke999 sent out <strong>Bibarel</strong>!<br></div><div class="battle-history"><small>Pointed stones dug into the opposing Bibarel!</small><br></div><div class="spacer battle-history"><br></div><div class="battle-history">The opposing Bibarel fainted!<br></div><div class="spacer battle-history"><br></div><div class="battle-history">luispoke999 sent out <strong>Altaria</strong>!<br></div><div class="battle-history"><small>Pointed stones dug into the opposing Altaria!</small><br></div><div class="battle-history"><small>[The opposing Altaria's Cloud Nine]</small><br><small>The effects of the weather disappeared.</small><br></div><div class="spacer battle-history"><br></div><h2 class="battle-history">Turn 14</h2><div class="spacer battle-history"><br></div><div class="battle-history">The opposing Altaria used <strong>Moonblast</strong>!<br></div><div class="battle-history"><small>(Aromatisse lost <abbr title="−42/343">12.2%</abbr> of its health!)</small><br></div><div class="spacer battle-history"><br></div><div class="battle-history">Aromatisse used <strong>Moonblast</strong>!<br></div><div class="battle-history"><small>It's super effective!</small><br></div><div class="battle-history"><small>(The opposing Altaria lost <abbr title="−232/309">75.1%</abbr> of its health!)</small><br></div><div class="spacer battle-history"><br></div><div class="battle-history">The opposing Altaria fainted!<br></div><div class="spacer battle-history"><br></div><div class="battle-history">luispoke999 sent out <strong>Aromatisse</strong>!<br></div><div class="battle-history"><small>Pointed stones dug into the opposing Aromatisse!</small><br></div><div class="spacer battle-history"><br></div><h2 class="battle-history">Turn 15</h2><div class="spacer battle-history"><br></div><div class="battle-history">Aromatisse used <strong>Flash Cannon</strong>!<br></div><div class="battle-history"><small>It's super effective!</small><br></div><div class="battle-history"><small>(The opposing Aromatisse lost <abbr title="−120/343">35.0%</abbr> of its health!)</small><br></div><div class="spacer battle-history"><br></div><div class="battle-history">The opposing Aromatisse used <strong>Flash Cannon</strong>!<br></div><div class="battle-history"><small>It's super effective!</small><br></div><div class="battle-history"><small>A critical hit!</small><br></div><div class="battle-history"><small>(Aromatisse lost <abbr title="−176/343">51.3%</abbr> of its health!)</small><br></div><div class="spacer battle-history"><br></div><h2 class="battle-history">Turn 16</h2><div class="chat chatmessage-luispoke999"><strong style="color:hsl(55,82%,34.938232808634446%)"><small>☆</small><span class="username" data-name="luispoke999">luispoke999</span>:</strong> <em>NEL</em></div><div class="spacer battle-history"><br></div><div class="battle-history">Aromatisse, come back!<br></div><div class="battle-history">Go! <strong>Guzzlord</strong>!<br></div><div class="spacer battle-history"><br></div><div class="battle-history">The opposing Aromatisse used <strong>Flash Cannon</strong>!<br></div><div class="battle-history"><small>A critical hit!</small><br></div><div class="battle-history"><small>(Guzzlord lost <abbr title="−182/587">31.0%</abbr> of its health!)</small><br></div><div class="spacer battle-history"><br></div><h2 class="battle-history">Turn 17</h2><div class="spacer battle-history"><br></div><div class="battle-history">Guzzlord used <strong>Sludge Bomb</strong>!<br></div><div class="battle-history"><small>It's super effective!</small><br></div><div class="battle-history"><small>(The opposing Aromatisse lost <abbr title="−118/343">34.4%</abbr> of its health!)</small><br></div><div class="battle-history"><small>The opposing Aromatisse was poisoned!</small><br></div><div class="spacer battle-history"><br></div><div class="battle-history">The opposing Aromatisse used <strong>Moonblast</strong>!<br></div><div class="battle-history"><small>It's super effective!</small><br></div><div class="battle-history"><small>(Guzzlord lost <abbr title="−405/587">69.0%</abbr> of its health!)</small><br></div><div class="spacer battle-history"><br></div><div class="battle-history">Guzzlord fainted!<br></div><div class="spacer battle-history"><br></div><div class="battle-history"><small>The opposing Aromatisse was hurt by poison!</small><br></div><div class="spacer battle-history"><br></div><div class="battle-history">Go! <strong>Bibarel</strong>!<br></div><div class="spacer battle-history"><br></div><h2 class="battle-history">Turn 18</h2><div class="spacer battle-history"><br></div><div class="battle-history">Bibarel used <strong>Swords Dance</strong>!<br></div><div class="battle-history"><small>Bibarel's Attack rose drastically!</small><br></div><div class="spacer battle-history"><br></div><div class="battle-history">The opposing Aromatisse used <strong>Endeavor</strong>!<br></div><div class="battle-history"><small>(Bibarel lost <abbr title="−297/318">93.4%</abbr> of its health!)</small><br></div><div class="spacer battle-history"><br></div><div class="battle-history"><small>The opposing Aromatisse was hurt by poison!</small><br></div><div class="spacer battle-history"><br></div><div class="battle-history">The opposing Aromatisse fainted!<br></div><div class="spacer battle-history"><br></div><div class="battle-history">luispoke999 sent out <strong>Guzzlord</strong>!<br></div><div class="battle-history"><small>Pointed stones dug into the opposing Guzzlord!</small><br></div><div class="spacer battle-history"><br></div><h2 class="battle-history">Turn 19</h2><div class="spacer battle-history"><br></div><div class="battle-history">Bibarel used <strong>Protect</strong>!<br></div><div class="battle-history"><small>Bibarel protected itself!</small><br></div><div class="spacer battle-history"><br></div><div class="battle-history">The opposing Guzzlord used <strong>Sludge Bomb</strong>!<br></div><div class="battle-history"><small>Bibarel protected itself!</small><br></div><div class="spacer battle-history"><br></div><h2 class="battle-history">Turn 20</h2><div class="spacer battle-history"><br></div><div class="battle-history">Bibarel used <strong>Rollout</strong>!<br></div><div class="battle-history"><small>A critical hit!</small><br></div><div class="battle-history"><small>(The opposing Guzzlord lost <abbr title="−179/587">30.5%</abbr> of its health!)</small><br></div><div class="battle-history"><small>Bibarel was hurt by the Rocky Helmet!</small><br></div><div class="spacer battle-history"><br></div><div class="battle-history">Bibarel fainted!<br></div><div class="battle-history">The opposing Guzzlord used <strong>Sludge Bomb</strong>!<br></div><div class="battle-history"><small>But there was no target...</small><br></div><div class="spacer battle-history"><br></div><div class="battle-history">Go! <strong>Absol</strong>!<br></div><div class="spacer battle-history"><br></div><h2 class="battle-history">Turn 21</h2><div class="chat"><small>Dangerous Ariana joined.</small></div><div class="spacer battle-history"><br></div><div class="battle-history">luispoke999 withdrew Guzzlord!<br></div><div class="battle-history">luispoke999 sent out <strong>Absol</strong>!<br></div><div class="battle-history"><small>Pointed stones dug into the opposing Absol!</small><br></div><div class="spacer battle-history"><br></div><div class="battle-history">Absol used <strong>Play Rough</strong>!<br></div><div class="battle-history"><small>It's super effective!</small><br></div><div class="battle-history"><small>(The opposing Absol lost <abbr title="−222/296">75%</abbr> of its health!)</small><br></div><div class="spacer battle-history"><br></div><div class="battle-history">The opposing Absol fainted!<br></div><div class="spacer battle-history"><br></div><div class="battle-history">luispoke999 sent out <strong>Guzzlord</strong>!<br></div><div class="battle-history"><small>Pointed stones dug into the opposing Guzzlord!</small><br></div><div class="spacer battle-history"><br></div><h2 class="battle-history">Turn 22</h2><div class="spacer battle-history"><br></div><div class="battle-history">Absol used <strong>Play Rough</strong>!<br></div><div class="battle-history"><small>It's super effective!</small><br></div><div class="battle-history"><small>(The opposing Guzzlord lost <abbr title="−262/587">44.6%</abbr> of its health!)</small><br></div><div class="battle-history"><small>Absol was hurt by the Rocky Helmet!</small><br></div><div class="spacer battle-history"><br></div><div class="battle-history">The opposing Guzzlord fainted!<br></div><div class="battle-history">Absol fainted!<br></div><div class="spacer battle-history"><br></div><div class="battle-history"><strong>(HT)Luigi_ReX</strong> won the battle!<br></div><div class="chat chatmessage-htluigirex"><strong style="color:hsl(28,86%,37.82517689549238%)"><small>☆</small><span class="username" data-name="(HT)Luigi_ReX">(HT)Luigi_ReX</span>:</strong> <em>GG</em></div><div class="chat"><small>Dangerous Ariana left.</small></div><div class="chat"><small>luispoke999 left.</small></div></div><div class="inner-preempt"></div></div></div>
</div>
<script>
let daily = Math.floor(Date.now()/1000/60/60/24);document.write('<script src="https://play.pokemonshowdown.com/js/replay-embed.js?version'+daily+'"></'+'script>');
</script>
