<!DOCTYPE html>
<meta charset="utf-8" />
<!-- version 1 -->
<title>NU replay: Valderek vs. duckpirate</title>
<style>
html,body {font-family:Verdana, sans-serif;font-size:10pt;margin:0;padding:0;}body{padding:12px 0;} .battle-log {font-family:Verdana, sans-serif;font-size:10pt;} .battle-log-inline {border:1px solid #AAAAAA;background:#EEF2F5;color:black;max-width:640px;margin:0 auto 80px;padding-bottom:5px;} .battle-log .inner {padding:4px 8px 0px 8px;} .battle-log .inner-preempt {padding:0 8px 4px 8px;} .battle-log .inner-after {margin-top:0.5em;} .battle-log h2 {margin:0.5em -8px;padding:4px 8px;border:1px solid #AAAAAA;background:#E0E7EA;border-left:0;border-right:0;font-family:Verdana, sans-serif;font-size:13pt;} .battle-log .chat {vertical-align:middle;padding:3px 0 3px 0;font-size:8pt;} .battle-log .chat strong {color:#40576A;} .battle-log .chat em {padding:1px 4px 1px 3px;color:#000000;font-style:normal;} .chat.mine {background:rgba(0,0,0,0.05);margin-left:-8px;margin-right:-8px;padding-left:8px;padding-right:8px;} .spoiler {color:#BBBBBB;background:#BBBBBB;padding:0px 3px;} .spoiler:hover, .spoiler:active, .spoiler-shown {color:#000000;background:#E2E2E2;padding:0px 3px;} .spoiler a {color:#BBBBBB;} .spoiler:hover a, .spoiler:active a, .spoiler-shown a {color:#2288CC;} .chat code, .chat .spoiler:hover code, .chat .spoiler:active code, .chat .spoiler-shown code {border:1px solid #C0C0C0;background:#EEEEEE;color:black;padding:0 2px;} .chat .spoiler code {border:1px solid #CCCCCC;background:#CCCCCC;color:#CCCCCC;} .battle-log .rated {padding:3px 4px;} .battle-log .rated strong {color:white;background:#89A;padding:1px 4px;border-radius:4px;} .spacer {margin-top:0.5em;} .message-announce {background:#6688AA;color:white;padding:1px 4px 2px;} .message-announce a, .broadcast-green a, .broadcast-blue a, .broadcast-red a {color:#DDEEFF;} .broadcast-green {background-color:#559955;color:white;padding:2px 4px;} .broadcast-blue {background-color:#6688AA;color:white;padding:2px 4px;} .infobox {border:1px solid #6688AA;padding:2px 4px;} .infobox-limited {max-height:200px;overflow:auto;overflow-x:hidden;} .broadcast-red {background-color:#AA5544;color:white;padding:2px 4px;} .message-learn-canlearn {font-weight:bold;color:#228822;text-decoration:underline;} .message-learn-cannotlearn {font-weight:bold;color:#CC2222;text-decoration:underline;} .message-effect-weak {font-weight:bold;color:#CC2222;} .message-effect-resist {font-weight:bold;color:#6688AA;} .message-effect-immune {font-weight:bold;color:#666666;} .message-learn-list {margin-top:0;margin-bottom:0;} .message-throttle-notice, .message-error {color:#992222;} .message-overflow, .chat small.message-overflow {font-size:0pt;} .message-overflow::before {font-size:9pt;content:'...';} .subtle {color:#3A4A66;}
</style>
<div class="wrapper replay-wrapper" style="max-width:1180px;margin:0 auto">
<input type="hidden" name="replayid" value="nu-524235747" />
<div class="battle"></div><div class="battle-log"></div><div class="replay-controls"></div><div class="replay-controls-2"></div>
<h1 style="font-weight:normal;text-align:center"><strong>NU</strong><br /><a href="http://pokemonshowdown.com/users/valderek" class="subtle" target="_blank">Valderek</a> vs. <a href="http://pokemonshowdown.com/users/duckpirate" class="subtle" target="_blank">duckpirate</a></h1>
<script type="text/plain" class="battle-log-data">|j|Valderek
|j|duckpirate
|player|p1|Valderek|169
|player|p2|duckpirate|169
|gametype|singles
|gen|6
|tier|NU
|rated
|seed|45104,53403,59582,4254
|rule|Sleep Clause Mod: Limit one foe put to sleep
|rule|Species Clause: Limit one of each Pokémon
|rule|OHKO Clause: OHKO moves are banned
|rule|Moody Clause: Moody is banned
|rule|Evasion Moves Clause: Evasion moves are banned
|rule|Endless Battle Clause: Forcing endless battles is banned
|rule|HP Percentage Mod: HP is shown in percentages
|clearpoke
|poke|p1|Torterra, M|item
|poke|p1|Weezing, F|item
|poke|p1|Hypno, F|item
|poke|p1|Scraggy, F|item
|poke|p1|Swanna, M|item
|poke|p1|Manectric, F|item
|poke|p2|Swellow, M|item
|poke|p2|Gastrodon, M|item
|poke|p2|Xatu, F|item
|poke|p2|Trevenant, M|item
|poke|p2|Mantine, M, shiny|item
|poke|p2|Klinklang|item
|rule|Swagger Clause: Swagger is banned
|rule|Baton Pass Clause: Limit one Baton Passer, can't pass Spe and other stats simultaneously
|teampreview
|choice|team 1, team 2, team 3, team 4, team 5, team 6|team 4, team 2, team 3, team 1, team 5, team 6
|
|start
|switch|p1a: Torterra|Torterra, M|394\/394
|switch|p2a: Trevenant|Trevenant, M|311\/311
|turn|1
|choice|switch 4|switch 3
|
|switch|p1a: Scraggy|Scraggy, F|304\/304
|switch|p2a: Xatu|Xatu, F|271\/271
|
|upkeep
|turn|2
|choice|move knockoff|switch 2
|
|switch|p2a: Gastrodon|Gastrodon, M|363\/363
|move|p1a: Scraggy|Knock Off|p2a: Gastrodon
|-damage|p2a: Gastrodon|276\/363
|-enditem|p2a: Gastrodon|Leftovers|[from] move: Knock Off|[of] p1a: Scraggy
|
|upkeep
|turn|3
|choice|switch 4|move scald
|
|switch|p1a: Torterra|Torterra, M|394\/394
|move|p2a: Gastrodon|Scald|p1a: Torterra
|-damage|p1a: Torterra|307\/394
|-status|p1a: Torterra|brn
|
|-heal|p1a: Torterra|331\/394 brn|[from] item: Leftovers
|-damage|p1a: Torterra|282\/394 brn|[from] brn
|upkeep
|turn|4
|choice|move leechseed|switch 2
|
|switch|p2a: Xatu|Xatu, F|271\/271
|move|p1a: Torterra|Leech Seed|p2a: Xatu
|move|p2a: Xatu|Leech Seed|p1a: Torterra|[from]Magic Bounce
|-immune|p1a: Torterra|[msg]
|
|-heal|p1a: Torterra|306\/394 brn|[from] item: Leftovers
|-damage|p1a: Torterra|257\/394 brn|[from] brn
|upkeep
|turn|5
|choice|switch 4|move reflect
|
|switch|p1a: Scraggy|Scraggy, F|304\/304
|move|p2a: Xatu|Reflect|p2a: Xatu
|-sidestart|p2: duckpirate|Reflect
|
|upkeep
|turn|6
|choice|switch 5|move uturn
|
|switch|p1a: Swanna|Swanna, M|291\/291
|move|p2a: Xatu|U-turn|p1a: Swanna
|-resisted|p1a: Swanna
|-damage|p1a: Swanna|265\/291
|choice||switch 6
|
|switch|p2a: Klinklang|Klinklang|261\/261
|
|upkeep
|turn|7
|choice|move surf|move shiftgear
|
|move|p1a: Swanna|Surf|p2a: Klinklang
|-damage|p2a: Klinklang|80\/261
|-damage|p1a: Swanna|236\/291|[from] item: Life Orb
|move|p2a: Klinklang|Shift Gear|p2a: Klinklang
|-boost|p2a: Klinklang|spe|2
|-boost|p2a: Klinklang|atk|1
|
|-heal|p2a: Klinklang|96\/261|[from] item: Leftovers
|upkeep
|turn|8
|choice|switch 2|move wildcharge
|
|switch|p1a: Weezing|Weezing, F|334\/334
|move|p2a: Klinklang|Wild Charge|p1a: Weezing
|-damage|p1a: Weezing|228\/334
|-damage|p2a: Klinklang|69\/261|[from] recoil|[of] p1a: Weezing
|
|-heal|p2a: Klinklang|85\/261|[from] item: Leftovers
|-heal|p1a: Weezing|248\/334|[from] item: Black Sludge
|upkeep
|turn|9
|choice|move willowisp|move geargrind
|
|move|p2a: Klinklang|Gear Grind|p1a: Weezing
|-damage|p1a: Weezing|158\/334
|-damage|p1a: Weezing|74\/334
|-hitcount|p1a: Weezing|2
|move|p1a: Weezing|Will-O-Wisp|p2a: Klinklang
|-status|p2a: Klinklang|brn
|
|-heal|p2a: Klinklang|101\/261 brn|[from] item: Leftovers
|-heal|p1a: Weezing|94\/334|[from] item: Black Sludge
|-damage|p2a: Klinklang|69\/261 brn|[from] brn
|upkeep
|turn|10
|choice|move toxicspikes|move shiftgear
|
|move|p2a: Klinklang|Shift Gear|p2a: Klinklang
|-boost|p2a: Klinklang|spe|2
|-boost|p2a: Klinklang|atk|1
|move|p1a: Weezing|Toxic Spikes|p2a: Klinklang
|-sidestart|p2: duckpirate|move: Toxic Spikes
|
|-heal|p2a: Klinklang|85\/261 brn|[from] item: Leftovers
|-heal|p1a: Weezing|114\/334|[from] item: Black Sludge
|-damage|p2a: Klinklang|53\/261 brn|[from] brn
|upkeep
|turn|11
|choice|move toxicspikes|move shiftgear
|
|move|p2a: Klinklang|Shift Gear|p2a: Klinklang
|-boost|p2a: Klinklang|spe|2
|-boost|p2a: Klinklang|atk|1
|move|p1a: Weezing|Toxic Spikes|p2a: Klinklang
|-sidestart|p2: duckpirate|move: Toxic Spikes
|
|-heal|p2a: Klinklang|69\/261 brn|[from] item: Leftovers
|-heal|p1a: Weezing|134\/334|[from] item: Black Sludge
|-damage|p2a: Klinklang|37\/261 brn|[from] brn
|upkeep
|turn|12
|choice|move taunt|move geargrind
|
|move|p2a: Klinklang|Gear Grind|p1a: Weezing
|-damage|p1a: Weezing|58\/334
|-damage|p1a: Weezing|0 fnt
|-hitcount|p1a: Weezing|2
|faint|p1a: Weezing
|
|-heal|p2a: Klinklang|53\/261 brn|[from] item: Leftovers
|-damage|p2a: Klinklang|21\/261 brn|[from] brn
|-sideend|p2: duckpirate|Reflect
|upkeep
|choice|switch 6|
|
|switch|p1a: Manectric|Manectric, F|281\/281
|turn|13
|choice|switch 4|move return
|
|switch|p1a: Torterra|Torterra, M|257\/394 brn
|move|p2a: Klinklang|Return|p1a: Torterra
|-crit|p1a: Torterra
|-damage|p1a: Torterra|53\/394 brn
|
|-heal|p2a: Klinklang|37\/261 brn|[from] item: Leftovers
|-heal|p1a: Torterra|77\/394 brn|[from] item: Leftovers
|-damage|p2a: Klinklang|5\/261 brn|[from] brn
|-damage|p1a: Torterra|28\/394 brn|[from] brn
|upkeep
|turn|14
|choice|move earthquake|move return
|
|move|p2a: Klinklang|Return|p1a: Torterra
|-damage|p1a: Torterra|0 fnt
|faint|p1a: Torterra
|
|-heal|p2a: Klinklang|21\/261 brn|[from] item: Leftovers
|-damage|p2a: Klinklang|0 fnt|[from] brn
|upkeep
|faint|p2a: Klinklang
|choice|switch 4|switch 5
|
|switch|p1a: Manectric|Manectric, F|281\/281
|switch|p2a: Mantine|Mantine, M, shiny|334\/334
|turn|15
|choice|move voltswitch|switch 2
|
|switch|p2a: Gastrodon|Gastrodon, M|276\/363
|-status|p2a: Gastrodon|tox
|move|p1a: Manectric|Volt Switch|p2a: Gastrodon
|-immune|p2a: Gastrodon|[msg]
|
|-damage|p2a: Gastrodon|254\/363 tox|[from] psn
|upkeep
|turn|16
|choice|switch 5|switch 2
|
|switch|p1a: Scraggy|Scraggy, F|304\/304
|switch|p2a: Mantine|Mantine, M, shiny|334\/334
|
|upkeep
|turn|17
|choice|move bulkup|move defog
|
|move|p2a: Mantine|Defog|p1a: Scraggy
|-unboost|p1a: Scraggy|evasion|1
|-sideend|p2: duckpirate|Toxic Spikes|[from] move: Defog|[of] p2a: Mantine
|move|p1a: Scraggy|Bulk Up|p1a: Scraggy
|-boost|p1a: Scraggy|atk|1
|-boost|p1a: Scraggy|def|1
|
|upkeep
|turn|18
|choice|move knockoff|move scald
|
|move|p2a: Mantine|Scald|p1a: Scraggy
|-damage|p1a: Scraggy|253\/304
|move|p1a: Scraggy|Knock Off|p2a: Mantine
|-damage|p2a: Mantine|165\/334
|-enditem|p2a: Mantine|Leftovers|[from] move: Knock Off|[of] p1a: Scraggy
|
|upkeep
|turn|19
|choice|move knockoff|move scald
|
|move|p2a: Mantine|Scald|p1a: Scraggy
|-damage|p1a: Scraggy|208\/304
|move|p1a: Scraggy|Knock Off|p2a: Mantine
|-damage|p2a: Mantine|47\/334
|
|upkeep
|turn|20
|choice|move rest|move scald
|
|move|p2a: Mantine|Scald|p1a: Scraggy
|-damage|p1a: Scraggy|159\/304
|-status|p1a: Scraggy|brn
|move|p1a: Scraggy|Rest|p1a: Scraggy
|-status|p1a: Scraggy|slp
|-heal|p1a: Scraggy|304\/304 slp|[silent]
|-status|p1a: Scraggy|slp|[from] move: Rest
|
|upkeep
|turn|21
|choice|move drainpunch|switch 3
|
|switch|p2a: Trevenant|Trevenant, M|311\/311
|cant|p1a: Scraggy|slp
|
|upkeep
|turn|22
|choice|move knockoff|move leechseed
|
|move|p2a: Trevenant|Leech Seed|p1a: Scraggy
|-start|p1a: Scraggy|move: Leech Seed
|cant|p1a: Scraggy|slp
|
|-activate|p1a: Scraggy|ability: Shed Skin
|-curestatus|p1a: Scraggy|slp|[msg]
|-damage|p1a: Scraggy|266\/304|[from] Leech Seed|[of] p2a: Trevenant
|upkeep
|turn|23
|choice|move knockoff|move protect
|
|move|p2a: Trevenant|Protect|p2a: Trevenant
|-singleturn|p2a: Trevenant|Protect
|move|p1a: Scraggy|Knock Off|p2a: Trevenant
|-activate|p2a: Trevenant|move: Protect
|
|-damage|p1a: Scraggy|228\/304|[from] Leech Seed|[of] p2a: Trevenant
|upkeep
|turn|24
|choice|move knockoff|switch 3
|
|switch|p2a: Mantine|Mantine, M, shiny|47\/334
|move|p1a: Scraggy|Knock Off|p2a: Mantine
|-crit|p2a: Mantine
|-damage|p2a: Mantine|0 fnt
|faint|p2a: Mantine
|
|upkeep
|choice||switch 4
|
|switch|p2a: Swellow|Swellow, M|261\/261
|turn|25
|choice|move drainpunch|move boomburst
|
|move|p2a: Swellow|Boomburst|p1a: Scraggy
|-crit|p1a: Scraggy
|-damage|p1a: Scraggy|38\/304
|move|p1a: Scraggy|Drain Punch|p2a: Swellow
|-damage|p2a: Swellow|105\/261
|-heal|p1a: Scraggy|116\/304|[from] drain|[of] p2a: Swellow
|
|-damage|p1a: Scraggy|78\/304|[from] Leech Seed|[of] p2a: Swellow
|-heal|p2a: Swellow|143\/261|[silent]
|upkeep
|turn|26
|choice|switch 3|move boomburst
|
|switch|p1a: Hypno|Hypno, F|374\/374
|move|p2a: Swellow|Boomburst|p1a: Hypno
|-damage|p1a: Hypno|218\/374
|
|-heal|p1a: Hypno|241\/374|[from] item: Leftovers
|upkeep
|turn|27
|choice|move wish|switch 3
|
|switch|p2a: Trevenant|Trevenant, M|311\/311
|move|p1a: Hypno|Wish|p1a: Hypno
|
|-heal|p1a: Hypno|264\/374|[from] item: Leftovers
|upkeep
|turn|28
|choice|switch 3|move willowisp
|
|switch|p1a: Scraggy|Scraggy, F|78\/304
|move|p2a: Trevenant|Will-O-Wisp|p1a: Scraggy
|-status|p1a: Scraggy|brn
|
|-heal|p1a: Scraggy|265\/304 brn|[from] move: Wish|[wisher] Hypno
|-damage|p1a: Scraggy|227\/304 brn|[from] brn
|upkeep
|turn|29
|choice|move bulkup|move leechseed
|
|move|p2a: Trevenant|Leech Seed|p1a: Scraggy|[miss]
|-miss|p2a: Trevenant|p1a: Scraggy
|move|p1a: Scraggy|Bulk Up|p1a: Scraggy
|-boost|p1a: Scraggy|atk|1
|-boost|p1a: Scraggy|def|1
|
|-activate|p1a: Scraggy|ability: Shed Skin
|-curestatus|p1a: Scraggy|brn|[msg]
|upkeep
|turn|30
|choice|move bulkup|move protect
|
|move|p2a: Trevenant|Protect|p2a: Trevenant
|-singleturn|p2a: Trevenant|Protect
|move|p1a: Scraggy|Bulk Up|p1a: Scraggy
|-boost|p1a: Scraggy|atk|1
|-boost|p1a: Scraggy|def|1
|
|upkeep
|turn|31
|choice|move bulkup|switch 2
|
|switch|p2a: Gastrodon|Gastrodon, M|254\/363 tox
|move|p1a: Scraggy|Bulk Up|p1a: Scraggy
|-boost|p1a: Scraggy|atk|1
|-boost|p1a: Scraggy|def|1
|
|-damage|p2a: Gastrodon|232\/363 tox|[from] psn
|upkeep
|turn|32
|choice|move drainpunch|move toxic
|
|move|p1a: Scraggy|Drain Punch|p2a: Gastrodon
|-damage|p2a: Gastrodon|78\/363 tox
|-heal|p1a: Scraggy|304\/304|[from] drain|[of] p2a: Gastrodon
|move|p2a: Gastrodon|Toxic|p1a: Scraggy
|-status|p1a: Scraggy|tox
|
|-damage|p1a: Scraggy|285\/304 tox|[from] psn
|-damage|p2a: Gastrodon|34\/363 tox|[from] psn
|upkeep
|turn|33
|choice|move drainpunch|switch 2
|
|switch|p2a: Trevenant|Trevenant, M|311\/311
|move|p1a: Scraggy|Drain Punch|p2a: Trevenant
|-immune|p2a: Trevenant|[msg]
|
|-activate|p1a: Scraggy|ability: Shed Skin
|-curestatus|p1a: Scraggy|tox|[msg]
|upkeep
|turn|34
|choice|move knockoff|move protect
|
|move|p2a: Trevenant|Protect|p2a: Trevenant
|-singleturn|p2a: Trevenant|Protect
|move|p1a: Scraggy|Knock Off|p2a: Trevenant
|-activate|p2a: Trevenant|move: Protect
|
|upkeep
|turn|35
|-message|duckpirate forfeited.
|
|win|Valderek
|player|p1
|player|p2
|l|duckpirate
|raw|Valderek's rating: 1311 &rarr; <strong>1321<\/strong><br \/>(+10 for winning)
|raw|duckpirate's rating: 1105 &rarr; <strong>1093<\/strong><br \/>(-12 for losing)</script>
</div>
<div class="battle-log battle-log-inline"><div class="inner"><div class="battle-options"></div><div class="inner"><div class="chat"><small>Valderek joined.</small></div><div class="chat"><small>duckpirate joined.</small></div><div class=""><small>Format:</small> <br><strong>NU</strong></div><div class="rated"><strong>Rated battle</strong></div><div class=""><small><em>Sleep Clause Mod:</em> Limit one foe put to sleep</small></div><div class=""><small><em>Species Clause:</em> Limit one of each Pokémon</small></div><div class=""><small><em>OHKO Clause:</em> OHKO moves are banned</small></div><div class=""><small><em>Moody Clause:</em> Moody is banned</small></div><div class=""><small><em>Evasion Moves Clause:</em> Evasion moves are banned</small></div><div class=""><small><em>Endless Battle Clause:</em> Forcing endless battles is banned</small></div><div class=""><small><em>HP Percentage Mod:</em> HP is shown in percentages</small></div><div class=""><small><em>Swagger Clause:</em> Swagger is banned</small></div><div class=""><small><em>Baton Pass Clause:</em> Limit one Baton Passer, can't pass Spe and other stats simultaneously</small></div><div class="chat battle-history"><strong>Valderek's team:</strong> <em style="color:#445566;display:block;">Torterra / Weezing / Hypno / Scraggy / Swanna / Manectric</em></div><div class="chat battle-history"><strong>duckpirate's team:</strong> <em style="color:#445566;display:block;">Swellow / Gastrodon / Xatu / Trevenant / Mantine / Klinklang</em></div><div class="spacer battle-history"><br></div><div class="battle-history">Battle started between Valderek and duckpirate!<br></div><div class="spacer battle-history"><br></div><div class="battle-history">Go! <strong>Torterra</strong>!<br></div><div class="spacer battle-history"><br></div><div class="battle-history">duckpirate sent out <strong>Trevenant</strong>!<br></div><div class="spacer battle-history"><br></div><h2 class="battle-history">Turn 1</h2><div class="spacer battle-history"><br></div><div class="battle-history">Torterra, come back!<br></div><div class="battle-history">Go! <strong>Scraggy</strong>!<br></div><div class="spacer battle-history"><br></div><div class="battle-history">duckpirate withdrew Trevenant!<br></div><div class="battle-history">duckpirate sent out <strong>Xatu</strong>!<br></div><div class="spacer battle-history"><br></div><h2 class="battle-history">Turn 2</h2><div class="spacer battle-history"><br></div><div class="battle-history">duckpirate withdrew Xatu!<br></div><div class="battle-history">duckpirate sent out <strong>Gastrodon</strong>!<br></div><div class="spacer battle-history"><br></div><div class="battle-history">Scraggy used <strong>Knock Off</strong>!<br></div><div class="battle-history"><small>(The opposing Gastrodon lost <abbr title="−87/363">24.0%</abbr> of its health!)</small><br></div><div class="battle-history"><small>Scraggy knocked off the opposing Gastrodon's Leftovers!</small><br></div><div class="spacer battle-history"><br></div><h2 class="battle-history">Turn 3</h2><div class="spacer battle-history"><br></div><div class="battle-history">Scraggy, come back!<br></div><div class="battle-history">Go! <strong>Torterra</strong>!<br></div><div class="spacer battle-history"><br></div><div class="battle-history">The opposing Gastrodon used <strong>Scald</strong>!<br></div><div class="battle-history"><small>(Torterra lost <abbr title="−87/394">22.1%</abbr> of its health!)</small><br></div><div class="battle-history"><small>Torterra was burned!</small><br></div><div class="spacer battle-history"><br></div><div class="battle-history"><small>Torterra restored a little HP using its Leftovers!</small><br></div><div class="battle-history"><small>Torterra was hurt by its burn!</small><br></div><div class="spacer battle-history"><br></div><h2 class="battle-history">Turn 4</h2><div class="spacer battle-history"><br></div><div class="battle-history">duckpirate withdrew Gastrodon!<br></div><div class="battle-history">duckpirate sent out <strong>Xatu</strong>!<br></div><div class="spacer battle-history"><br></div><div class="battle-history">Torterra used <strong>Leech Seed</strong>!<br></div><div class="spacer battle-history"><br></div><div class="battle-history"><small>[The opposing Xatu's Magic Bounce]</small><br>The opposing Xatu bounced the Leech Seed back!<br></div><div class="battle-history"><small>It doesn't affect Torterra...</small><br></div><div class="spacer battle-history"><br></div><div class="battle-history"><small>Torterra restored a little HP using its Leftovers!</small><br></div><div class="battle-history"><small>Torterra was hurt by its burn!</small><br></div><div class="spacer battle-history"><br></div><h2 class="battle-history">Turn 5</h2><div class="spacer battle-history"><br></div><div class="battle-history">Torterra, come back!<br></div><div class="battle-history">Go! <strong>Scraggy</strong>!<br></div><div class="spacer battle-history"><br></div><div class="battle-history">The opposing Xatu used <strong>Reflect</strong>!<br></div><div class="battle-history"><small>Reflect made the opposing team stronger against physical moves!</small><br></div><div class="spacer battle-history"><br></div><h2 class="battle-history">Turn 6</h2><div class="spacer battle-history"><br></div><div class="battle-history">Scraggy, come back!<br></div><div class="battle-history">Go! <strong>Swanna</strong>!<br></div><div class="spacer battle-history"><br></div><div class="battle-history">The opposing Xatu used <strong>U-turn</strong>!<br></div><div class="battle-history"><small>It's not very effective...</small><br></div><div class="battle-history"><small>(Swanna lost <abbr title="−26/291">8.9%</abbr> of its health!)</small><br></div><div class="spacer battle-history"><br></div><div class="battle-history">The opposing Xatu went back to duckpirate!<br></div><div class="battle-history">duckpirate sent out <strong>Klinklang</strong>!<br></div><div class="spacer battle-history"><br></div><h2 class="battle-history">Turn 7</h2><div class="spacer battle-history"><br></div><div class="battle-history">Swanna used <strong>Surf</strong>!<br></div><div class="battle-history"><small>(The opposing Klinklang lost <abbr title="−181/261">69.3%</abbr> of its health!)</small><br></div><div class="battle-history"><small>Swanna lost some of its HP!</small><br></div><div class="spacer battle-history"><br></div><div class="battle-history">The opposing Klinklang used <strong>Shift Gear</strong>!<br></div><div class="battle-history"><small>The opposing Klinklang's Speed rose sharply!</small><br></div><div class="battle-history"><small>The opposing Klinklang's Attack rose!</small><br></div><div class="spacer battle-history"><br></div><div class="battle-history"><small>The opposing Klinklang restored a little HP using its Leftovers!</small><br></div><div class="spacer battle-history"><br></div><h2 class="battle-history">Turn 8</h2><div class="spacer battle-history"><br></div><div class="battle-history">Swanna, come back!<br></div><div class="battle-history">Go! <strong>Weezing</strong>!<br></div><div class="spacer battle-history"><br></div><div class="battle-history">The opposing Klinklang used <strong>Wild Charge</strong>!<br></div><div class="battle-history"><small>(Weezing lost <abbr title="−106/334">31.7%</abbr> of its health!)</small><br></div><div class="battle-history"><small>The opposing Klinklang is damaged by the recoil!</small><br></div><div class="spacer battle-history"><br></div><div class="battle-history"><small>The opposing Klinklang restored a little HP using its Leftovers!</small><br></div><div class="battle-history"><small>Weezing restored a little HP using its Black Sludge!</small><br></div><div class="spacer battle-history"><br></div><h2 class="battle-history">Turn 9</h2><div class="spacer battle-history"><br></div><div class="battle-history">The opposing Klinklang used <strong>Gear Grind</strong>!<br></div><div class="battle-history"><small>(Weezing lost <abbr title="−90/334">26.9%</abbr> of its health!)</small><br></div><div class="battle-history"><small>(Weezing lost <abbr title="−84/334">25.1%</abbr> of its health!)</small><br></div><div class="battle-history"><small>Hit 2 times!</small><br></div><div class="spacer battle-history"><br></div><div class="battle-history">Weezing used <strong>Will-O-Wisp</strong>!<br></div><div class="battle-history"><small>The opposing Klinklang was burned!</small><br></div><div class="spacer battle-history"><br></div><div class="battle-history"><small>The opposing Klinklang restored a little HP using its Leftovers!</small><br></div><div class="battle-history"><small>Weezing restored a little HP using its Black Sludge!</small><br></div><div class="battle-history"><small>The opposing Klinklang was hurt by its burn!</small><br></div><div class="spacer battle-history"><br></div><h2 class="battle-history">Turn 10</h2><div class="spacer battle-history"><br></div><div class="battle-history">The opposing Klinklang used <strong>Shift Gear</strong>!<br></div><div class="battle-history"><small>The opposing Klinklang's Speed rose sharply!</small><br></div><div class="battle-history"><small>The opposing Klinklang's Attack rose!</small><br></div><div class="spacer battle-history"><br></div><div class="battle-history">Weezing used <strong>Toxic Spikes</strong>!<br></div><div class="battle-history"><small>Poison spikes were scattered on the ground all around the opposing team!</small><br></div><div class="spacer battle-history"><br></div><div class="battle-history"><small>The opposing Klinklang restored a little HP using its Leftovers!</small><br></div><div class="battle-history"><small>Weezing restored a little HP using its Black Sludge!</small><br></div><div class="battle-history"><small>The opposing Klinklang was hurt by its burn!</small><br></div><div class="spacer battle-history"><br></div><h2 class="battle-history">Turn 11</h2><div class="spacer battle-history"><br></div><div class="battle-history">The opposing Klinklang used <strong>Shift Gear</strong>!<br></div><div class="battle-history"><small>The opposing Klinklang's Speed rose sharply!</small><br></div><div class="battle-history"><small>The opposing Klinklang's Attack rose!</small><br></div><div class="spacer battle-history"><br></div><div class="battle-history">Weezing used <strong>Toxic Spikes</strong>!<br></div><div class="battle-history"><small>Poison spikes were scattered on the ground all around the opposing team!</small><br></div><div class="spacer battle-history"><br></div><div class="battle-history"><small>The opposing Klinklang restored a little HP using its Leftovers!</small><br></div><div class="battle-history"><small>Weezing restored a little HP using its Black Sludge!</small><br></div><div class="battle-history"><small>The opposing Klinklang was hurt by its burn!</small><br></div><div class="spacer battle-history"><br></div><h2 class="battle-history">Turn 12</h2><div class="spacer battle-history"><br></div><div class="battle-history">The opposing Klinklang used <strong>Gear Grind</strong>!<br></div><div class="battle-history"><small>(Weezing lost <abbr title="−76/334">22.8%</abbr> of its health!)</small><br></div><div class="battle-history"><small>(Weezing lost <abbr title="−58/334">17.4%</abbr> of its health!)</small><br></div><div class="battle-history"><small>Hit 2 times!</small><br></div><div class="spacer battle-history"><br></div><div class="battle-history">Weezing fainted!<br></div><div class="spacer battle-history"><br></div><div class="battle-history"><small>The opposing Klinklang restored a little HP using its Leftovers!</small><br></div><div class="battle-history"><small>The opposing Klinklang was hurt by its burn!</small><br></div><div class="battle-history"><small>The opposing team's Reflect wore off!</small><br></div><div class="spacer battle-history"><br></div><div class="battle-history">Go! <strong>Manectric</strong>!<br></div><div class="spacer battle-history"><br></div><h2 class="battle-history">Turn 13</h2><div class="spacer battle-history"><br></div><div class="battle-history">Manectric, come back!<br></div><div class="battle-history">Go! <strong>Torterra</strong>!<br></div><div class="spacer battle-history"><br></div><div class="battle-history">The opposing Klinklang used <strong>Return</strong>!<br></div><div class="battle-history"><small>A critical hit!</small><br></div><div class="battle-history"><small>(Torterra lost <abbr title="−204/394">51.8%</abbr> of its health!)</small><br></div><div class="spacer battle-history"><br></div><div class="battle-history"><small>The opposing Klinklang restored a little HP using its Leftovers!</small><br></div><div class="battle-history"><small>Torterra restored a little HP using its Leftovers!</small><br></div><div class="battle-history"><small>The opposing Klinklang was hurt by its burn!</small><br></div><div class="battle-history"><small>Torterra was hurt by its burn!</small><br></div><div class="spacer battle-history"><br></div><h2 class="battle-history">Turn 14</h2><div class="spacer battle-history"><br></div><div class="battle-history">The opposing Klinklang used <strong>Return</strong>!<br></div><div class="battle-history"><small>(Torterra lost <abbr title="−28/394">7.1%</abbr> of its health!)</small><br></div><div class="spacer battle-history"><br></div><div class="battle-history">Torterra fainted!<br></div><div class="spacer battle-history"><br></div><div class="battle-history"><small>The opposing Klinklang restored a little HP using its Leftovers!</small><br></div><div class="battle-history"><small>The opposing Klinklang was hurt by its burn!</small><br></div><div class="spacer battle-history"><br></div><div class="battle-history">The opposing Klinklang fainted!<br></div><div class="spacer battle-history"><br></div><div class="battle-history">Go! <strong>Manectric</strong>!<br></div><div class="spacer battle-history"><br></div><div class="battle-history">duckpirate sent out <strong>Mantine</strong>!<br></div><div class="spacer battle-history"><br></div><h2 class="battle-history">Turn 15</h2><div class="spacer battle-history"><br></div><div class="battle-history">duckpirate withdrew Mantine!<br></div><div class="battle-history">duckpirate sent out <strong>Gastrodon</strong>!<br></div><div class="battle-history"><small>The opposing Gastrodon was badly poisoned!</small><br></div><div class="spacer battle-history"><br></div><div class="battle-history">Manectric used <strong>Volt Switch</strong>!<br></div><div class="battle-history"><small>It doesn't affect the opposing Gastrodon...</small><br></div><div class="spacer battle-history"><br></div><div class="battle-history"><small>The opposing Gastrodon was hurt by poison!</small><br></div><div class="spacer battle-history"><br></div><h2 class="battle-history">Turn 16</h2><div class="spacer battle-history"><br></div><div class="battle-history">Manectric went back to Valderek!<br></div><div class="battle-history">Go! <strong>Scraggy</strong>!<br></div><div class="spacer battle-history"><br></div><div class="battle-history">duckpirate withdrew Gastrodon!<br></div><div class="battle-history">duckpirate sent out <strong>Mantine</strong>!<br></div><div class="spacer battle-history"><br></div><h2 class="battle-history">Turn 17</h2><div class="spacer battle-history"><br></div><div class="battle-history">The opposing Mantine used <strong>Defog</strong>!<br></div><div class="battle-history"><small>Scraggy's evasiveness fell!</small><br></div><div class="battle-history"><small>The poison spikes disappeared from the ground around the opposing team!</small><br></div><div class="spacer battle-history"><br></div><div class="battle-history">Scraggy used <strong>Bulk Up</strong>!<br></div><div class="battle-history"><small>Scraggy's Attack rose!</small><br></div><div class="battle-history"><small>Scraggy's Defense rose!</small><br></div><div class="spacer battle-history"><br></div><h2 class="battle-history">Turn 18</h2><div class="spacer battle-history"><br></div><div class="battle-history">The opposing Mantine used <strong>Scald</strong>!<br></div><div class="battle-history"><small>(Scraggy lost <abbr title="−51/304">16.8%</abbr> of its health!)</small><br></div><div class="spacer battle-history"><br></div><div class="battle-history">Scraggy used <strong>Knock Off</strong>!<br></div><div class="battle-history"><small>(The opposing Mantine lost <abbr title="−169/334">50.6%</abbr> of its health!)</small><br></div><div class="battle-history"><small>Scraggy knocked off the opposing Mantine's Leftovers!</small><br></div><div class="spacer battle-history"><br></div><h2 class="battle-history">Turn 19</h2><div class="spacer battle-history"><br></div><div class="battle-history">The opposing Mantine used <strong>Scald</strong>!<br></div><div class="battle-history"><small>(Scraggy lost <abbr title="−45/304">14.8%</abbr> of its health!)</small><br></div><div class="spacer battle-history"><br></div><div class="battle-history">Scraggy used <strong>Knock Off</strong>!<br></div><div class="battle-history"><small>(The opposing Mantine lost <abbr title="−118/334">35.3%</abbr> of its health!)</small><br></div><div class="spacer battle-history"><br></div><h2 class="battle-history">Turn 20</h2><div class="spacer battle-history"><br></div><div class="battle-history">The opposing Mantine used <strong>Scald</strong>!<br></div><div class="battle-history"><small>(Scraggy lost <abbr title="−49/304">16.1%</abbr> of its health!)</small><br></div><div class="battle-history"><small>Scraggy was burned!</small><br></div><div class="spacer battle-history"><br></div><div class="battle-history">Scraggy used <strong>Rest</strong>!<br></div><div class="battle-history"><small>Scraggy fell asleep!</small><br></div><div class="battle-history"><small>Scraggy slept and became healthy!</small><br></div><div class="spacer battle-history"><br></div><h2 class="battle-history">Turn 21</h2><div class="spacer battle-history"><br></div><div class="battle-history">duckpirate withdrew Mantine!<br></div><div class="battle-history">duckpirate sent out <strong>Trevenant</strong>!<br></div><div class="spacer battle-history"><br></div><div class="battle-history">Scraggy is fast asleep.<br></div><div class="spacer battle-history"><br></div><h2 class="battle-history">Turn 22</h2><div class="spacer battle-history"><br></div><div class="battle-history">The opposing Trevenant used <strong>Leech Seed</strong>!<br></div><div class="battle-history"><small>Scraggy was seeded!</small><br></div><div class="spacer battle-history"><br></div><div class="battle-history">Scraggy is fast asleep.<br></div><div class="spacer battle-history"><br></div><div class="battle-history"><small>[Scraggy's Shed Skin]</small><br></div><div class="battle-history"><small>Scraggy woke up!</small><br></div><div class="battle-history"><small>Scraggy's health is sapped by Leech Seed!</small><br></div><div class="spacer battle-history"><br></div><h2 class="battle-history">Turn 23</h2><div class="spacer battle-history"><br></div><div class="battle-history">The opposing Trevenant used <strong>Protect</strong>!<br></div><div class="battle-history"><small>The opposing Trevenant protected itself!</small><br></div><div class="spacer battle-history"><br></div><div class="battle-history">Scraggy used <strong>Knock Off</strong>!<br></div><div class="battle-history"><small>The opposing Trevenant protected itself!</small><br></div><div class="spacer battle-history"><br></div><div class="battle-history"><small>Scraggy's health is sapped by Leech Seed!</small><br></div><div class="spacer battle-history"><br></div><h2 class="battle-history">Turn 24</h2><div class="spacer battle-history"><br></div><div class="battle-history">duckpirate withdrew Trevenant!<br></div><div class="battle-history">duckpirate sent out <strong>Mantine</strong>!<br></div><div class="spacer battle-history"><br></div><div class="battle-history">Scraggy used <strong>Knock Off</strong>!<br></div><div class="battle-history"><small>A critical hit!</small><br></div><div class="battle-history"><small>(The opposing Mantine lost <abbr title="−47/334">14.1%</abbr> of its health!)</small><br></div><div class="spacer battle-history"><br></div><div class="battle-history">The opposing Mantine fainted!<br></div><div class="spacer battle-history"><br></div><div class="battle-history">duckpirate sent out <strong>Swellow</strong>!<br></div><div class="spacer battle-history"><br></div><h2 class="battle-history">Turn 25</h2><div class="spacer battle-history"><br></div><div class="battle-history">The opposing Swellow used <strong>Boomburst</strong>!<br></div><div class="battle-history"><small>A critical hit!</small><br></div><div class="battle-history"><small>(Scraggy lost <abbr title="−190/304">62.5%</abbr> of its health!)</small><br></div><div class="spacer battle-history"><br></div><div class="battle-history">Scraggy used <strong>Drain Punch</strong>!<br></div><div class="battle-history"><small>(The opposing Swellow lost <abbr title="−156/261">59.8%</abbr> of its health!)</small><br></div><div class="battle-history"><small>The opposing Swellow had its energy drained!</small><br></div><div class="spacer battle-history"><br></div><div class="battle-history"><small>Scraggy's health is sapped by Leech Seed!</small><br></div><div class="spacer battle-history"><br></div><h2 class="battle-history">Turn 26</h2><div class="spacer battle-history"><br></div><div class="battle-history">Scraggy, come back!<br></div><div class="battle-history">Go! <strong>Hypno</strong>!<br></div><div class="spacer battle-history"><br></div><div class="battle-history">The opposing Swellow used <strong>Boomburst</strong>!<br></div><div class="battle-history"><small>(Hypno lost <abbr title="−156/374">41.7%</abbr> of its health!)</small><br></div><div class="spacer battle-history"><br></div><div class="battle-history"><small>Hypno restored a little HP using its Leftovers!</small><br></div><div class="spacer battle-history"><br></div><h2 class="battle-history">Turn 27</h2><div class="spacer battle-history"><br></div><div class="battle-history">duckpirate withdrew Swellow!<br></div><div class="battle-history">duckpirate sent out <strong>Trevenant</strong>!<br></div><div class="spacer battle-history"><br></div><div class="battle-history">Hypno used <strong>Wish</strong>!<br></div><div class="spacer battle-history"><br></div><div class="battle-history"><small>Hypno restored a little HP using its Leftovers!</small><br></div><div class="spacer battle-history"><br></div><h2 class="battle-history">Turn 28</h2><div class="spacer battle-history"><br></div><div class="battle-history">Hypno, come back!<br></div><div class="battle-history">Go! <strong>Scraggy</strong>!<br></div><div class="spacer battle-history"><br></div><div class="battle-history">The opposing Trevenant used <strong>Will-O-Wisp</strong>!<br></div><div class="battle-history"><small>Scraggy was burned!</small><br></div><div class="spacer battle-history"><br></div><div class="battle-history"><small>Hypno's wish came true!</small><br></div><div class="battle-history"><small>Scraggy was hurt by its burn!</small><br></div><div class="spacer battle-history"><br></div><h2 class="battle-history">Turn 29</h2><div class="spacer battle-history"><br></div><div class="battle-history">The opposing Trevenant used <strong>Leech Seed</strong>!<br></div><div class="battle-history"><small>Scraggy avoided the attack!</small><br></div><div class="spacer battle-history"><br></div><div class="battle-history">Scraggy used <strong>Bulk Up</strong>!<br></div><div class="battle-history"><small>Scraggy's Attack rose!</small><br></div><div class="battle-history"><small>Scraggy's Defense rose!</small><br></div><div class="spacer battle-history"><br></div><div class="battle-history"><small>[Scraggy's Shed Skin]</small><br></div><div class="battle-history"><small>Scraggy's burn was healed.</small><br></div><div class="spacer battle-history"><br></div><h2 class="battle-history">Turn 30</h2><div class="spacer battle-history"><br></div><div class="battle-history">The opposing Trevenant used <strong>Protect</strong>!<br></div><div class="battle-history"><small>The opposing Trevenant protected itself!</small><br></div><div class="spacer battle-history"><br></div><div class="battle-history">Scraggy used <strong>Bulk Up</strong>!<br></div><div class="battle-history"><small>Scraggy's Attack rose!</small><br></div><div class="battle-history"><small>Scraggy's Defense rose!</small><br></div><div class="spacer battle-history"><br></div><h2 class="battle-history">Turn 31</h2><div class="spacer battle-history"><br></div><div class="battle-history">duckpirate withdrew Trevenant!<br></div><div class="battle-history">duckpirate sent out <strong>Gastrodon</strong>!<br></div><div class="spacer battle-history"><br></div><div class="battle-history">Scraggy used <strong>Bulk Up</strong>!<br></div><div class="battle-history"><small>Scraggy's Attack rose!</small><br></div><div class="battle-history"><small>Scraggy's Defense rose!</small><br></div><div class="spacer battle-history"><br></div><div class="battle-history"><small>The opposing Gastrodon was hurt by poison!</small><br></div><div class="spacer battle-history"><br></div><h2 class="battle-history">Turn 32</h2><div class="spacer battle-history"><br></div><div class="battle-history">Scraggy used <strong>Drain Punch</strong>!<br></div><div class="battle-history"><small>(The opposing Gastrodon lost <abbr title="−154/363">42.4%</abbr> of its health!)</small><br></div><div class="battle-history"><small>The opposing Gastrodon had its energy drained!</small><br></div><div class="spacer battle-history"><br></div><div class="battle-history">The opposing Gastrodon used <strong>Toxic</strong>!<br></div><div class="battle-history"><small>Scraggy was badly poisoned!</small><br></div><div class="spacer battle-history"><br></div><div class="battle-history"><small>Scraggy was hurt by poison!</small><br></div><div class="battle-history"><small>The opposing Gastrodon was hurt by poison!</small><br></div><div class="spacer battle-history"><br></div><h2 class="battle-history">Turn 33</h2><div class="spacer battle-history"><br></div><div class="battle-history">duckpirate withdrew Gastrodon!<br></div><div class="battle-history">duckpirate sent out <strong>Trevenant</strong>!<br></div><div class="spacer battle-history"><br></div><div class="battle-history">Scraggy used <strong>Drain Punch</strong>!<br></div><div class="battle-history"><small>It doesn't affect the opposing Trevenant...</small><br></div><div class="spacer battle-history"><br></div><div class="battle-history"><small>[Scraggy's Shed Skin]</small><br></div><div class="battle-history"><small>Scraggy was cured of its poisoning.</small><br></div><div class="spacer battle-history"><br></div><h2 class="battle-history">Turn 34</h2><div class="spacer battle-history"><br></div><div class="battle-history">The opposing Trevenant used <strong>Protect</strong>!<br></div><div class="battle-history"><small>The opposing Trevenant protected itself!</small><br></div><div class="spacer battle-history"><br></div><div class="battle-history">Scraggy used <strong>Knock Off</strong>!<br></div><div class="battle-history"><small>The opposing Trevenant protected itself!</small><br></div><div class="spacer battle-history"><br></div><h2 class="battle-history">Turn 35</h2><div class="spacer battle-history"><br></div><div class="battle-history"><small>duckpirate forfeited.</small><br></div><div class="spacer battle-history"><br></div><div class="battle-history"><strong>Valderek</strong> won the battle!<br></div><div class="chat"><small>duckpirate left.</small></div><div class="chat">Valderek's rating: 1311 → <strong>1321</strong><br>(+10 for winning)</div><div class="chat">duckpirate's rating: 1105 → <strong>1093</strong><br>(-12 for losing)</div></div><div class="inner-preempt"></div></div></div>
</div>
<script>
let daily = Math.floor(Date.now()/1000/60/60/24);document.write('<script src="https://play.pokemonshowdown.com/js/replay-embed.js?version'+daily+'"></'+'script>');
</script>
