<!DOCTYPE html>
<meta charset="utf-8" />
<!-- version 1 -->
<title>NU replay: leog044 vs. Parkzy-YouTube</title>
<style>
html,body {font-family:Verdana, sans-serif;font-size:10pt;margin:0;padding:0;}body{padding:12px 0;} .battle-log {font-family:Verdana, sans-serif;font-size:10pt;} .battle-log-inline {border:1px solid #AAAAAA;background:#EEF2F5;color:black;max-width:640px;margin:0 auto 80px;padding-bottom:5px;} .battle-log .inner {padding:4px 8px 0px 8px;} .battle-log .inner-preempt {padding:0 8px 4px 8px;} .battle-log .inner-after {margin-top:0.5em;} .battle-log h2 {margin:0.5em -8px;padding:4px 8px;border:1px solid #AAAAAA;background:#E0E7EA;border-left:0;border-right:0;font-family:Verdana, sans-serif;font-size:13pt;} .battle-log .chat {vertical-align:middle;padding:3px 0 3px 0;font-size:8pt;} .battle-log .chat strong {color:#40576A;} .battle-log .chat em {padding:1px 4px 1px 3px;color:#000000;font-style:normal;} .chat.mine {background:rgba(0,0,0,0.05);margin-left:-8px;margin-right:-8px;padding-left:8px;padding-right:8px;} .spoiler {color:#BBBBBB;background:#BBBBBB;padding:0px 3px;} .spoiler:hover, .spoiler:active, .spoiler-shown {color:#000000;background:#E2E2E2;padding:0px 3px;} .spoiler a {color:#BBBBBB;} .spoiler:hover a, .spoiler:active a, .spoiler-shown a {color:#2288CC;} .chat code, .chat .spoiler:hover code, .chat .spoiler:active code, .chat .spoiler-shown code {border:1px solid #C0C0C0;background:#EEEEEE;color:black;padding:0 2px;} .chat .spoiler code {border:1px solid #CCCCCC;background:#CCCCCC;color:#CCCCCC;} .battle-log .rated {padding:3px 4px;} .battle-log .rated strong {color:white;background:#89A;padding:1px 4px;border-radius:4px;} .spacer {margin-top:0.5em;} .message-announce {background:#6688AA;color:white;padding:1px 4px 2px;} .message-announce a, .broadcast-green a, .broadcast-blue a, .broadcast-red a {color:#DDEEFF;} .broadcast-green {background-color:#559955;color:white;padding:2px 4px;} .broadcast-blue {background-color:#6688AA;color:white;padding:2px 4px;} .infobox {border:1px solid #6688AA;padding:2px 4px;} .infobox-limited {max-height:200px;overflow:auto;overflow-x:hidden;} .broadcast-red {background-color:#AA5544;color:white;padding:2px 4px;} .message-learn-canlearn {font-weight:bold;color:#228822;text-decoration:underline;} .message-learn-cannotlearn {font-weight:bold;color:#CC2222;text-decoration:underline;} .message-effect-weak {font-weight:bold;color:#CC2222;} .message-effect-resist {font-weight:bold;color:#6688AA;} .message-effect-immune {font-weight:bold;color:#666666;} .message-learn-list {margin-top:0;margin-bottom:0;} .message-throttle-notice, .message-error {color:#992222;} .message-overflow, .chat small.message-overflow {font-size:0pt;} .message-overflow::before {font-size:9pt;content:'...';} .subtle {color:#3A4A66;}
</style>
<div class="wrapper replay-wrapper" style="max-width:1180px;margin:0 auto">
<input type="hidden" name="replayid" value="nu-505839292" />
<div class="battle"></div><div class="battle-log"></div><div class="replay-controls"></div><div class="replay-controls-2"></div>
<h1 style="font-weight:normal;text-align:center"><strong>NU</strong><br /><a href="http://pokemonshowdown.com/users/leog044" class="subtle" target="_blank">leog044</a> vs. <a href="http://pokemonshowdown.com/users/parkzyyoutube" class="subtle" target="_blank">Parkzy-YouTube</a></h1>
<script type="text/plain" class="battle-log-data">|j|leog044
|j|Parkzy-YouTube
|player|p1|leog044|275
|player|p2|Parkzy-YouTube|84
|gametype|singles
|gen|6
|tier|NU
|rated
|seed|54728,29938,3177,58616
|rule|Sleep Clause Mod: Limit one foe put to sleep
|rule|Species Clause: Limit one of each Pokémon
|rule|OHKO Clause: OHKO moves are banned
|rule|Moody Clause: Moody is banned
|rule|Evasion Moves Clause: Evasion moves are banned
|rule|Endless Battle Clause: Forcing endless battles is banned
|rule|HP Percentage Mod: HP is shown in percentages
|clearpoke
|poke|p1|Victreebel, M|item
|poke|p1|Relicanth, F, shiny|item
|poke|p1|Liepard, F, shiny|item
|poke|p1|Ninetales, M, shiny|item
|poke|p1|Torterra, M|item
|poke|p1|Mismagius, F|item
|poke|p2|Ferroseed, M, shiny|item
|poke|p2|Primeape, M|item
|poke|p2|Smeargle, M|item
|poke|p2|Pyroar, M|item
|poke|p2|Cryogonal, shiny|item
|poke|p2|Gastrodon, F|item
|rule|Swagger Clause: Swagger is banned
|rule|Baton Pass Clause: Limit one Baton Passer, can't pass Spe and other stats simultaneously
|teampreview
|choice|team 3, team 2, team 1, team 4, team 5, team 6|team 3, team 2, team 1, team 4, team 5, team 6
|
|start
|switch|p1a: Liepard|Liepard, F, shiny|270\/270
|switch|p2a: Hax Mattered :(|Smeargle, M|251\/251
|turn|1
|choice|move fakeout|move sacredfire
|
|move|p1a: Liepard|Fake Out|p2a: Hax Mattered :(
|-damage|p2a: Hax Mattered :(|125\/251
|-damage|p1a: Liepard|243\/270|[from] item: Life Orb
|cant|p2a: Hax Mattered :(|flinch
|
|upkeep
|turn|2
|choice|move knockoff|switch 3
|
|switch|p2a: Forsaken|Ferroseed, M, shiny|292\/292
|move|p1a: Liepard|Knock Off|p2a: Forsaken
|-damage|p2a: Forsaken|193\/292
|-damage|p1a: Liepard|210\/270|[from] ability: Iron Barbs|[of] p2a: Forsaken
|-enditem|p2a: Forsaken|Eviolite|[from] move: Knock Off|[of] p1a: Liepard
|-damage|p1a: Liepard|183\/270|[from] item: Life Orb
|
|upkeep
|turn|3
|choice|switch 4|move stealthrock
|
|switch|p1a: Ninetales|Ninetales, M, shiny|319\/319
|move|p2a: Forsaken|Stealth Rock|p1a: Ninetales
|-sidestart|p1: leog044|move: Stealth Rock
|
|upkeep
|turn|4
|choice|move willowisp|switch 6
|
|switch|p2a: Ur mama|Gastrodon, F|426\/426
|move|p1a: Ninetales|Will-O-Wisp|p2a: Ur mama
|-status|p2a: Ur mama|brn
|
|-damage|p2a: Ur mama|373\/426 brn|[from] brn
|upkeep
|turn|5
|choice|move protect|move earthpower
|
|move|p1a: Ninetales|Protect|p1a: Ninetales
|-singleturn|p1a: Ninetales|Protect
|move|p2a: Ur mama|Earth Power|p1a: Ninetales
|-activate|p1a: Ninetales|move: Protect
|
|-damage|p2a: Ur mama|320\/426 brn|[from] brn
|upkeep
|turn|6
|choice|switch 6|move scald
|
|switch|p1a: Mismagius|Mismagius, F|261\/261
|-damage|p1a: Mismagius|229\/261|[from] Stealth Rock
|move|p2a: Ur mama|Scald|p1a: Mismagius
|-damage|p1a: Mismagius|180\/261
|
|-damage|p2a: Ur mama|267\/426 brn|[from] brn
|upkeep
|turn|7
|choice|move shadowball|switch 4
|
|switch|p2a: EMVEE|Pyroar, M|313\/313
|-ability|p2a: EMVEE|Unnerve|p1: leog044
|move|p1a: Mismagius|Shadow Ball|p2a: EMVEE
|-immune|p2a: EMVEE|[msg]
|
|upkeep
|turn|8
|choice|move powergem|switch 3
|
|switch|p2a: Hax Mattered :(|Smeargle, M|125\/251
|move|p1a: Mismagius|Power Gem|p2a: Hax Mattered :(
|-damage|p2a: Hax Mattered :(|0 fnt
|faint|p2a: Hax Mattered :(
|
|upkeep
|choice||switch 5
|
|switch|p2a: Fodder|Cryogonal, shiny|281\/281
|turn|9
|choice|switch 6|move icebeam
|
|switch|p1a: Ninetales|Ninetales, M, shiny|319\/319
|-damage|p1a: Ninetales|240\/319|[from] Stealth Rock
|move|p2a: Fodder|Ice Beam|p1a: Ninetales
|-resisted|p1a: Ninetales
|-crit|p1a: Ninetales
|-damage|p1a: Ninetales|162\/319
|
|-heal|p1a: Ninetales|181\/319|[from] item: Leftovers
|upkeep
|turn|10
|choice|move heatwave|switch 3
|
|switch|p2a: EMVEE|Pyroar, M|313\/313
|-ability|p2a: EMVEE|Unnerve|p1: leog044
|move|p1a: Ninetales|Heat Wave|p2a: EMVEE
|-resisted|p2a: EMVEE
|-damage|p2a: EMVEE|235\/313
|
|-heal|p1a: Ninetales|200\/319|[from] item: Leftovers
|upkeep
|turn|11
|choice|move darkpulse|move willowisp
|
|move|p2a: EMVEE|Will-O-Wisp|p1a: Ninetales
|-start|p1a: Ninetales|ability: Flash Fire
|move|p1a: Ninetales|Dark Pulse|p2a: EMVEE
|-damage|p2a: EMVEE|150\/313
|
|-heal|p1a: Ninetales|219\/319|[from] item: Leftovers
|upkeep
|turn|12
|choice|move heatwave|move hypervoice
|
|move|p2a: EMVEE|Hyper Voice|p1a: Ninetales
|-damage|p1a: Ninetales|83\/319
|-damage|p2a: EMVEE|119\/313|[from] item: Life Orb
|move|p1a: Ninetales|Heat Wave|p2a: EMVEE
|-resisted|p2a: EMVEE
|-damage|p2a: EMVEE|3\/313
|
|-heal|p1a: Ninetales|102\/319|[from] item: Leftovers
|upkeep
|turn|13
|choice|switch 6|move hypervoice
|
|-end|p1a: Ninetales|ability: Flash Fire|[silent]
|switch|p1a: Mismagius|Mismagius, F|180\/261
|-damage|p1a: Mismagius|148\/261|[from] Stealth Rock
|move|p2a: EMVEE|Hyper Voice|p1a: Mismagius
|-immune|p1a: Mismagius|[msg]
|
|upkeep
|turn|14
|choice|move thunderbolt|move fireblast
|
|move|p2a: EMVEE|Fire Blast|p1a: Mismagius
|-damage|p1a: Mismagius|6\/261
|-damage|p2a: EMVEE|0 fnt|[from] item: Life Orb
|faint|p2a: EMVEE
|move|p1a: Mismagius|Thunderbolt|p2: EMVEE|[notarget]
|-notarget
|
|upkeep
|choice||switch 3
|
|switch|p2a: Fodder|Cryogonal, shiny|281\/281
|turn|15
|choice|move shadowball|move icebeam
|
|move|p2a: Fodder|Ice Beam|p1a: Mismagius
|-damage|p1a: Mismagius|0 fnt
|faint|p1a: Mismagius
|
|upkeep
|choice|switch 6|
|
|switch|p1a: Ninetales|Ninetales, M, shiny|102\/319
|-damage|p1a: Ninetales|23\/319|[from] Stealth Rock
|turn|16
|choice|move willowisp|move icebeam
|
|move|p2a: Fodder|Ice Beam|p1a: Ninetales
|-resisted|p1a: Ninetales
|-damage|p1a: Ninetales|0 fnt
|faint|p1a: Ninetales
|
|upkeep
|choice|switch 2|
|
|switch|p1a: Relicanth|Relicanth, F, shiny|373\/373
|-damage|p1a: Relicanth|327\/373|[from] Stealth Rock
|turn|17
|choice|move toxic|switch 4
|
|switch|p2a: Ur mama|Gastrodon, F|267\/426 brn
|move|p1a: Relicanth|Toxic|p2a: Ur mama
|-fail|p2a: Ur mama
|
|-damage|p2a: Ur mama|214\/426 brn|[from] brn
|upkeep
|turn|18
|choice|move stealthrock|move recover
|
|move|p1a: Relicanth|Stealth Rock|p2a: Ur mama
|-sidestart|p2: Parkzy-YouTube|move: Stealth Rock
|move|p2a: Ur mama|Recover|p2a: Ur mama
|-heal|p2a: Ur mama|426\/426 brn
|
|-damage|p2a: Ur mama|373\/426 brn|[from] brn
|upkeep
|turn|19
|choice|switch 3|move scald
|
|switch|p1a: Victreebel|Victreebel, M|302\/302
|-damage|p1a: Victreebel|265\/302|[from] Stealth Rock
|move|p2a: Ur mama|Scald|p1a: Victreebel
|-resisted|p1a: Victreebel
|-damage|p1a: Victreebel|203\/302
|
|-damage|p2a: Ur mama|320\/426 brn|[from] brn
|upkeep
|turn|20
|choice|move gigadrain|move mirrorcoat
|
|move|p1a: Victreebel|Giga Drain|p2a: Ur mama
|-supereffective|p2a: Ur mama
|-enditem|p2a: Ur mama|Rindo Berry|[eat]
|-enditem|p2a: Ur mama|Rindo Berry|[weaken]
|-damage|p2a: Ur mama|0 fnt
|-heal|p1a: Victreebel|302\/302|[from] drain|[of] p2a: Ur mama
|-damage|p1a: Victreebel|272\/302|[from] item: Life Orb
|faint|p2a: Ur mama
|
|upkeep
|choice||switch 6
|
|switch|p2a: Forsaken|Ferroseed, M, shiny|193\/292
|-damage|p2a: Forsaken|175\/292|[from] Stealth Rock
|turn|21
|choice|switch 5|move spikes
|
|switch|p1a: Torterra|Torterra, M|331\/331
|-damage|p1a: Torterra|311\/331|[from] Stealth Rock
|move|p2a: Forsaken|Spikes|p1a: Torterra
|-sidestart|p1: leog044|Spikes
|
|upkeep
|turn|22
|choice|move rockpolish|move spikes
|
|move|p1a: Torterra|Rock Polish|p1a: Torterra
|-boost|p1a: Torterra|spe|2
|move|p2a: Forsaken|Spikes|p1a: Torterra
|-sidestart|p1: leog044|Spikes
|
|upkeep
|turn|23
|choice|move earthquake|move spikes
|
|move|p1a: Torterra|Earthquake|p2a: Forsaken
|-damage|p2a: Forsaken|60\/292
|move|p2a: Forsaken|Spikes|p1a: Torterra
|-sidestart|p1: leog044|Spikes
|
|upkeep
|turn|24
|choice|move earthquake|move gyroball
|
|move|p1a: Torterra|Earthquake|p2a: Forsaken
|-damage|p2a: Forsaken|0 fnt
|faint|p2a: Forsaken
|
|upkeep
|choice||switch 2
|
|switch|p2a: Don't Defog!|Primeape, M|271\/271
|-damage|p2a: Don't Defog!|255\/271|[from] Stealth Rock
|turn|25
|choice|move earthquake|move crosschop
|
|move|p1a: Torterra|Earthquake|p2a: Don't Defog!
|-damage|p2a: Don't Defog!|29\/271
|move|p2a: Don't Defog!|Cross Chop|p1a: Torterra
|-crit|p1a: Torterra
|-damage|p1a: Torterra|89\/331
|
|upkeep
|turn|26
|choice|move earthquake|move crosschop
|
|move|p1a: Torterra|Earthquake|p2a: Don't Defog!
|-damage|p2a: Don't Defog!|0 fnt
|faint|p2a: Don't Defog!
|
|upkeep
|choice||switch 4
|
|switch|p2a: Fodder|Cryogonal, shiny|281\/281
|-damage|p2a: Fodder|211\/281|[from] Stealth Rock
|turn|27
|choice|move ironhead|move icebeam
|
|move|p1a: Torterra|Iron Head|p2a: Fodder
|-supereffective|p2a: Fodder
|-damage|p2a: Fodder|0 fnt
|faint|p2a: Fodder
|
|win|leog044
|player|p1
|player|p2
|l|Parkzy-YouTube
||Ladder (probably) updated, but score could not be retrieved (Response not received).</script>
</div>
<div class="battle-log battle-log-inline"><div class="inner"><div class="battle-options"></div><div class="inner"><div class="chat"><small>leog044 joined.</small></div><div class="chat"><small>Parkzy-YouTube joined.</small></div><div class=""><small>Format:</small> <br><strong>NU</strong></div><div class="rated"><strong>Rated battle</strong></div><div class=""><small><em>Sleep Clause Mod:</em> Limit one foe put to sleep</small></div><div class=""><small><em>Species Clause:</em> Limit one of each Pokémon</small></div><div class=""><small><em>OHKO Clause:</em> OHKO moves are banned</small></div><div class=""><small><em>Moody Clause:</em> Moody is banned</small></div><div class=""><small><em>Evasion Moves Clause:</em> Evasion moves are banned</small></div><div class=""><small><em>Endless Battle Clause:</em> Forcing endless battles is banned</small></div><div class=""><small><em>HP Percentage Mod:</em> HP is shown in percentages</small></div><div class=""><small><em>Swagger Clause:</em> Swagger is banned</small></div><div class=""><small><em>Baton Pass Clause:</em> Limit one Baton Passer, can't pass Spe and other stats simultaneously</small></div><div class="chat battle-history"><strong>leog044's team:</strong> <em style="color:#445566;display:block;">Victreebel / Relicanth / Liepard / Ninetales / Torterra / Mismagius</em></div><div class="chat battle-history"><strong>Parkzy-YouTube's team:</strong> <em style="color:#445566;display:block;">Ferroseed / Primeape / Smeargle / Pyroar / Cryogonal / Gastrodon</em></div><div class="spacer battle-history"><br></div><div class="battle-history">Battle started between leog044 and Parkzy-YouTube!<br></div><div class="spacer battle-history"><br></div><div class="battle-history">Go! <strong>Liepard</strong>!<br></div><div class="spacer battle-history"><br></div><div class="battle-history">Parkzy-YouTube sent out Hax Mattered :( (<strong>Smeargle</strong>)!<br></div><div class="spacer battle-history"><br></div><h2 class="battle-history">Turn 1</h2><div class="spacer battle-history"><br></div><div class="battle-history">Liepard used <strong>Fake Out</strong>!<br></div><div class="battle-history"><small>(The opposing Hax Mattered :( lost <abbr title="−126/251">50.2%</abbr> of its health!)</small><br></div><div class="battle-history"><small>Liepard lost some of its HP!</small><br></div><div class="spacer battle-history"><br></div><div class="battle-history">The opposing Hax Mattered :( flinched and couldn't move!<br></div><div class="spacer battle-history"><br></div><h2 class="battle-history">Turn 2</h2><div class="spacer battle-history"><br></div><div class="battle-history">Parkzy-YouTube withdrew Hax Mattered :(!<br></div><div class="battle-history">Parkzy-YouTube sent out Forsaken (<strong>Ferroseed</strong>)!<br></div><div class="spacer battle-history"><br></div><div class="battle-history">Liepard used <strong>Knock Off</strong>!<br></div><div class="battle-history"><small>(The opposing Forsaken lost <abbr title="−99/292">33.9%</abbr> of its health!)</small><br></div><div class="battle-history"><small>[The opposing Forsaken's Iron Barbs]</small><br><small>Liepard was hurt!</small><br></div><div class="battle-history"><small>Liepard knocked off the opposing Forsaken's Eviolite!</small><br></div><div class="battle-history"><small>Liepard lost some of its HP!</small><br></div><div class="spacer battle-history"><br></div><h2 class="battle-history">Turn 3</h2><div class="spacer battle-history"><br></div><div class="battle-history">Liepard, come back!<br></div><div class="battle-history">Go! <strong>Ninetales</strong>!<br></div><div class="spacer battle-history"><br></div><div class="battle-history">The opposing Forsaken used <strong>Stealth Rock</strong>!<br></div><div class="battle-history"><small>Pointed stones float in the air around your team!</small><br></div><div class="spacer battle-history"><br></div><h2 class="battle-history">Turn 4</h2><div class="spacer battle-history"><br></div><div class="battle-history">Parkzy-YouTube withdrew Forsaken!<br></div><div class="battle-history">Parkzy-YouTube sent out Ur mama (<strong>Gastrodon</strong>)!<br></div><div class="spacer battle-history"><br></div><div class="battle-history">Ninetales used <strong>Will-O-Wisp</strong>!<br></div><div class="battle-history"><small>The opposing Ur mama was burned!</small><br></div><div class="spacer battle-history"><br></div><div class="battle-history"><small>The opposing Ur mama was hurt by its burn!</small><br></div><div class="spacer battle-history"><br></div><h2 class="battle-history">Turn 5</h2><div class="spacer battle-history"><br></div><div class="battle-history">Ninetales used <strong>Protect</strong>!<br></div><div class="battle-history"><small>Ninetales protected itself!</small><br></div><div class="spacer battle-history"><br></div><div class="battle-history">The opposing Ur mama used <strong>Earth Power</strong>!<br></div><div class="battle-history"><small>Ninetales protected itself!</small><br></div><div class="spacer battle-history"><br></div><div class="battle-history"><small>The opposing Ur mama was hurt by its burn!</small><br></div><div class="spacer battle-history"><br></div><h2 class="battle-history">Turn 6</h2><div class="spacer battle-history"><br></div><div class="battle-history">Ninetales, come back!<br></div><div class="battle-history">Go! <strong>Mismagius</strong>!<br></div><div class="battle-history"><small>Pointed stones dug into Mismagius!</small><br></div><div class="spacer battle-history"><br></div><div class="battle-history">The opposing Ur mama used <strong>Scald</strong>!<br></div><div class="battle-history"><small>(Mismagius lost <abbr title="−49/261">18.8%</abbr> of its health!)</small><br></div><div class="spacer battle-history"><br></div><div class="battle-history"><small>The opposing Ur mama was hurt by its burn!</small><br></div><div class="spacer battle-history"><br></div><h2 class="battle-history">Turn 7</h2><div class="spacer battle-history"><br></div><div class="battle-history">Parkzy-YouTube withdrew Ur mama!<br></div><div class="battle-history">Parkzy-YouTube sent out EMVEE (<strong>Pyroar</strong>)!<br></div><div class="battle-history"><small>[The opposing EMVEE's Unnerve]</small><br><small>Your team is too nervous to eat Berries!</small><br></div><div class="spacer battle-history"><br></div><div class="battle-history">Mismagius used <strong>Shadow Ball</strong>!<br></div><div class="battle-history"><small>It doesn't affect the opposing EMVEE...</small><br></div><div class="spacer battle-history"><br></div><h2 class="battle-history">Turn 8</h2><div class="spacer battle-history"><br></div><div class="battle-history">Parkzy-YouTube withdrew EMVEE!<br></div><div class="battle-history">Parkzy-YouTube sent out Hax Mattered :( (<strong>Smeargle</strong>)!<br></div><div class="spacer battle-history"><br></div><div class="battle-history">Mismagius used <strong>Power Gem</strong>!<br></div><div class="battle-history"><small>(The opposing Hax Mattered :( lost <abbr title="−125/251">49.8%</abbr> of its health!)</small><br></div><div class="spacer battle-history"><br></div><div class="battle-history">The opposing Hax Mattered :( fainted!<br></div><div class="spacer battle-history"><br></div><div class="battle-history">Parkzy-YouTube sent out Fodder (<strong>Cryogonal</strong>)!<br></div><div class="spacer battle-history"><br></div><h2 class="battle-history">Turn 9</h2><div class="spacer battle-history"><br></div><div class="battle-history">Mismagius, come back!<br></div><div class="battle-history">Go! <strong>Ninetales</strong>!<br></div><div class="battle-history"><small>Pointed stones dug into Ninetales!</small><br></div><div class="spacer battle-history"><br></div><div class="battle-history">The opposing Fodder used <strong>Ice Beam</strong>!<br></div><div class="battle-history"><small>It's not very effective...</small><br></div><div class="battle-history"><small>A critical hit!</small><br></div><div class="battle-history"><small>(Ninetales lost <abbr title="−78/319">24.5%</abbr> of its health!)</small><br></div><div class="spacer battle-history"><br></div><div class="battle-history"><small>Ninetales restored a little HP using its Leftovers!</small><br></div><div class="spacer battle-history"><br></div><h2 class="battle-history">Turn 10</h2><div class="spacer battle-history"><br></div><div class="battle-history">Parkzy-YouTube withdrew Fodder!<br></div><div class="battle-history">Parkzy-YouTube sent out EMVEE (<strong>Pyroar</strong>)!<br></div><div class="battle-history"><small>[The opposing EMVEE's Unnerve]</small><br><small>Your team is too nervous to eat Berries!</small><br></div><div class="spacer battle-history"><br></div><div class="battle-history">Ninetales used <strong>Heat Wave</strong>!<br></div><div class="battle-history"><small>It's not very effective...</small><br></div><div class="battle-history"><small>(The opposing EMVEE lost <abbr title="−78/313">24.9%</abbr> of its health!)</small><br></div><div class="spacer battle-history"><br></div><div class="battle-history"><small>Ninetales restored a little HP using its Leftovers!</small><br></div><div class="spacer battle-history"><br></div><h2 class="battle-history">Turn 11</h2><div class="spacer battle-history"><br></div><div class="battle-history">The opposing EMVEE used <strong>Will-O-Wisp</strong>!<br></div><div class="battle-history"><small>[Ninetales's Flash Fire]</small><br><small>The power of Ninetales's Fire-type moves rose!</small><br></div><div class="spacer battle-history"><br></div><div class="battle-history">Ninetales used <strong>Dark Pulse</strong>!<br></div><div class="battle-history"><small>(The opposing EMVEE lost <abbr title="−85/313">27.2%</abbr> of its health!)</small><br></div><div class="spacer battle-history"><br></div><div class="battle-history"><small>Ninetales restored a little HP using its Leftovers!</small><br></div><div class="spacer battle-history"><br></div><h2 class="battle-history">Turn 12</h2><div class="spacer battle-history"><br></div><div class="battle-history">The opposing EMVEE used <strong>Hyper Voice</strong>!<br></div><div class="battle-history"><small>(Ninetales lost <abbr title="−136/319">42.6%</abbr> of its health!)</small><br></div><div class="battle-history"><small>The opposing EMVEE lost some of its HP!</small><br></div><div class="spacer battle-history"><br></div><div class="battle-history">Ninetales used <strong>Heat Wave</strong>!<br></div><div class="battle-history"><small>It's not very effective...</small><br></div><div class="battle-history"><small>(The opposing EMVEE lost <abbr title="−116/313">37.1%</abbr> of its health!)</small><br></div><div class="spacer battle-history"><br></div><div class="battle-history"><small>Ninetales restored a little HP using its Leftovers!</small><br></div><div class="spacer battle-history"><br></div><h2 class="battle-history">Turn 13</h2><div class="spacer battle-history"><br></div><div class="battle-history">Ninetales, come back!<br></div><div class="battle-history">Go! <strong>Mismagius</strong>!<br></div><div class="battle-history"><small>Pointed stones dug into Mismagius!</small><br></div><div class="spacer battle-history"><br></div><div class="battle-history">The opposing EMVEE used <strong>Hyper Voice</strong>!<br></div><div class="battle-history"><small>It doesn't affect Mismagius...</small><br></div><div class="spacer battle-history"><br></div><h2 class="battle-history">Turn 14</h2><div class="spacer battle-history"><br></div><div class="battle-history">The opposing EMVEE used <strong>Fire Blast</strong>!<br></div><div class="battle-history"><small>(Mismagius lost <abbr title="−142/261">54.4%</abbr> of its health!)</small><br></div><div class="battle-history"><small>The opposing EMVEE lost some of its HP!</small><br></div><div class="spacer battle-history"><br></div><div class="battle-history">The opposing EMVEE fainted!<br></div><div class="battle-history">Mismagius used <strong>Thunderbolt</strong>!<br></div><div class="battle-history"><small>But there was no target...</small><br></div><div class="spacer battle-history"><br></div><div class="battle-history">Parkzy-YouTube sent out Fodder (<strong>Cryogonal</strong>)!<br></div><div class="spacer battle-history"><br></div><h2 class="battle-history">Turn 15</h2><div class="spacer battle-history"><br></div><div class="battle-history">The opposing Fodder used <strong>Ice Beam</strong>!<br></div><div class="battle-history"><small>(Mismagius lost <abbr title="−6/261">2.3%</abbr> of its health!)</small><br></div><div class="spacer battle-history"><br></div><div class="battle-history">Mismagius fainted!<br></div><div class="spacer battle-history"><br></div><div class="battle-history">Go! <strong>Ninetales</strong>!<br></div><div class="battle-history"><small>Pointed stones dug into Ninetales!</small><br></div><div class="spacer battle-history"><br></div><h2 class="battle-history">Turn 16</h2><div class="spacer battle-history"><br></div><div class="battle-history">The opposing Fodder used <strong>Ice Beam</strong>!<br></div><div class="battle-history"><small>It's not very effective...</small><br></div><div class="battle-history"><small>(Ninetales lost <abbr title="−23/319">7.2%</abbr> of its health!)</small><br></div><div class="spacer battle-history"><br></div><div class="battle-history">Ninetales fainted!<br></div><div class="spacer battle-history"><br></div><div class="battle-history">Go! <strong>Relicanth</strong>!<br></div><div class="battle-history"><small>Pointed stones dug into Relicanth!</small><br></div><div class="spacer battle-history"><br></div><h2 class="battle-history">Turn 17</h2><div class="spacer battle-history"><br></div><div class="battle-history">Parkzy-YouTube withdrew Fodder!<br></div><div class="battle-history">Parkzy-YouTube sent out Ur mama (<strong>Gastrodon</strong>)!<br></div><div class="spacer battle-history"><br></div><div class="battle-history">Relicanth used <strong>Toxic</strong>!<br></div><div class="battle-history"><small>But it failed!</small><br></div><div class="spacer battle-history"><br></div><div class="battle-history"><small>The opposing Ur mama was hurt by its burn!</small><br></div><div class="spacer battle-history"><br></div><h2 class="battle-history">Turn 18</h2><div class="spacer battle-history"><br></div><div class="battle-history">Relicanth used <strong>Stealth Rock</strong>!<br></div><div class="battle-history"><small>Pointed stones float in the air around the opposing team!</small><br></div><div class="spacer battle-history"><br></div><div class="battle-history">The opposing Ur mama used <strong>Recover</strong>!<br></div><div class="battle-history"><small>The opposing Ur mama restored its HP.</small><br></div><div class="spacer battle-history"><br></div><div class="battle-history"><small>The opposing Ur mama was hurt by its burn!</small><br></div><div class="spacer battle-history"><br></div><h2 class="battle-history">Turn 19</h2><div class="spacer battle-history"><br></div><div class="battle-history">Relicanth, come back!<br></div><div class="battle-history">Go! <strong>Victreebel</strong>!<br></div><div class="battle-history"><small>Pointed stones dug into Victreebel!</small><br></div><div class="spacer battle-history"><br></div><div class="battle-history">The opposing Ur mama used <strong>Scald</strong>!<br></div><div class="battle-history"><small>It's not very effective...</small><br></div><div class="battle-history"><small>(Victreebel lost <abbr title="−62/302">20.5%</abbr> of its health!)</small><br></div><div class="spacer battle-history"><br></div><div class="battle-history"><small>The opposing Ur mama was hurt by its burn!</small><br></div><div class="spacer battle-history"><br></div><h2 class="battle-history">Turn 20</h2><div class="spacer battle-history"><br></div><div class="battle-history">Victreebel used <strong>Giga Drain</strong>!<br></div><div class="battle-history"><small>It's super effective!</small><br></div><div class="battle-history"><small>The opposing Ur mama ate its Rindo Berry!</small><br></div><div class="battle-history"><small>The Rindo Berry weakened the damage to the opposing Ur mama!</small><br></div><div class="battle-history"><small>(The opposing Ur mama lost <abbr title="−320/426">75.1%</abbr> of its health!)</small><br></div><div class="battle-history"><small>The opposing Ur mama had its energy drained!</small><br></div><div class="battle-history"><small>Victreebel lost some of its HP!</small><br></div><div class="spacer battle-history"><br></div><div class="battle-history">The opposing Ur mama fainted!<br></div><div class="spacer battle-history"><br></div><div class="battle-history">Parkzy-YouTube sent out Forsaken (<strong>Ferroseed</strong>)!<br></div><div class="battle-history"><small>Pointed stones dug into the opposing Forsaken!</small><br></div><div class="spacer battle-history"><br></div><h2 class="battle-history">Turn 21</h2><div class="spacer battle-history"><br></div><div class="battle-history">Victreebel, come back!<br></div><div class="battle-history">Go! <strong>Torterra</strong>!<br></div><div class="battle-history"><small>Pointed stones dug into Torterra!</small><br></div><div class="spacer battle-history"><br></div><div class="battle-history">The opposing Forsaken used <strong>Spikes</strong>!<br></div><div class="battle-history"><small>Spikes were scattered on the ground all around your team!</small><br></div><div class="spacer battle-history"><br></div><h2 class="battle-history">Turn 22</h2><div class="spacer battle-history"><br></div><div class="battle-history">Torterra used <strong>Rock Polish</strong>!<br></div><div class="battle-history"><small>Torterra's Speed rose sharply!</small><br></div><div class="spacer battle-history"><br></div><div class="battle-history">The opposing Forsaken used <strong>Spikes</strong>!<br></div><div class="battle-history"><small>Spikes were scattered on the ground all around your team!</small><br></div><div class="spacer battle-history"><br></div><h2 class="battle-history">Turn 23</h2><div class="spacer battle-history"><br></div><div class="battle-history">Torterra used <strong>Earthquake</strong>!<br></div><div class="battle-history"><small>(The opposing Forsaken lost <abbr title="−115/292">39.4%</abbr> of its health!)</small><br></div><div class="spacer battle-history"><br></div><div class="battle-history">The opposing Forsaken used <strong>Spikes</strong>!<br></div><div class="battle-history"><small>Spikes were scattered on the ground all around your team!</small><br></div><div class="spacer battle-history"><br></div><h2 class="battle-history">Turn 24</h2><div class="spacer battle-history"><br></div><div class="battle-history">Torterra used <strong>Earthquake</strong>!<br></div><div class="battle-history"><small>(The opposing Forsaken lost <abbr title="−60/292">20.5%</abbr> of its health!)</small><br></div><div class="spacer battle-history"><br></div><div class="battle-history">The opposing Forsaken fainted!<br></div><div class="spacer battle-history"><br></div><div class="battle-history">Parkzy-YouTube sent out Don't Defog! (<strong>Primeape</strong>)!<br></div><div class="battle-history"><small>Pointed stones dug into the opposing Don't Defog!!</small><br></div><div class="spacer battle-history"><br></div><h2 class="battle-history">Turn 25</h2><div class="spacer battle-history"><br></div><div class="battle-history">Torterra used <strong>Earthquake</strong>!<br></div><div class="battle-history"><small>(The opposing Don't Defog! lost <abbr title="−226/271">83.4%</abbr> of its health!)</small><br></div><div class="spacer battle-history"><br></div><div class="battle-history">The opposing Don't Defog! used <strong>Cross Chop</strong>!<br></div><div class="battle-history"><small>A critical hit!</small><br></div><div class="battle-history"><small>(Torterra lost <abbr title="−222/331">67.1%</abbr> of its health!)</small><br></div><div class="spacer battle-history"><br></div><h2 class="battle-history">Turn 26</h2><div class="spacer battle-history"><br></div><div class="battle-history">Torterra used <strong>Earthquake</strong>!<br></div><div class="battle-history"><small>(The opposing Don't Defog! lost <abbr title="−29/271">10.7%</abbr> of its health!)</small><br></div><div class="spacer battle-history"><br></div><div class="battle-history">The opposing Don't Defog! fainted!<br></div><div class="spacer battle-history"><br></div><div class="battle-history">Parkzy-YouTube sent out Fodder (<strong>Cryogonal</strong>)!<br></div><div class="battle-history"><small>Pointed stones dug into the opposing Fodder!</small><br></div><div class="spacer battle-history"><br></div><h2 class="battle-history">Turn 27</h2><div class="spacer battle-history"><br></div><div class="battle-history">Torterra used <strong>Iron Head</strong>!<br></div><div class="battle-history"><small>It's super effective!</small><br></div><div class="battle-history"><small>(The opposing Fodder lost <abbr title="−211/281">75.1%</abbr> of its health!)</small><br></div><div class="spacer battle-history"><br></div><div class="battle-history">The opposing Fodder fainted!<br></div><div class="spacer battle-history"><br></div><div class="battle-history"><strong>leog044</strong> won the battle!<br></div><div class="chat"><small>Parkzy-YouTube left.</small></div><div class="chat">Ladder (probably) updated, but score could not be retrieved (Response not received).</div></div><div class="inner-preempt"></div></div></div>
</div>
<script>
let daily = Math.floor(Date.now()/1000/60/60/24);document.write('<script src="https://play.pokemonshowdown.com/js/replay-embed.js?version'+daily+'"></'+'script>');
</script>
