<!DOCTYPE html>
<meta charset="utf-8" />
<!-- version 1 -->
<title>NU replay: Shadowtags vs. Comrade83</title>
<style>
html,body {font-family:Verdana, sans-serif;font-size:10pt;margin:0;padding:0;}body{padding:12px 0;} .battle-log {font-family:Verdana, sans-serif;font-size:10pt;} .battle-log-inline {border:1px solid #AAAAAA;background:#EEF2F5;color:black;max-width:640px;margin:0 auto 80px;padding-bottom:5px;} .battle-log .inner {padding:4px 8px 0px 8px;} .battle-log .inner-preempt {padding:0 8px 4px 8px;} .battle-log .inner-after {margin-top:0.5em;} .battle-log h2 {margin:0.5em -8px;padding:4px 8px;border:1px solid #AAAAAA;background:#E0E7EA;border-left:0;border-right:0;font-family:Verdana, sans-serif;font-size:13pt;} .battle-log .chat {vertical-align:middle;padding:3px 0 3px 0;font-size:8pt;} .battle-log .chat strong {color:#40576A;} .battle-log .chat em {padding:1px 4px 1px 3px;color:#000000;font-style:normal;} .chat.mine {background:rgba(0,0,0,0.05);margin-left:-8px;margin-right:-8px;padding-left:8px;padding-right:8px;} .spoiler {color:#BBBBBB;background:#BBBBBB;padding:0px 3px;} .spoiler:hover, .spoiler:active, .spoiler-shown {color:#000000;background:#E2E2E2;padding:0px 3px;} .spoiler a {color:#BBBBBB;} .spoiler:hover a, .spoiler:active a, .spoiler-shown a {color:#2288CC;} .chat code, .chat .spoiler:hover code, .chat .spoiler:active code, .chat .spoiler-shown code {border:1px solid #C0C0C0;background:#EEEEEE;color:black;padding:0 2px;} .chat .spoiler code {border:1px solid #CCCCCC;background:#CCCCCC;color:#CCCCCC;} .battle-log .rated {padding:3px 4px;} .battle-log .rated strong {color:white;background:#89A;padding:1px 4px;border-radius:4px;} .spacer {margin-top:0.5em;} .message-announce {background:#6688AA;color:white;padding:1px 4px 2px;} .message-announce a, .broadcast-green a, .broadcast-blue a, .broadcast-red a {color:#DDEEFF;} .broadcast-green {background-color:#559955;color:white;padding:2px 4px;} .broadcast-blue {background-color:#6688AA;color:white;padding:2px 4px;} .infobox {border:1px solid #6688AA;padding:2px 4px;} .infobox-limited {max-height:200px;overflow:auto;overflow-x:hidden;} .broadcast-red {background-color:#AA5544;color:white;padding:2px 4px;} .message-learn-canlearn {font-weight:bold;color:#228822;text-decoration:underline;} .message-learn-cannotlearn {font-weight:bold;color:#CC2222;text-decoration:underline;} .message-effect-weak {font-weight:bold;color:#CC2222;} .message-effect-resist {font-weight:bold;color:#6688AA;} .message-effect-immune {font-weight:bold;color:#666666;} .message-learn-list {margin-top:0;margin-bottom:0;} .message-throttle-notice, .message-error {color:#992222;} .message-overflow, .chat small.message-overflow {font-size:0pt;} .message-overflow::before {font-size:9pt;content:'...';} .subtle {color:#3A4A66;}
</style>
<div class="wrapper replay-wrapper" style="max-width:1180px;margin:0 auto">
<input type="hidden" name="replayid" value="nu-594833090" />
<div class="battle"></div><div class="battle-log"></div><div class="replay-controls"></div><div class="replay-controls-2"></div>
<h1 style="font-weight:normal;text-align:center"><strong>NU</strong><br /><a href="http://pokemonshowdown.com/users/shadowtags" class="subtle" target="_blank">Shadowtags</a> vs. <a href="http://pokemonshowdown.com/users/comrade83" class="subtle" target="_blank">Comrade83</a></h1>
<script type="text/plain" class="battle-log-data">|j|Shadowtags
|j|Comrade83
|player|p1|Shadowtags|#shadowtags
|teamsize|p1|6
|player|p2|Comrade83|267
|teamsize|p2|6
|gametype|singles
|gen|6
|tier|NU
|seed|47704,51945,51774,61059
|rule|Sleep Clause Mod: Limit one foe put to sleep
|rule|Species Clause: Limit one of each Pokémon
|rule|OHKO Clause: OHKO moves are banned
|rule|Moody Clause: Moody is banned
|rule|Evasion Moves Clause: Evasion moves are banned
|rule|Endless Battle Clause: Forcing endless battles is banned
|rule|HP Percentage Mod: HP is shown in percentages
|clearpoke
|poke|p1|Dusclops, M|item
|poke|p1|Garbodor, M|item
|poke|p1|Steelix, F|item
|poke|p1|Hitmonchan, M|item
|poke|p1|Scyther, M|item
|poke|p1|Samurott, F|item
|poke|p2|Zweilous, F, shiny|item
|poke|p2|Steelix, F|item
|poke|p2|Pelipper, F|item
|poke|p2|Vileplume, F|item
|poke|p2|Primeape, M|item
|poke|p2|Swellow, M|item
|rule|Swagger Clause: Swagger is banned
|rule|Baton Pass Clause: Limit one Baton Passer, can't pass Spe and other stats simultaneously
|teampreview
|c|☆Shadowtags|hf
|j|silver aurum
|j|Shequanda
|c|☆Comrade83|silver aurum, I thought you quit
|choice|team 6, team 2, team 3, team 4, team 5, team 1|team 2, team 1, team 3, team 4, team 5, team 6
|
|start
|switch|p1a: Samurott|Samurott, F|331\/331
|switch|p2a: Wall V2|Steelix, F|291\/291
|turn|1
|choice|move hydropump|switch 4
|
|switch|p2a: Depression|Vileplume, F|354\/354
|move|p1a: Samurott|Hydro Pump|p2a: Depression
|-resisted|p2a: Depression
|-damage|p2a: Depression|233\/354
|-damage|p1a: Samurott|298\/331|[from] item: Life Orb
|
|-heal|p2a: Depression|255\/354|[from] item: Black Sludge
|upkeep
|turn|2
|c| silver aurum|well
|choice|move icebeam|move synthesis
|
|move|p1a: Samurott|Ice Beam|p2a: Depression
|-supereffective|p2a: Depression
|-damage|p2a: Depression|0 fnt
|-damage|p1a: Samurott|265\/331|[from] item: Life Orb
|faint|p2a: Depression
|
|upkeep
|j|pls stop stealing
|choice||switch 2
|
|switch|p2a: Glass Gannon|Zweilous, F, shiny|286\/286
|turn|3
|choice|move icebeam|move superpower
|
|move|p2a: Glass Gannon|Superpower|p1a: Samurott
|-damage|p1a: Samurott|63\/331
|-unboost|p2a: Glass Gannon|atk|1
|-unboost|p2a: Glass Gannon|def|1
|move|p1a: Samurott|Ice Beam|p2a: Glass Gannon
|-supereffective|p2a: Glass Gannon
|-damage|p2a: Glass Gannon|0 fnt
|-damage|p1a: Samurott|30\/331|[from] item: Life Orb
|faint|p2a: Glass Gannon
|
|upkeep
|l|Shequanda
|choice||switch 6
|
|switch|p2a: Your ded|Swellow, M|261\/261
|turn|4
|choice|switch 3|move uturn
|
|switch|p1a: Steelix|Steelix, F|353\/353
|move|p2a: Your ded|U-turn|p1a: Steelix
|-resisted|p1a: Steelix
|-damage|p1a: Steelix|342\/353
|choice||switch 5
|
|switch|p2a: Foo Fighters|Primeape, M|271\/271
|
|-heal|p1a: Steelix|353\/353|[from] item: Leftovers
|upkeep
|turn|5
|choice|switch 6|move earthquake
|
|switch|p1a: Dusclops|Dusclops, M|283\/283
|-ability|p1a: Dusclops|Pressure
|move|p2a: Foo Fighters|Earthquake|p1a: Dusclops
|-damage|p1a: Dusclops|217\/283
|
|upkeep
|turn|6
|choice|move willowisp|switch 4
|
|switch|p2a: Wall V2|Steelix, F|291\/291
|move|p1a: Dusclops|Will-O-Wisp|p2a: Wall V2
|-status|p2a: Wall V2|brn
|
|-damage|p2a: Wall V2|255\/291 brn|[from] brn
|upkeep
|turn|7
|choice|switch 4|switch 3
|
|switch|p2a: PeliGod|Pelipper, F|324\/324
|switch|p1a: Hitmonchan|Hitmonchan, M|241\/241
|
|upkeep
|turn|8
|c|☆Comrade83|It's been to long
|c|☆Comrade83|too
|choice|switch 4|move scald
|
|switch|p1a: Dusclops|Dusclops, M|217\/283
|-ability|p1a: Dusclops|Pressure
|move|p2a: PeliGod|Scald|p1a: Dusclops
|-damage|p1a: Dusclops|177\/283
|-status|p1a: Dusclops|brn
|
|-damage|p1a: Dusclops|142\/283 brn|[from] brn
|upkeep
|turn|9
|choice|move painsplit|move uturn
|
|move|p2a: PeliGod|U-turn|p1a: Dusclops
|-resisted|p1a: Dusclops
|-damage|p1a: Dusclops|136\/283 brn
|choice||switch 3
|
|switch|p2a: Wall V2|Steelix, F|255\/291 brn
|move|p1a: Dusclops|Pain Split|p2a: Wall V2
|-sethp|p2a: Wall V2|195\/291 brn|p1a: Dusclops|195\/283 brn|[from] move: Pain Split
|
|-damage|p2a: Wall V2|159\/291 brn|[from] brn
|-damage|p1a: Dusclops|160\/283 brn|[from] brn
|upkeep
|turn|10
|j|yogi✬bears...
|choice|switch 4|move stealthrock
|
|switch|p1a: Hitmonchan|Hitmonchan, M|241\/241
|move|p2a: Wall V2|Stealth Rock|p1a: Hitmonchan
|-sidestart|p1: Shadowtags|move: Stealth Rock
|
|-damage|p2a: Wall V2|123\/291 brn|[from] brn
|upkeep
|turn|11
|choice|move rapidspin|switch 3
|
|switch|p2a: PeliGod|Pelipper, F|324\/324
|move|p1a: Hitmonchan|Rapid Spin|p2a: PeliGod
|-damage|p2a: PeliGod|298\/324
|-sideend|p1: Shadowtags|Stealth Rock|[from] move: Rapid Spin|[of] p1a: Hitmonchan
|-damage|p1a: Hitmonchan|217\/241|[from] item: Life Orb
|
|-heal|p2a: PeliGod|318\/324|[from] item: Leftovers
|upkeep
|turn|12
|c| yogi✬bears...|Eww dusclops
|c|☆Comrade83|^
|c|☆Shadowtags|good mon
|choice|switch 4|switch 4
|
|switch|p1a: Dusclops|Dusclops, M|160\/283 brn
|-ability|p1a: Dusclops|Pressure
|switch|p2a: Foo Fighters|Primeape, M|271\/271
|
|-damage|p1a: Dusclops|125\/283 brn|[from] brn
|upkeep
|turn|13
|choice|move painsplit|move earthquake
|
|move|p2a: Foo Fighters|Earthquake|p1a: Dusclops
|-damage|p1a: Dusclops|53\/283 brn
|move|p1a: Dusclops|Pain Split|p2a: Foo Fighters
|-sethp|p2a: Foo Fighters|162\/271|p1a: Dusclops|162\/283 brn|[from] move: Pain Split
|
|-damage|p1a: Dusclops|127\/283 brn|[from] brn
|upkeep
|turn|14
|c| yogi✬bears...|Who are u, waters...
|c| silver aurum|^
|c|☆Comrade83|^^
|choice|switch 5|switch 4
|
|switch|p2a: PeliGod|Pelipper, F|318\/324
|switch|p1a: Scyther|Scyther, M|281\/281
|
|-heal|p2a: PeliGod|324\/324|[from] item: Leftovers
|upkeep
|turn|15
|c|☆Shadowtags|better
|c| yogi✬bears...|No.
|choice|move uturn|move scald
|
|move|p1a: Scyther|U-turn|p2a: PeliGod
|-resisted|p2a: PeliGod
|-damage|p2a: PeliGod|270\/324
|choice|switch 5|
|
|switch|p1a: Dusclops|Dusclops, M|127\/283 brn
|-ability|p1a: Dusclops|Pressure
|move|p2a: PeliGod|Scald|p1a: Dusclops
|-damage|p1a: Dusclops|85\/283 brn
|
|-heal|p2a: PeliGod|290\/324|[from] item: Leftovers
|-damage|p1a: Dusclops|50\/283 brn|[from] brn
|upkeep
|turn|16
|choice|move painsplit|move scald
|
|move|p2a: PeliGod|Scald|p1a: Dusclops
|-damage|p1a: Dusclops|8\/283 brn
|move|p1a: Dusclops|Pain Split|p2a: PeliGod
|-sethp|p2a: PeliGod|149\/324|p1a: Dusclops|149\/283 brn|[from] move: Pain Split
|
|-heal|p2a: PeliGod|169\/324|[from] item: Leftovers
|-damage|p1a: Dusclops|114\/283 brn|[from] brn
|upkeep
|turn|17
|choice|switch 3|move roost
|
|switch|p1a: Samurott|Samurott, F|30\/331
|move|p2a: PeliGod|Roost|p2a: PeliGod
|-heal|p2a: PeliGod|324\/324
|
|upkeep
|turn|18
|j|Shequanda
|c|☆Shadowtags|damn
|choice|move hiddenpower|move scald
|
|move|p1a: Samurott|Hidden Power|p2a: PeliGod
|-supereffective|p2a: PeliGod
|-damage|p2a: PeliGod|0 fnt
|-damage|p1a: Samurott|0 fnt|[from] item: Life Orb
|faint|p2a: PeliGod
|faint|p1a: Samurott
|
|upkeep
|c|☆Shadowtags|sike
|c|☆Comrade83|I forgot it was special
|c|☆Comrade83|Fuck me
|choice|switch 5|switch 5
|
|switch|p2a: Your ded|Swellow, M|261\/261
|switch|p1a: Scyther|Scyther, M|281\/281
|turn|19
|choice|move uturn|move heatwave
|
|move|p1a: Scyther|U-turn|p2a: Your ded
|-resisted|p2a: Your ded
|-damage|p2a: Your ded|172\/261
|choice|switch 6|
|
|switch|p1a: Steelix|Steelix, F|353\/353
|move|p2a: Your ded|Heat Wave|p1a: Steelix
|-supereffective|p1a: Steelix
|-damage|p1a: Steelix|151\/353
|
|-heal|p1a: Steelix|173\/353|[from] item: Leftovers
|upkeep
|turn|20
|j|El Mojado
|c| Shequanda|what are tryouts?
|c| Shequanda|i mean
|choice|switch 3|move heatwave
|
|switch|p1a: Dusclops|Dusclops, M|114\/283 brn
|-ability|p1a: Dusclops|Pressure
|move|p2a: Your ded|Heat Wave|p1a: Dusclops
|-crit|p1a: Dusclops
|-damage|p1a: Dusclops|50\/283 brn
|
|-damage|p1a: Dusclops|15\/283 brn|[from] brn
|upkeep
|turn|21
|c| Shequanda|for what are these tryouts?
|choice|move gravity|move heatwave
|
|move|p2a: Your ded|Heat Wave|p1a: Dusclops
|-damage|p1a: Dusclops|0 fnt
|faint|p1a: Dusclops
|
|upkeep
|c|☆Comrade83|NUPL
|choice|switch 6|
|
|switch|p1a: Scyther|Scyther, M|281\/281
|turn|22
|choice|move wingattack|switch 3
|
|switch|p2a: Wall V2|Steelix, F|123\/291 brn
|move|p1a: Scyther|Wing Attack|p2a: Wall V2
|-resisted|p2a: Wall V2
|-damage|p2a: Wall V2|87\/291 brn
|
|-damage|p2a: Wall V2|51\/291 brn|[from] brn
|upkeep
|turn|23
|c| yogi✬bears...|Who needs to tryout when stags is bad??
|c| Shequanda|why is it being played in gen 6 nu?
|choice|switch 4|move thunderfang
|
|switch|p1a: Hitmonchan|Hitmonchan, M|217\/241
|move|p2a: Wall V2|Thunder Fang|p1a: Hitmonchan
|-damage|p1a: Hitmonchan|155\/241
|
|-damage|p2a: Wall V2|15\/291 brn|[from] brn
|upkeep
|turn|24
|choice|move drainpunch|move stealthrock
|
|move|p1a: Hitmonchan|Drain Punch|p2a: Wall V2
|-supereffective|p2a: Wall V2
|-damage|p2a: Wall V2|0 fnt
|-heal|p1a: Hitmonchan|163\/241|[from] drain|[of] p2a: Wall V2
|-damage|p1a: Hitmonchan|139\/241|[from] item: Life Orb
|faint|p2a: Wall V2
|
|upkeep
|c|☆Comrade83|Because NUPL isn't just relegated to SM NU
|choice||switch 3
|
|switch|p2a: Your ded|Swellow, M|172\/261
|turn|25
|choice|move machpunch|move boomburst
|
|move|p1a: Hitmonchan|Mach Punch|p2a: Your ded
|-crit|p2a: Your ded
|-damage|p2a: Your ded|0 fnt
|-damage|p1a: Hitmonchan|115\/241|[from] item: Life Orb
|faint|p2a: Your ded
|
|upkeep
|choice||switch 4
|
|switch|p2a: Foo Fighters|Primeape, M|162\/271
|turn|26
|c|☆Comrade83|Damn
|choice|move machpunch|move closecombat
|
|move|p1a: Hitmonchan|Mach Punch|p2a: Foo Fighters
|-damage|p2a: Foo Fighters|26\/271
|-damage|p1a: Hitmonchan|91\/241|[from] item: Life Orb
|move|p2a: Foo Fighters|Close Combat|p1a: Hitmonchan
|-crit|p1a: Hitmonchan
|-damage|p1a: Hitmonchan|0 fnt
|-unboost|p2a: Foo Fighters|def|1
|-unboost|p2a: Foo Fighters|spd|1
|faint|p1a: Hitmonchan
|
|upkeep
|choice|switch 4|
|
|switch|p1a: Scyther|Scyther, M|281\/281
|turn|27
|choice|move knockoff|move closecombat
|
|move|p1a: Scyther|Knock Off|p2a: Foo Fighters
|-resisted|p2a: Foo Fighters
|-damage|p2a: Foo Fighters|0 fnt
|-enditem|p2a: Foo Fighters|Choice Band|[from] move: Knock Off|[of] p1a: Scyther
|faint|p2a: Foo Fighters
|
|win|Shadowtags
|c|☆Shadowtags|gg
|c|☆Comrade83|gg</script>
</div>
<div class="battle-log battle-log-inline"><div class="inner"><div class="battle-options"></div><div class="inner"><div class="chat"><small>Shadowtags joined.</small></div><div class="chat"><small>Comrade83 joined.</small></div><div class=""><small>Format:</small> <br><strong>NU</strong></div><div class=""><small><em>Sleep Clause Mod:</em> Limit one foe put to sleep</small></div><div class=""><small><em>Species Clause:</em> Limit one of each Pokémon</small></div><div class=""><small><em>OHKO Clause:</em> OHKO moves are banned</small></div><div class=""><small><em>Moody Clause:</em> Moody is banned</small></div><div class=""><small><em>Evasion Moves Clause:</em> Evasion moves are banned</small></div><div class=""><small><em>Endless Battle Clause:</em> Forcing endless battles is banned</small></div><div class=""><small><em>HP Percentage Mod:</em> HP is shown in percentages</small></div><div class=""><small><em>Swagger Clause:</em> Swagger is banned</small></div><div class=""><small><em>Baton Pass Clause:</em> Limit one Baton Passer, can't pass Spe and other stats simultaneously</small></div><div class="chat battle-history"><strong>Shadowtags's team:</strong> <em style="color:#445566;display:block;">Dusclops / Garbodor / Steelix / Hitmonchan / Scyther / Samurott</em></div><div class="chat battle-history"><strong>Comrade83's team:</strong> <em style="color:#445566;display:block;">Zweilous / Steelix / Pelipper / Vileplume / Primeape / Swellow</em></div><div class="chat chatmessage-shadowtags"><strong style="color:hsl(126,46%,34%)"><small>☆</small><span class="username" data-name="Shadowtags">Shadowtags</span>:</strong> <em>hf</em></div><div class="chat"><small>silver aurum joined.</small></div><div class="chat"><small>Shequanda joined.</small></div><div class="chat chatmessage-comrade83"><strong style="color:hsl(120,69%,38%)"><small>☆</small><span class="username" data-name="Comrade83">Comrade83</span>:</strong> <em>silver aurum, I thought you quit</em></div><div class="spacer battle-history"><br></div><div class="battle-history">Battle started between Shadowtags and Comrade83!<br></div><div class="spacer battle-history"><br></div><div class="battle-history">Go! <strong>Samurott</strong>!<br></div><div class="spacer battle-history"><br></div><div class="battle-history">Comrade83 sent out Wall V2 (<strong>Steelix</strong>)!<br></div><div class="spacer battle-history"><br></div><h2 class="battle-history">Turn 1</h2><div class="spacer battle-history"><br></div><div class="battle-history">Comrade83 withdrew Wall V2!<br></div><div class="battle-history">Comrade83 sent out Depression (<strong>Vileplume</strong>)!<br></div><div class="spacer battle-history"><br></div><div class="battle-history">Samurott used <strong>Hydro Pump</strong>!<br></div><div class="battle-history"><small>It's not very effective...</small><br></div><div class="battle-history"><small>(The opposing Depression lost <abbr title="−121/354">34.2%</abbr> of its health!)</small><br></div><div class="battle-history"><small>Samurott lost some of its HP!</small><br></div><div class="spacer battle-history"><br></div><div class="battle-history"><small>The opposing Depression restored a little HP using its Black Sludge!</small><br></div><div class="spacer battle-history"><br></div><h2 class="battle-history">Turn 2</h2><div class="chat chatmessage-silveraurum"><strong style="color:hsl(176,78%,39.45724684695639%)"><small> </small><span class="username" data-name="silver aurum">silver aurum</span>:</strong> <em>well</em></div><div class="spacer battle-history"><br></div><div class="battle-history">Samurott used <strong>Ice Beam</strong>!<br></div><div class="battle-history"><small>It's super effective!</small><br></div><div class="battle-history"><small>(The opposing Depression lost <abbr title="−255/354">72.0%</abbr> of its health!)</small><br></div><div class="battle-history"><small>Samurott lost some of its HP!</small><br></div><div class="spacer battle-history"><br></div><div class="battle-history">The opposing Depression fainted!<br></div><div class="chat"><small>pls stop stealing joined.</small></div><div class="spacer battle-history"><br></div><div class="battle-history">Comrade83 sent out Glass Gannon (<strong>Zweilous</strong>)!<br></div><div class="spacer battle-history"><br></div><h2 class="battle-history">Turn 3</h2><div class="spacer battle-history"><br></div><div class="battle-history">The opposing Glass Gannon used <strong>Superpower</strong>!<br></div><div class="battle-history"><small>(Samurott lost <abbr title="−202/331">61.0%</abbr> of its health!)</small><br></div><div class="battle-history"><small>The opposing Glass Gannon's Attack fell!</small><br></div><div class="battle-history"><small>The opposing Glass Gannon's Defense fell!</small><br></div><div class="spacer battle-history"><br></div><div class="battle-history">Samurott used <strong>Ice Beam</strong>!<br></div><div class="battle-history"><small>It's super effective!</small><br></div><div class="battle-history"><small>(The opposing Glass Gannon lost <abbr title="−286/286">100%</abbr> of its health!)</small><br></div><div class="battle-history"><small>Samurott lost some of its HP!</small><br></div><div class="spacer battle-history"><br></div><div class="battle-history">The opposing Glass Gannon fainted!<br></div><div class="chat"><small>Shequanda left.</small></div><div class="spacer battle-history"><br></div><div class="battle-history">Comrade83 sent out Your ded (<strong>Swellow</strong>)!<br></div><div class="spacer battle-history"><br></div><h2 class="battle-history">Turn 4</h2><div class="spacer battle-history"><br></div><div class="battle-history">Samurott, come back!<br></div><div class="battle-history">Go! <strong>Steelix</strong>!<br></div><div class="spacer battle-history"><br></div><div class="battle-history">The opposing Your ded used <strong>U-turn</strong>!<br></div><div class="battle-history"><small>It's not very effective...</small><br></div><div class="battle-history"><small>(Steelix lost <abbr title="−11/353">3.1%</abbr> of its health!)</small><br></div><div class="spacer battle-history"><br></div><div class="battle-history">The opposing Your ded went back to Comrade83!<br></div><div class="battle-history">Comrade83 sent out Foo Fighters (<strong>Primeape</strong>)!<br></div><div class="spacer battle-history"><br></div><div class="battle-history"><small>Steelix restored a little HP using its Leftovers!</small><br></div><div class="spacer battle-history"><br></div><h2 class="battle-history">Turn 5</h2><div class="spacer battle-history"><br></div><div class="battle-history">Steelix, come back!<br></div><div class="battle-history">Go! <strong>Dusclops</strong>!<br></div><div class="battle-history"><small>[Dusclops's Pressure]</small><br><small>Dusclops is exerting its pressure!</small><br></div><div class="spacer battle-history"><br></div><div class="battle-history">The opposing Foo Fighters used <strong>Earthquake</strong>!<br></div><div class="battle-history"><small>(Dusclops lost <abbr title="−66/283">23.3%</abbr> of its health!)</small><br></div><div class="spacer battle-history"><br></div><h2 class="battle-history">Turn 6</h2><div class="spacer battle-history"><br></div><div class="battle-history">Comrade83 withdrew Foo Fighters!<br></div><div class="battle-history">Comrade83 sent out Wall V2 (<strong>Steelix</strong>)!<br></div><div class="spacer battle-history"><br></div><div class="battle-history">Dusclops used <strong>Will-O-Wisp</strong>!<br></div><div class="battle-history"><small>The opposing Wall V2 was burned!</small><br></div><div class="spacer battle-history"><br></div><div class="battle-history"><small>The opposing Wall V2 was hurt by its burn!</small><br></div><div class="spacer battle-history"><br></div><h2 class="battle-history">Turn 7</h2><div class="spacer battle-history"><br></div><div class="battle-history">Comrade83 withdrew Wall V2!<br></div><div class="battle-history">Comrade83 sent out PeliGod (<strong>Pelipper</strong>)!<br></div><div class="spacer battle-history"><br></div><div class="battle-history">Dusclops, come back!<br></div><div class="battle-history">Go! <strong>Hitmonchan</strong>!<br></div><div class="spacer battle-history"><br></div><h2 class="battle-history">Turn 8</h2><div class="chat chatmessage-comrade83"><strong style="color:hsl(120,69%,38%)"><small>☆</small><span class="username" data-name="Comrade83">Comrade83</span>:</strong> <em>It's been to long</em></div><div class="chat chatmessage-comrade83"><strong style="color:hsl(120,69%,38%)"><small>☆</small><span class="username" data-name="Comrade83">Comrade83</span>:</strong> <em>too</em></div><div class="spacer battle-history"><br></div><div class="battle-history">Hitmonchan, come back!<br></div><div class="battle-history">Go! <strong>Dusclops</strong>!<br></div><div class="battle-history"><small>[Dusclops's Pressure]</small><br><small>Dusclops is exerting its pressure!</small><br></div><div class="spacer battle-history"><br></div><div class="battle-history">The opposing PeliGod used <strong>Scald</strong>!<br></div><div class="battle-history"><small>(Dusclops lost <abbr title="−40/283">14.1%</abbr> of its health!)</small><br></div><div class="battle-history"><small>Dusclops was burned!</small><br></div><div class="spacer battle-history"><br></div><div class="battle-history"><small>Dusclops was hurt by its burn!</small><br></div><div class="spacer battle-history"><br></div><h2 class="battle-history">Turn 9</h2><div class="spacer battle-history"><br></div><div class="battle-history">The opposing PeliGod used <strong>U-turn</strong>!<br></div><div class="battle-history"><small>It's not very effective...</small><br></div><div class="battle-history"><small>(Dusclops lost <abbr title="−6/283">2.1%</abbr> of its health!)</small><br></div><div class="spacer battle-history"><br></div><div class="battle-history">The opposing PeliGod went back to Comrade83!<br></div><div class="battle-history">Comrade83 sent out Wall V2 (<strong>Steelix</strong>)!<br></div><div class="spacer battle-history"><br></div><div class="battle-history">Dusclops used <strong>Pain Split</strong>!<br></div><div class="battle-history"><small>The battlers shared their pain!</small><br></div><div class="spacer battle-history"><br></div><div class="battle-history"><small>The opposing Wall V2 was hurt by its burn!</small><br></div><div class="battle-history"><small>Dusclops was hurt by its burn!</small><br></div><div class="spacer battle-history"><br></div><h2 class="battle-history">Turn 10</h2><div class="chat"><small>yogi✬bears... joined.</small></div><div class="spacer battle-history"><br></div><div class="battle-history">Dusclops, come back!<br></div><div class="battle-history">Go! <strong>Hitmonchan</strong>!<br></div><div class="spacer battle-history"><br></div><div class="battle-history">The opposing Wall V2 used <strong>Stealth Rock</strong>!<br></div><div class="battle-history"><small>Pointed stones float in the air around your team!</small><br></div><div class="spacer battle-history"><br></div><div class="battle-history"><small>The opposing Wall V2 was hurt by its burn!</small><br></div><div class="spacer battle-history"><br></div><h2 class="battle-history">Turn 11</h2><div class="spacer battle-history"><br></div><div class="battle-history">Comrade83 withdrew Wall V2!<br></div><div class="battle-history">Comrade83 sent out PeliGod (<strong>Pelipper</strong>)!<br></div><div class="spacer battle-history"><br></div><div class="battle-history">Hitmonchan used <strong>Rapid Spin</strong>!<br></div><div class="battle-history"><small>(The opposing PeliGod lost <abbr title="−26/324">8.0%</abbr> of its health!)</small><br></div><div class="battle-history"><small>The pointed stones disappeared from around your team!</small><br></div><div class="battle-history"><small>Hitmonchan lost some of its HP!</small><br></div><div class="spacer battle-history"><br></div><div class="battle-history"><small>The opposing PeliGod restored a little HP using its Leftovers!</small><br></div><div class="spacer battle-history"><br></div><h2 class="battle-history">Turn 12</h2><div class="chat chatmessage-yogibears"><strong style="color:hsl(183,63%,44.99448677551407%)"><small> </small><span class="username" data-name="yogi✬bears...">yogi✬bears...</span>:</strong> <em>Eww dusclops</em></div><div class="chat chatmessage-comrade83"><strong style="color:hsl(120,69%,38%)"><small>☆</small><span class="username" data-name="Comrade83">Comrade83</span>:</strong> <em>^</em></div><div class="chat chatmessage-shadowtags"><strong style="color:hsl(126,46%,34%)"><small>☆</small><span class="username" data-name="Shadowtags">Shadowtags</span>:</strong> <em>good mon</em></div><div class="spacer battle-history"><br></div><div class="battle-history">Hitmonchan, come back!<br></div><div class="battle-history">Go! <strong>Dusclops</strong>!<br></div><div class="battle-history"><small>[Dusclops's Pressure]</small><br><small>Dusclops is exerting its pressure!</small><br></div><div class="spacer battle-history"><br></div><div class="battle-history">Comrade83 withdrew PeliGod!<br></div><div class="battle-history">Comrade83 sent out Foo Fighters (<strong>Primeape</strong>)!<br></div><div class="spacer battle-history"><br></div><div class="battle-history"><small>Dusclops was hurt by its burn!</small><br></div><div class="spacer battle-history"><br></div><h2 class="battle-history">Turn 13</h2><div class="spacer battle-history"><br></div><div class="battle-history">The opposing Foo Fighters used <strong>Earthquake</strong>!<br></div><div class="battle-history"><small>(Dusclops lost <abbr title="−72/283">25.4%</abbr> of its health!)</small><br></div><div class="spacer battle-history"><br></div><div class="battle-history">Dusclops used <strong>Pain Split</strong>!<br></div><div class="battle-history"><small>The battlers shared their pain!</small><br></div><div class="spacer battle-history"><br></div><div class="battle-history"><small>Dusclops was hurt by its burn!</small><br></div><div class="spacer battle-history"><br></div><h2 class="battle-history">Turn 14</h2><div class="chat chatmessage-yogibears"><strong style="color:hsl(183,63%,44.99448677551407%)"><small> </small><span class="username" data-name="yogi✬bears...">yogi✬bears...</span>:</strong> <em>Who are u, waters...</em></div><div class="chat chatmessage-silveraurum"><strong style="color:hsl(176,78%,39.45724684695639%)"><small> </small><span class="username" data-name="silver aurum">silver aurum</span>:</strong> <em>^</em></div><div class="chat chatmessage-comrade83"><strong style="color:hsl(120,69%,38%)"><small>☆</small><span class="username" data-name="Comrade83">Comrade83</span>:</strong> <em>^^</em></div><div class="spacer battle-history"><br></div><div class="battle-history">Comrade83 withdrew Foo Fighters!<br></div><div class="battle-history">Comrade83 sent out PeliGod (<strong>Pelipper</strong>)!<br></div><div class="spacer battle-history"><br></div><div class="battle-history">Dusclops, come back!<br></div><div class="battle-history">Go! <strong>Scyther</strong>!<br></div><div class="spacer battle-history"><br></div><div class="battle-history"><small>The opposing PeliGod restored a little HP using its Leftovers!</small><br></div><div class="spacer battle-history"><br></div><h2 class="battle-history">Turn 15</h2><div class="chat chatmessage-shadowtags"><strong style="color:hsl(126,46%,34%)"><small>☆</small><span class="username" data-name="Shadowtags">Shadowtags</span>:</strong> <em>better</em></div><div class="chat chatmessage-yogibears"><strong style="color:hsl(183,63%,44.99448677551407%)"><small> </small><span class="username" data-name="yogi✬bears...">yogi✬bears...</span>:</strong> <em>No.</em></div><div class="spacer battle-history"><br></div><div class="battle-history">Scyther used <strong>U-turn</strong>!<br></div><div class="battle-history"><small>It's not very effective...</small><br></div><div class="battle-history"><small>(The opposing PeliGod lost <abbr title="−54/324">16.7%</abbr> of its health!)</small><br></div><div class="spacer battle-history"><br></div><div class="battle-history">Scyther went back to Shadowtags!<br></div><div class="battle-history">Go! <strong>Dusclops</strong>!<br></div><div class="battle-history"><small>[Dusclops's Pressure]</small><br><small>Dusclops is exerting its pressure!</small><br></div><div class="spacer battle-history"><br></div><div class="battle-history">The opposing PeliGod used <strong>Scald</strong>!<br></div><div class="battle-history"><small>(Dusclops lost <abbr title="−42/283">14.8%</abbr> of its health!)</small><br></div><div class="spacer battle-history"><br></div><div class="battle-history"><small>The opposing PeliGod restored a little HP using its Leftovers!</small><br></div><div class="battle-history"><small>Dusclops was hurt by its burn!</small><br></div><div class="spacer battle-history"><br></div><h2 class="battle-history">Turn 16</h2><div class="spacer battle-history"><br></div><div class="battle-history">The opposing PeliGod used <strong>Scald</strong>!<br></div><div class="battle-history"><small>(Dusclops lost <abbr title="−42/283">14.8%</abbr> of its health!)</small><br></div><div class="spacer battle-history"><br></div><div class="battle-history">Dusclops used <strong>Pain Split</strong>!<br></div><div class="battle-history"><small>The battlers shared their pain!</small><br></div><div class="spacer battle-history"><br></div><div class="battle-history"><small>The opposing PeliGod restored a little HP using its Leftovers!</small><br></div><div class="battle-history"><small>Dusclops was hurt by its burn!</small><br></div><div class="spacer battle-history"><br></div><h2 class="battle-history">Turn 17</h2><div class="spacer battle-history"><br></div><div class="battle-history">Dusclops, come back!<br></div><div class="battle-history">Go! <strong>Samurott</strong>!<br></div><div class="spacer battle-history"><br></div><div class="battle-history">The opposing PeliGod used <strong>Roost</strong>!<br></div><div class="battle-history"><small>The opposing PeliGod restored its HP.</small><br></div><div class="spacer battle-history"><br></div><h2 class="battle-history">Turn 18</h2><div class="chat"><small>Shequanda joined.</small></div><div class="chat chatmessage-shadowtags"><strong style="color:hsl(126,46%,34%)"><small>☆</small><span class="username" data-name="Shadowtags">Shadowtags</span>:</strong> <em>damn</em></div><div class="spacer battle-history"><br></div><div class="battle-history">Samurott used <strong>Hidden Power</strong>!<br></div><div class="battle-history"><small>It's super effective!</small><br></div><div class="battle-history"><small>(The opposing PeliGod lost <abbr title="−324/324">100%</abbr> of its health!)</small><br></div><div class="battle-history"><small>Samurott lost some of its HP!</small><br></div><div class="spacer battle-history"><br></div><div class="battle-history">The opposing PeliGod fainted!<br></div><div class="battle-history">Samurott fainted!<br></div><div class="chat chatmessage-shadowtags"><strong style="color:hsl(126,46%,34%)"><small>☆</small><span class="username" data-name="Shadowtags">Shadowtags</span>:</strong> <em>sike</em></div><div class="chat chatmessage-comrade83"><strong style="color:hsl(120,69%,38%)"><small>☆</small><span class="username" data-name="Comrade83">Comrade83</span>:</strong> <em>I forgot it was special</em></div><div class="chat chatmessage-comrade83"><strong style="color:hsl(120,69%,38%)"><small>☆</small><span class="username" data-name="Comrade83">Comrade83</span>:</strong> <em>Fuck me</em></div><div class="spacer battle-history"><br></div><div class="battle-history">Comrade83 sent out Your ded (<strong>Swellow</strong>)!<br></div><div class="spacer battle-history"><br></div><div class="battle-history">Go! <strong>Scyther</strong>!<br></div><div class="spacer battle-history"><br></div><h2 class="battle-history">Turn 19</h2><div class="spacer battle-history"><br></div><div class="battle-history">Scyther used <strong>U-turn</strong>!<br></div><div class="battle-history"><small>It's not very effective...</small><br></div><div class="battle-history"><small>(The opposing Your ded lost <abbr title="−89/261">34.1%</abbr> of its health!)</small><br></div><div class="spacer battle-history"><br></div><div class="battle-history">Scyther went back to Shadowtags!<br></div><div class="battle-history">Go! <strong>Steelix</strong>!<br></div><div class="spacer battle-history"><br></div><div class="battle-history">The opposing Your ded used <strong>Heat Wave</strong>!<br></div><div class="battle-history"><small>It's super effective!</small><br></div><div class="battle-history"><small>(Steelix lost <abbr title="−202/353">57.2%</abbr> of its health!)</small><br></div><div class="spacer battle-history"><br></div><div class="battle-history"><small>Steelix restored a little HP using its Leftovers!</small><br></div><div class="spacer battle-history"><br></div><h2 class="battle-history">Turn 20</h2><div class="chat"><small>El Mojado joined.</small></div><div class="chat chatmessage-shequanda"><strong style="color:hsl(211,87%,48.14697395748208%)"><small> </small><span class="username" data-name="Shequanda">Shequanda</span>:</strong> <em>what are tryouts?</em></div><div class="chat chatmessage-shequanda"><strong style="color:hsl(211,87%,48.14697395748208%)"><small> </small><span class="username" data-name="Shequanda">Shequanda</span>:</strong> <em>i mean</em></div><div class="spacer battle-history"><br></div><div class="battle-history">Steelix, come back!<br></div><div class="battle-history">Go! <strong>Dusclops</strong>!<br></div><div class="battle-history"><small>[Dusclops's Pressure]</small><br><small>Dusclops is exerting its pressure!</small><br></div><div class="spacer battle-history"><br></div><div class="battle-history">The opposing Your ded used <strong>Heat Wave</strong>!<br></div><div class="battle-history"><small>A critical hit!</small><br></div><div class="battle-history"><small>(Dusclops lost <abbr title="−64/283">22.6%</abbr> of its health!)</small><br></div><div class="spacer battle-history"><br></div><div class="battle-history"><small>Dusclops was hurt by its burn!</small><br></div><div class="spacer battle-history"><br></div><h2 class="battle-history">Turn 21</h2><div class="chat chatmessage-shequanda"><strong style="color:hsl(211,87%,48.14697395748208%)"><small> </small><span class="username" data-name="Shequanda">Shequanda</span>:</strong> <em>for what are these tryouts?</em></div><div class="spacer battle-history"><br></div><div class="battle-history">The opposing Your ded used <strong>Heat Wave</strong>!<br></div><div class="battle-history"><small>(Dusclops lost <abbr title="−15/283">5.3%</abbr> of its health!)</small><br></div><div class="spacer battle-history"><br></div><div class="battle-history">Dusclops fainted!<br></div><div class="chat chatmessage-comrade83"><strong style="color:hsl(120,69%,38%)"><small>☆</small><span class="username" data-name="Comrade83">Comrade83</span>:</strong> <em>NUPL</em></div><div class="spacer battle-history"><br></div><div class="battle-history">Go! <strong>Scyther</strong>!<br></div><div class="spacer battle-history"><br></div><h2 class="battle-history">Turn 22</h2><div class="spacer battle-history"><br></div><div class="battle-history">Comrade83 withdrew Your ded!<br></div><div class="battle-history">Comrade83 sent out Wall V2 (<strong>Steelix</strong>)!<br></div><div class="spacer battle-history"><br></div><div class="battle-history">Scyther used <strong>Wing Attack</strong>!<br></div><div class="battle-history"><small>It's not very effective...</small><br></div><div class="battle-history"><small>(The opposing Wall V2 lost <abbr title="−36/291">12.4%</abbr> of its health!)</small><br></div><div class="spacer battle-history"><br></div><div class="battle-history"><small>The opposing Wall V2 was hurt by its burn!</small><br></div><div class="spacer battle-history"><br></div><h2 class="battle-history">Turn 23</h2><div class="chat chatmessage-yogibears"><strong style="color:hsl(183,63%,44.99448677551407%)"><small> </small><span class="username" data-name="yogi✬bears...">yogi✬bears...</span>:</strong> <em>Who needs to tryout when stags is bad??</em></div><div class="chat chatmessage-shequanda"><strong style="color:hsl(211,87%,48.14697395748208%)"><small> </small><span class="username" data-name="Shequanda">Shequanda</span>:</strong> <em>why is it being played in gen 6 nu?</em></div><div class="spacer battle-history"><br></div><div class="battle-history">Scyther, come back!<br></div><div class="battle-history">Go! <strong>Hitmonchan</strong>!<br></div><div class="spacer battle-history"><br></div><div class="battle-history">The opposing Wall V2 used <strong>Thunder Fang</strong>!<br></div><div class="battle-history"><small>(Hitmonchan lost <abbr title="−62/241">25.7%</abbr> of its health!)</small><br></div><div class="spacer battle-history"><br></div><div class="battle-history"><small>The opposing Wall V2 was hurt by its burn!</small><br></div><div class="spacer battle-history"><br></div><h2 class="battle-history">Turn 24</h2><div class="spacer battle-history"><br></div><div class="battle-history">Hitmonchan used <strong>Drain Punch</strong>!<br></div><div class="battle-history"><small>It's super effective!</small><br></div><div class="battle-history"><small>(The opposing Wall V2 lost <abbr title="−15/291">5.2%</abbr> of its health!)</small><br></div><div class="battle-history"><small>The opposing Wall V2 had its energy drained!</small><br></div><div class="battle-history"><small>Hitmonchan lost some of its HP!</small><br></div><div class="spacer battle-history"><br></div><div class="battle-history">The opposing Wall V2 fainted!<br></div><div class="chat chatmessage-comrade83"><strong style="color:hsl(120,69%,38%)"><small>☆</small><span class="username" data-name="Comrade83">Comrade83</span>:</strong> <em>Because NUPL isn't just relegated to SM NU</em></div><div class="spacer battle-history"><br></div><div class="battle-history">Comrade83 sent out Your ded (<strong>Swellow</strong>)!<br></div><div class="spacer battle-history"><br></div><h2 class="battle-history">Turn 25</h2><div class="spacer battle-history"><br></div><div class="battle-history">Hitmonchan used <strong>Mach Punch</strong>!<br></div><div class="battle-history"><small>A critical hit!</small><br></div><div class="battle-history"><small>(The opposing Your ded lost <abbr title="−172/261">65.9%</abbr> of its health!)</small><br></div><div class="battle-history"><small>Hitmonchan lost some of its HP!</small><br></div><div class="spacer battle-history"><br></div><div class="battle-history">The opposing Your ded fainted!<br></div><div class="spacer battle-history"><br></div><div class="battle-history">Comrade83 sent out Foo Fighters (<strong>Primeape</strong>)!<br></div><div class="spacer battle-history"><br></div><h2 class="battle-history">Turn 26</h2><div class="chat chatmessage-comrade83"><strong style="color:hsl(120,69%,38%)"><small>☆</small><span class="username" data-name="Comrade83">Comrade83</span>:</strong> <em>Damn</em></div><div class="spacer battle-history"><br></div><div class="battle-history">Hitmonchan used <strong>Mach Punch</strong>!<br></div><div class="battle-history"><small>(The opposing Foo Fighters lost <abbr title="−136/271">50.2%</abbr> of its health!)</small><br></div><div class="battle-history"><small>Hitmonchan lost some of its HP!</small><br></div><div class="spacer battle-history"><br></div><div class="battle-history">The opposing Foo Fighters used <strong>Close Combat</strong>!<br></div><div class="battle-history"><small>A critical hit!</small><br></div><div class="battle-history"><small>(Hitmonchan lost <abbr title="−91/241">37.8%</abbr> of its health!)</small><br></div><div class="battle-history"><small>The opposing Foo Fighters's Defense fell!</small><br></div><div class="battle-history"><small>The opposing Foo Fighters's Special Defense fell!</small><br></div><div class="spacer battle-history"><br></div><div class="battle-history">Hitmonchan fainted!<br></div><div class="spacer battle-history"><br></div><div class="battle-history">Go! <strong>Scyther</strong>!<br></div><div class="spacer battle-history"><br></div><h2 class="battle-history">Turn 27</h2><div class="spacer battle-history"><br></div><div class="battle-history">Scyther used <strong>Knock Off</strong>!<br></div><div class="battle-history"><small>It's not very effective...</small><br></div><div class="battle-history"><small>(The opposing Foo Fighters lost <abbr title="−26/271">9.6%</abbr> of its health!)</small><br></div><div class="battle-history"><small>Scyther knocked off the opposing Foo Fighters's Choice Band!</small><br></div><div class="spacer battle-history"><br></div><div class="battle-history">The opposing Foo Fighters fainted!<br></div><div class="spacer battle-history"><br></div><div class="battle-history"><strong>Shadowtags</strong> won the battle!<br></div><div class="chat chatmessage-shadowtags"><strong style="color:hsl(126,46%,34%)"><small>☆</small><span class="username" data-name="Shadowtags">Shadowtags</span>:</strong> <em>gg</em></div><div class="chat chatmessage-comrade83"><strong style="color:hsl(120,69%,38%)"><small>☆</small><span class="username" data-name="Comrade83">Comrade83</span>:</strong> <em>gg</em></div></div><div class="inner-preempt"></div></div></div>
</div>
<script>
let daily = Math.floor(Date.now()/1000/60/60/24);document.write('<script src="https://play.pokemonshowdown.com/js/replay-embed.js?version'+daily+'"></'+'script>');
</script>
