<!DOCTYPE html>
<meta charset="utf-8" />
<!-- version 1 -->
<title>NU replay: Flamita vs. Cardenas19</title>
<style>
html,body {font-family:Verdana, sans-serif;font-size:10pt;margin:0;padding:0;}body{padding:12px 0;} .battle-log {font-family:Verdana, sans-serif;font-size:10pt;} .battle-log-inline {border:1px solid #AAAAAA;background:#EEF2F5;color:black;max-width:640px;margin:0 auto 80px;padding-bottom:5px;} .battle-log .inner {padding:4px 8px 0px 8px;} .battle-log .inner-preempt {padding:0 8px 4px 8px;} .battle-log .inner-after {margin-top:0.5em;} .battle-log h2 {margin:0.5em -8px;padding:4px 8px;border:1px solid #AAAAAA;background:#E0E7EA;border-left:0;border-right:0;font-family:Verdana, sans-serif;font-size:13pt;} .battle-log .chat {vertical-align:middle;padding:3px 0 3px 0;font-size:8pt;} .battle-log .chat strong {color:#40576A;} .battle-log .chat em {padding:1px 4px 1px 3px;color:#000000;font-style:normal;} .chat.mine {background:rgba(0,0,0,0.05);margin-left:-8px;margin-right:-8px;padding-left:8px;padding-right:8px;} .spoiler {color:#BBBBBB;background:#BBBBBB;padding:0px 3px;} .spoiler:hover, .spoiler:active, .spoiler-shown {color:#000000;background:#E2E2E2;padding:0px 3px;} .spoiler a {color:#BBBBBB;} .spoiler:hover a, .spoiler:active a, .spoiler-shown a {color:#2288CC;} .chat code, .chat .spoiler:hover code, .chat .spoiler:active code, .chat .spoiler-shown code {border:1px solid #C0C0C0;background:#EEEEEE;color:black;padding:0 2px;} .chat .spoiler code {border:1px solid #CCCCCC;background:#CCCCCC;color:#CCCCCC;} .battle-log .rated {padding:3px 4px;} .battle-log .rated strong {color:white;background:#89A;padding:1px 4px;border-radius:4px;} .spacer {margin-top:0.5em;} .message-announce {background:#6688AA;color:white;padding:1px 4px 2px;} .message-announce a, .broadcast-green a, .broadcast-blue a, .broadcast-red a {color:#DDEEFF;} .broadcast-green {background-color:#559955;color:white;padding:2px 4px;} .broadcast-blue {background-color:#6688AA;color:white;padding:2px 4px;} .infobox {border:1px solid #6688AA;padding:2px 4px;} .infobox-limited {max-height:200px;overflow:auto;overflow-x:hidden;} .broadcast-red {background-color:#AA5544;color:white;padding:2px 4px;} .message-learn-canlearn {font-weight:bold;color:#228822;text-decoration:underline;} .message-learn-cannotlearn {font-weight:bold;color:#CC2222;text-decoration:underline;} .message-effect-weak {font-weight:bold;color:#CC2222;} .message-effect-resist {font-weight:bold;color:#6688AA;} .message-effect-immune {font-weight:bold;color:#666666;} .message-learn-list {margin-top:0;margin-bottom:0;} .message-throttle-notice, .message-error {color:#992222;} .message-overflow, .chat small.message-overflow {font-size:0pt;} .message-overflow::before {font-size:9pt;content:'...';} .subtle {color:#3A4A66;}
</style>
<div class="wrapper replay-wrapper" style="max-width:1180px;margin:0 auto">
<input type="hidden" name="replayid" value="destiny-nu-517989" />
<div class="battle"></div><div class="battle-log"></div><div class="replay-controls"></div><div class="replay-controls-2"></div>
<h1 style="font-weight:normal;text-align:center"><strong>NU</strong><br /><a href="http://pokemonshowdown.com/users/flamita" class="subtle" target="_blank">Flamita</a> vs. <a href="http://pokemonshowdown.com/users/cardenas19" class="subtle" target="_blank">Cardenas19</a></h1>
<script type="text/plain" class="battle-log-data">|player|p1|Flamita|flamita-27.gif?de7c37da
|teamsize|p1|6
|player|p2|Cardenas19|cardenas19-12.gif?d3cd5044
|teamsize|p2|6
|teamsize|p1|6
|teamsize|p2|6
|gametype|singles
|gen|7
|tier|NU
|seed|37894,59839,12977,8132
|rule|Cláusula-Mod de Dormir: solo puedes dormir a uno de tus oponentes a la vez.
|rule|Cláusula de Especie: Hasta un Pokémon de cada especie
|rule|Cláusula de Golpe Fulminante: los movimientos fulminantes (OHKO) estan prohibidos
|rule|Cláusula de Veleta: la habilidad Veleta está prohibida
|rule|Cláusula de Movimientos Evasivos: los movimientos de Evasión están prohibidos.
|rule|Cláusula de Batallas Eternas: forzar batallas eternas está prohibido
|clearpoke
|poke|p1|Garbodor, M|item
|poke|p1|Minior|item
|poke|p1|Sneasel, M|item
|poke|p1|Braviary, M|item
|poke|p1|Mismagius, F|item
|poke|p1|Vaporeon, F|item
|poke|p2|Medicham, F|item
|poke|p2|Slowbro, M|item
|poke|p2|Rhydon, F|item
|poke|p2|Silvally-*|item
|poke|p2|Houndoom, M|item
|poke|p2|Whimsicott, M|item
|teampreview|undefined
|choice|*team 123456|*
|choice|*team 123456|*
|choice|*|*team 321456
|choice|team 1, 2, 3, 4, 5, 6|team 3, 2, 1, 4, 5, 6
|
|start
|switch|p1a: Garbodor|Garbodor, M|301\/301
|switch|p2a: Rhydon|Rhydon, F|353\/353
|turn|1
|choice|*move 3|*
|choice|*|*move 1
|choice|move toxicspikes|move stealthrock
|
|move|p1a: Garbodor|Toxic Spikes|p2a: Rhydon
|-sidestart|p2: Cardenas19|move: Toxic Spikes
|move|p2a: Rhydon|Stealth Rock|p1a: Garbodor
|-sidestart|p1: Flamita|move: Stealth Rock
|
|upkeep
|turn|2
|choice|*|*move 4
|choice|*move 2|*
|choice|move spikes|move swordsdance
|
|move|p1a: Garbodor|Spikes|p2a: Rhydon
|-sidestart|p2: Cardenas19|Spikes
|move|p2a: Rhydon|Swords Dance|p2a: Rhydon
|-boost|p2a: Rhydon|atk|2
|
|upkeep
|turn|3
|choice|*move 2|*
|choice|*|*move 2
|choice|move spikes|move earthquake
|
|move|p1a: Garbodor|Spikes|p2a: Rhydon
|-sidestart|p2: Cardenas19|Spikes
|move|p2a: Rhydon|Earthquake|p1a: Garbodor
|-supereffective|p1a: Garbodor
|-damage|p1a: Garbodor|0 fnt
|faint|p1a: Garbodor
|
|upkeep
|choice|*switch 6|*
|choice|switch 6|
|
|switch|p1a: Vaporeon|Vaporeon, F|401\/401
|-damage|p1a: Vaporeon|351\/401|[from] Stealth Rock
|turn|4
|choice|*move 2|*
|choice|*|*move 3
|choice|move hydropump|move rockblast
|
|move|p1a: Vaporeon|Hydro Pump|p2a: Rhydon
|-supereffective|p2a: Rhydon
|-damage|p2a: Rhydon|0 fnt
|faint|p2a: Rhydon
|
|upkeep
|choice|*|*switch 4
|choice||switch 4
|
|switch|p2a: Silvally|Silvally-Steel|343\/343
|-damage|p2a: Silvally|286\/343|[from] Spikes
|turn|5
|choice|*|*move 2
|choice|*move 2|*
|choice|move hydropump|move partingshot
|
|move|p2a: Silvally|Parting Shot|p1a: Vaporeon
|-unboost|p1a: Vaporeon|atk|1
|-unboost|p1a: Vaporeon|spa|1
|choice|*|*switch 6
|choice||switch 6
|
|switch|p2a: Whimsicott|Whimsicott, M|261\/261|[from]move: Parting Shot
|-damage|p2a: Whimsicott|218\/261|[from] Spikes
|-status|p2a: Whimsicott|psn
|move|p1a: Vaporeon|Hydro Pump|p2a: Whimsicott|[miss]
|-miss|p1a: Vaporeon|p2a: Whimsicott
|
|-damage|p2a: Whimsicott|186\/261 psn|[from] psn
|upkeep
|turn|6
|choice|*switch 4|*
|choice|*|*move 1
|choice|switch 4|move moonblast
|
|switch|p1a: Braviary|Braviary, M|341\/341
|-damage|p1a: Braviary|256\/341|[from] Stealth Rock
|move|p2a: Whimsicott|Moonblast|p1a: Braviary
|-damage|p1a: Braviary|15\/341
|
|-damage|p2a: Whimsicott|154\/261 psn|[from] psn
|upkeep
|turn|7
|choice|*|*move 1
|choice|*move 4|*
|choice|move uturn|move moonblast
|
|move|p1a: Braviary|U-turn|p2a: Whimsicott
|-damage|p2a: Whimsicott|57\/261 psn
|choice|*switch 2|*
|choice|switch 2|
|
|switch|p1a: Minior|Minior|230\/230|[from]move: U-turn
|-damage|p1a: Minior|173\/230|[from] Stealth Rock
|-formechange|p1a: Minior|Minior-Meteor|[from] ability: Shields Down
|move|p2a: Whimsicott|Moonblast|p1a: Minior
|-damage|p1a: Minior|0 fnt
|faint|p1a: Minior
|
|-damage|p2a: Whimsicott|25\/261 psn|[from] psn
|upkeep
|choice|*switch 3|*
|choice|switch 3|
|
|switch|p1a: Sneasel|Sneasel, M|251\/251
|-damage|p1a: Sneasel|189\/251|[from] Stealth Rock
|turn|8
|choice|*move 3|*
|choice|*|*move 1
|choice|move iceshard|move moonblast
|
|move|p1a: Sneasel|Ice Shard|p2a: Whimsicott
|-supereffective|p2a: Whimsicott
|-damage|p2a: Whimsicott|0 fnt
|faint|p2a: Whimsicott
|
|upkeep
|choice|*|*switch 6
|choice||switch 6
|
|switch|p2a: Silvally|Silvally-Steel|286\/343
|-damage|p2a: Silvally|229\/343|[from] Spikes
|turn|9
|choice|*|*move 4
|choice|*switch 2|*
|choice|switch 2|move multiattack
|
|switch|p1a: Braviary|Braviary, M|15\/341
|-damage|p1a: Braviary|0 fnt|[from] Stealth Rock
|faint|p1a: Braviary
|move|p2a: Silvally|Multi-Attack|p1: Braviary|[notarget]
|-notarget
|
|upkeep
|choice|*switch 5|*
|choice|switch 5|
|
|switch|p1a: Mismagius|Mismagius, F|261\/261
|-damage|p1a: Mismagius|229\/261|[from] Stealth Rock
|turn|10
|choice|*move 1|*
|choice|*|*move 4
|choice|move nastyplot|move multiattack
|
|move|p1a: Mismagius|Nasty Plot|p1a: Mismagius
|-boost|p1a: Mismagius|spa|2
|move|p2a: Silvally|Multi-Attack|p1a: Mismagius
|-damage|p1a: Mismagius|87\/261
|
|upkeep
|turn|11
|choice|*move 2|*
|choice|*move 2|*
|choice|*|*move 4
|choice|move shadowball|move multiattack
|
|move|p1a: Mismagius|Shadow Ball|p2a: Silvally
|-damage|p2a: Silvally|25\/343
|-unboost|p2a: Silvally|spd|1
|move|p2a: Silvally|Multi-Attack|p1a: Mismagius
|-damage|p1a: Mismagius|0 fnt
|faint|p1a: Mismagius
|
|upkeep
|choice|*switch 2|*
|choice|switch 2|
|
|switch|p1a: Sneasel|Sneasel, M|189\/251
|-damage|p1a: Sneasel|127\/251|[from] Stealth Rock
|turn|12
|choice|*|*move 4
|choice|*move 1|*
|choice|move knockoff|move multiattack
|
|move|p1a: Sneasel|Knock Off|p2a: Silvally
|-damage|p2a: Silvally|0 fnt
|faint|p2a: Silvally
|
|upkeep
|choice|*|*switch 3
|choice||switch 3
|
|switch|p2a: Medicham|Medicham, F|261\/261
|-damage|p2a: Medicham|218\/261|[from] Spikes
|-status|p2a: Medicham|psn
|turn|13
|choice|*|*move 2
|choice|*move 1|*
|choice|move knockoff|move bulletpunch
|
|move|p2a: Medicham|Bullet Punch|p1a: Sneasel
|-supereffective|p1a: Sneasel
|-damage|p1a: Sneasel|0 fnt
|-damage|p2a: Medicham|192\/261 psn|[from] item: Life Orb
|faint|p1a: Sneasel
|
|-damage|p2a: Medicham|160\/261 psn|[from] psn
|upkeep
|choice|*switch 4|*
|choice|switch 4|
|
|switch|p1a: Vaporeon|Vaporeon, F|351\/401
|-damage|p1a: Vaporeon|301\/401|[from] Stealth Rock
|turn|14
|choice|*|*move 3
|choice|*move 1 zmove|*
|choice|move celebrate zmove|move thunderpunch
|
|move|p2a: Medicham|Thunder Punch|p1a: Vaporeon
|-supereffective|p1a: Vaporeon
|-damage|p1a: Vaporeon|0 fnt
|-damage|p2a: Medicham|134\/261 psn|[from] item: Life Orb
|faint|p1a: Vaporeon
|
|win|Cardenas19
</script>
</div>
<div class="battle-log battle-log-inline"><div class="inner"><div class="battle-options"></div><div class="inner"><div class=""><small>Format:</small> <br><strong>NU</strong></div><div class=""><small><em>Cláusula-Mod de Dormir:</em> solo puedes dormir a uno de tus oponentes a la vez.</small></div><div class=""><small><em>Cláusula de Especie:</em> Hasta un Pokémon de cada especie</small></div><div class=""><small><em>Cláusula de Golpe Fulminante:</em> los movimientos fulminantes (OHKO) estan prohibidos</small></div><div class=""><small><em>Cláusula de Veleta:</em> la habilidad Veleta está prohibida</small></div><div class=""><small><em>Cláusula de Movimientos Evasivos:</em> los movimientos de Evasión están prohibidos.</small></div><div class=""><small><em>Cláusula de Batallas Eternas:</em> forzar batallas eternas está prohibido</small></div><div class="chat battle-history"><strong>Flamita's team:</strong> <em style="color:#445566;display:block;">Garbodor / Minior / Sneasel / Braviary / Mismagius / Vaporeon</em></div><div class="chat battle-history"><strong>Cardenas19's team:</strong> <em style="color:#445566;display:block;">Medicham / Slowbro / Rhydon / Silvally-* / Houndoom / Whimsicott</em></div><div class="spacer battle-history"><br></div><div class="battle-history">Battle started between Flamita and Cardenas19!<br></div><div class="spacer battle-history"><br></div><div class="battle-history">Go! <strong>Garbodor</strong>!<br></div><div class="spacer battle-history"><br></div><div class="battle-history">Cardenas19 sent out <strong>Rhydon</strong>!<br></div><div class="spacer battle-history"><br></div><h2 class="battle-history">Turn 1</h2><div class="spacer battle-history"><br></div><div class="battle-history">Garbodor used <strong>Toxic Spikes</strong>!<br></div><div class="battle-history"><small>Poison spikes were scattered on the ground all around the opposing team!</small><br></div><div class="spacer battle-history"><br></div><div class="battle-history">The opposing Rhydon used <strong>Stealth Rock</strong>!<br></div><div class="battle-history"><small>Pointed stones float in the air around your team!</small><br></div><div class="spacer battle-history"><br></div><h2 class="battle-history">Turn 2</h2><div class="spacer battle-history"><br></div><div class="battle-history">Garbodor used <strong>Spikes</strong>!<br></div><div class="battle-history"><small>Spikes were scattered on the ground all around the opposing team!</small><br></div><div class="spacer battle-history"><br></div><div class="battle-history">The opposing Rhydon used <strong>Swords Dance</strong>!<br></div><div class="battle-history"><small>The opposing Rhydon's Attack rose sharply!</small><br></div><div class="spacer battle-history"><br></div><h2 class="battle-history">Turn 3</h2><div class="spacer battle-history"><br></div><div class="battle-history">Garbodor used <strong>Spikes</strong>!<br></div><div class="battle-history"><small>Spikes were scattered on the ground all around the opposing team!</small><br></div><div class="spacer battle-history"><br></div><div class="battle-history">The opposing Rhydon used <strong>Earthquake</strong>!<br></div><div class="battle-history"><small>It's super effective!</small><br></div><div class="battle-history"><small>(Garbodor lost <abbr title="−301/301">100%</abbr> of its health!)</small><br></div><div class="spacer battle-history"><br></div><div class="battle-history">Garbodor fainted!<br></div><div class="spacer battle-history"><br></div><div class="battle-history">Go! <strong>Vaporeon</strong>!<br></div><div class="battle-history"><small>Pointed stones dug into Vaporeon!</small><br></div><div class="spacer battle-history"><br></div><h2 class="battle-history">Turn 4</h2><div class="spacer battle-history"><br></div><div class="battle-history">Vaporeon used <strong>Hydro Pump</strong>!<br></div><div class="battle-history"><small>It's super effective!</small><br></div><div class="battle-history"><small>(The opposing Rhydon lost <abbr title="−353/353">100%</abbr> of its health!)</small><br></div><div class="spacer battle-history"><br></div><div class="battle-history">The opposing Rhydon fainted!<br></div><div class="spacer battle-history"><br></div><div class="battle-history">Cardenas19 sent out Silvally (<strong>Silvally-Steel</strong>)!<br></div><div class="battle-history"><small>The opposing Silvally is hurt by the spikes!</small><br></div><div class="spacer battle-history"><br></div><h2 class="battle-history">Turn 5</h2><div class="spacer battle-history"><br></div><div class="battle-history">The opposing Silvally used <strong>Parting Shot</strong>!<br></div><div class="battle-history"><small>Vaporeon's Attack fell!</small><br></div><div class="battle-history"><small>Vaporeon's Special Attack fell!</small><br></div><div class="spacer battle-history"><br></div><div class="battle-history">Cardenas19 withdrew Silvally!<br></div><div class="battle-history">Cardenas19 sent out <strong>Whimsicott</strong>!<br></div><div class="battle-history"><small>The opposing Whimsicott is hurt by the spikes!</small><br></div><div class="battle-history"><small>The opposing Whimsicott was poisoned!</small><br></div><div class="spacer battle-history"><br></div><div class="battle-history">Vaporeon used <strong>Hydro Pump</strong>!<br></div><div class="battle-history"><small>The opposing Whimsicott avoided the attack!</small><br></div><div class="spacer battle-history"><br></div><div class="battle-history"><small>The opposing Whimsicott was hurt by poison!</small><br></div><div class="spacer battle-history"><br></div><h2 class="battle-history">Turn 6</h2><div class="spacer battle-history"><br></div><div class="battle-history">Vaporeon, come back!<br></div><div class="battle-history">Go! <strong>Braviary</strong>!<br></div><div class="battle-history"><small>Pointed stones dug into Braviary!</small><br></div><div class="spacer battle-history"><br></div><div class="battle-history">The opposing Whimsicott used <strong>Moonblast</strong>!<br></div><div class="battle-history"><small>(Braviary lost <abbr title="−241/341">70.7%</abbr> of its health!)</small><br></div><div class="spacer battle-history"><br></div><div class="battle-history"><small>The opposing Whimsicott was hurt by poison!</small><br></div><div class="spacer battle-history"><br></div><h2 class="battle-history">Turn 7</h2><div class="spacer battle-history"><br></div><div class="battle-history">Braviary used <strong>U-turn</strong>!<br></div><div class="battle-history"><small>(The opposing Whimsicott lost <abbr title="−97/261">37.2%</abbr> of its health!)</small><br></div><div class="spacer battle-history"><br></div><div class="battle-history">Braviary went back to Flamita!<br></div><div class="battle-history">Go! <strong>Minior</strong>!<br></div><div class="battle-history"><small>Pointed stones dug into Minior!</small><br></div><div class="battle-history"><small>[Minior's Shields Down]</small><br>Shields Down deactivated!<br>(Minior shielded itself.)<br></div><div class="spacer battle-history"><br></div><div class="battle-history">The opposing Whimsicott used <strong>Moonblast</strong>!<br></div><div class="battle-history"><small>(Minior lost <abbr title="−173/230">75.2%</abbr> of its health!)</small><br></div><div class="spacer battle-history"><br></div><div class="battle-history">Minior fainted!<br></div><div class="spacer battle-history"><br></div><div class="battle-history"><small>The opposing Whimsicott was hurt by poison!</small><br></div><div class="spacer battle-history"><br></div><div class="battle-history">Go! <strong>Sneasel</strong>!<br></div><div class="battle-history"><small>Pointed stones dug into Sneasel!</small><br></div><div class="spacer battle-history"><br></div><h2 class="battle-history">Turn 8</h2><div class="spacer battle-history"><br></div><div class="battle-history">Sneasel used <strong>Ice Shard</strong>!<br></div><div class="battle-history"><small>It's super effective!</small><br></div><div class="battle-history"><small>(The opposing Whimsicott lost <abbr title="−25/261">9.6%</abbr> of its health!)</small><br></div><div class="spacer battle-history"><br></div><div class="battle-history">The opposing Whimsicott fainted!<br></div><div class="spacer battle-history"><br></div><div class="battle-history">Cardenas19 sent out Silvally (<strong>Silvally-Steel</strong>)!<br></div><div class="battle-history"><small>The opposing Silvally is hurt by the spikes!</small><br></div><div class="spacer battle-history"><br></div><h2 class="battle-history">Turn 9</h2><div class="spacer battle-history"><br></div><div class="battle-history">Sneasel, come back!<br></div><div class="battle-history">Go! <strong>Braviary</strong>!<br></div><div class="battle-history"><small>Pointed stones dug into Braviary!</small><br></div><div class="spacer battle-history"><br></div><div class="battle-history">Braviary fainted!<br></div><div class="battle-history">The opposing Silvally used <strong>Multi-Attack</strong>!<br></div><div class="battle-history"><small>But there was no target...</small><br></div><div class="spacer battle-history"><br></div><div class="battle-history">Go! <strong>Mismagius</strong>!<br></div><div class="battle-history"><small>Pointed stones dug into Mismagius!</small><br></div><div class="spacer battle-history"><br></div><h2 class="battle-history">Turn 10</h2><div class="spacer battle-history"><br></div><div class="battle-history">Mismagius used <strong>Nasty Plot</strong>!<br></div><div class="battle-history"><small>Mismagius's Special Attack rose sharply!</small><br></div><div class="spacer battle-history"><br></div><div class="battle-history">The opposing Silvally used <strong>Multi-Attack</strong>!<br></div><div class="battle-history"><small>(Mismagius lost <abbr title="−142/261">54.4%</abbr> of its health!)</small><br></div><div class="spacer battle-history"><br></div><h2 class="battle-history">Turn 11</h2><div class="spacer battle-history"><br></div><div class="battle-history">Mismagius used <strong>Shadow Ball</strong>!<br></div><div class="battle-history"><small>(The opposing Silvally lost <abbr title="−204/343">59.5%</abbr> of its health!)</small><br></div><div class="battle-history"><small>The opposing Silvally's Special Defense fell!</small><br></div><div class="spacer battle-history"><br></div><div class="battle-history">The opposing Silvally used <strong>Multi-Attack</strong>!<br></div><div class="battle-history"><small>(Mismagius lost <abbr title="−87/261">33.3%</abbr> of its health!)</small><br></div><div class="spacer battle-history"><br></div><div class="battle-history">Mismagius fainted!<br></div><div class="spacer battle-history"><br></div><div class="battle-history">Go! <strong>Sneasel</strong>!<br></div><div class="battle-history"><small>Pointed stones dug into Sneasel!</small><br></div><div class="spacer battle-history"><br></div><h2 class="battle-history">Turn 12</h2><div class="spacer battle-history"><br></div><div class="battle-history">Sneasel used <strong>Knock Off</strong>!<br></div><div class="battle-history"><small>(The opposing Silvally lost <abbr title="−25/343">7.3%</abbr> of its health!)</small><br></div><div class="spacer battle-history"><br></div><div class="battle-history">The opposing Silvally fainted!<br></div><div class="spacer battle-history"><br></div><div class="battle-history">Cardenas19 sent out <strong>Medicham</strong>!<br></div><div class="battle-history"><small>The opposing Medicham is hurt by the spikes!</small><br></div><div class="battle-history"><small>The opposing Medicham was poisoned!</small><br></div><div class="spacer battle-history"><br></div><h2 class="battle-history">Turn 13</h2><div class="spacer battle-history"><br></div><div class="battle-history">The opposing Medicham used <strong>Bullet Punch</strong>!<br></div><div class="battle-history"><small>It's super effective!</small><br></div><div class="battle-history"><small>(Sneasel lost <abbr title="−127/251">50.6%</abbr> of its health!)</small><br></div><div class="battle-history"><small>The opposing Medicham lost some of its HP!</small><br></div><div class="spacer battle-history"><br></div><div class="battle-history">Sneasel fainted!<br></div><div class="spacer battle-history"><br></div><div class="battle-history"><small>The opposing Medicham was hurt by poison!</small><br></div><div class="spacer battle-history"><br></div><div class="battle-history">Go! <strong>Vaporeon</strong>!<br></div><div class="battle-history"><small>Pointed stones dug into Vaporeon!</small><br></div><div class="spacer battle-history"><br></div><h2 class="battle-history">Turn 14</h2><div class="spacer battle-history"><br></div><div class="battle-history">The opposing Medicham used <strong>Thunder Punch</strong>!<br></div><div class="battle-history"><small>It's super effective!</small><br></div><div class="battle-history"><small>(Vaporeon lost <abbr title="−301/401">75.1%</abbr> of its health!)</small><br></div><div class="battle-history"><small>The opposing Medicham lost some of its HP!</small><br></div><div class="spacer battle-history"><br></div><div class="battle-history">Vaporeon fainted!<br></div><div class="spacer battle-history"><br></div><div class="battle-history"><strong>Cardenas19</strong> won the battle!<br></div></div><div class="inner-preempt"></div></div></div>
</div>
<script>
let daily = Math.floor(Date.now()/1000/60/60/24);document.write('<script src="https://play.pokemonshowdown.com/js/replay-embed.js?version'+daily+'"></'+'script>');
</script>
