<!DOCTYPE html>
<meta charset="utf-8" />
<!-- version 1 -->
<title>NU replay: Natalie vs. Mrs. Sawk</title>
<style>
html,body {font-family:Verdana, sans-serif;font-size:10pt;margin:0;padding:0;}body{padding:12px 0;} .battle-log {font-family:Verdana, sans-serif;font-size:10pt;} .battle-log-inline {border:1px solid #AAAAAA;background:#EEF2F5;color:black;max-width:640px;margin:0 auto 80px;padding-bottom:5px;} .battle-log .inner {padding:4px 8px 0px 8px;} .battle-log .inner-preempt {padding:0 8px 4px 8px;} .battle-log .inner-after {margin-top:0.5em;} .battle-log h2 {margin:0.5em -8px;padding:4px 8px;border:1px solid #AAAAAA;background:#E0E7EA;border-left:0;border-right:0;font-family:Verdana, sans-serif;font-size:13pt;} .battle-log .chat {vertical-align:middle;padding:3px 0 3px 0;font-size:8pt;} .battle-log .chat strong {color:#40576A;} .battle-log .chat em {padding:1px 4px 1px 3px;color:#000000;font-style:normal;} .chat.mine {background:rgba(0,0,0,0.05);margin-left:-8px;margin-right:-8px;padding-left:8px;padding-right:8px;} .spoiler {color:#BBBBBB;background:#BBBBBB;padding:0px 3px;} .spoiler:hover, .spoiler:active, .spoiler-shown {color:#000000;background:#E2E2E2;padding:0px 3px;} .spoiler a {color:#BBBBBB;} .spoiler:hover a, .spoiler:active a, .spoiler-shown a {color:#2288CC;} .chat code, .chat .spoiler:hover code, .chat .spoiler:active code, .chat .spoiler-shown code {border:1px solid #C0C0C0;background:#EEEEEE;color:black;padding:0 2px;} .chat .spoiler code {border:1px solid #CCCCCC;background:#CCCCCC;color:#CCCCCC;} .battle-log .rated {padding:3px 4px;} .battle-log .rated strong {color:white;background:#89A;padding:1px 4px;border-radius:4px;} .spacer {margin-top:0.5em;} .message-announce {background:#6688AA;color:white;padding:1px 4px 2px;} .message-announce a, .broadcast-green a, .broadcast-blue a, .broadcast-red a {color:#DDEEFF;} .broadcast-green {background-color:#559955;color:white;padding:2px 4px;} .broadcast-blue {background-color:#6688AA;color:white;padding:2px 4px;} .infobox {border:1px solid #6688AA;padding:2px 4px;} .infobox-limited {max-height:200px;overflow:auto;overflow-x:hidden;} .broadcast-red {background-color:#AA5544;color:white;padding:2px 4px;} .message-learn-canlearn {font-weight:bold;color:#228822;text-decoration:underline;} .message-learn-cannotlearn {font-weight:bold;color:#CC2222;text-decoration:underline;} .message-effect-weak {font-weight:bold;color:#CC2222;} .message-effect-resist {font-weight:bold;color:#6688AA;} .message-effect-immune {font-weight:bold;color:#666666;} .message-learn-list {margin-top:0;margin-bottom:0;} .message-throttle-notice, .message-error {color:#992222;} .message-overflow, .chat small.message-overflow {font-size:0pt;} .message-overflow::before {font-size:9pt;content:'...';} .subtle {color:#3A4A66;}
</style>
<div class="wrapper replay-wrapper" style="max-width:1180px;margin:0 auto">
<input type="hidden" name="replayid" value="nu-530861878" />
<div class="battle"></div><div class="battle-log"></div><div class="replay-controls"></div><div class="replay-controls-2"></div>
<h1 style="font-weight:normal;text-align:center"><strong>NU</strong><br /><a href="http://pokemonshowdown.com/users/natalie" class="subtle" target="_blank">Natalie</a> vs. <a href="http://pokemonshowdown.com/users/mrssawk" class="subtle" target="_blank">Mrs. Sawk</a></h1>
<script type="text/plain" class="battle-log-data">|j|Natalie
|j|Mrs. Sawk
|player|p1|Natalie|81
|player|p2|Mrs. Sawk|170
|gametype|singles
|gen|6
|tier|NU
|seed|33986,53724,48065,7304
|rule|Sleep Clause Mod: Limit one foe put to sleep
|rule|Species Clause: Limit one of each Pokémon
|rule|OHKO Clause: OHKO moves are banned
|rule|Moody Clause: Moody is banned
|rule|Evasion Moves Clause: Evasion moves are banned
|rule|Endless Battle Clause: Forcing endless battles is banned
|rule|HP Percentage Mod: HP is shown in percentages
|clearpoke
|poke|p1|Mesprit|item
|poke|p1|Hariyama, M|item
|poke|p1|Steelix, M|item
|poke|p1|Mantine, F|item
|poke|p1|Tauros, M|item
|poke|p1|Abomasnow, M|item
|poke|p2|Hitmonchan, M|item
|poke|p2|Jynx, F|item
|poke|p2|Garbodor, M|item
|poke|p2|Rhydon, M|item
|poke|p2|Swellow, M|item
|poke|p2|Lanturn, M|item
|rule|Swagger Clause: Swagger is banned
|rule|Baton Pass Clause: Limit one Baton Passer, can't pass Spe and other stats simultaneously
|teampreview
|j|Stats Bot
|l|Stats Bot
|j|Ras♤Berry Pie ✔
|c|★Mrs. Sawk|omg
|j|Yoshi2410
|c|★Mrs. Sawk|it's Natalie!
|j|chooossseen
|c|★Natalie|it is
|j|V°lkner
|j|Chrus is nub
|j|DirtyBulbasaurUser
|c| chooossseen|hi
|c|★Mrs. Sawk|hi
|c| V°lkner|omg
|c| V°lkner|it's Mrs. Sawk!
|j|Crample
|c|★Mrs. Sawk|thanks
|c| chooossseen|gl hf
|j|RedFox2405
|choice|team 2, team 1, team 3, team 4, team 5, team 6|team 5, team 2, team 3, team 4, team 1, team 6
|
|start
|switch|p1a: pigeon plane|Hariyama, M|429\/429
|switch|p2a: Minneapolis|Swellow, M|261\/261
|turn|1
|choice|switch 3|move boomburst
|
|switch|p1a: it's a shame|Steelix, M|352\/352
|move|p2a: Minneapolis|Boomburst|p1a: it's a shame
|-resisted|p1a: it's a shame
|-damage|p1a: it's a shame|230\/352
|
|-heal|p1a: it's a shame|252\/352|[from] item: Leftovers
|upkeep
|turn|2
|choice|move stealthrock|switch 4
|
|switch|p2a: Richfield|Rhydon, M|414\/414
|move|p1a: it's a shame|Stealth Rock|p2a: Richfield
|-sidestart|p2: Mrs. Sawk|move: Stealth Rock
|
|-heal|p1a: it's a shame|274\/352|[from] item: Leftovers
|upkeep
|turn|3
|c| Crample|o_O MFW Mrs.Sawk doesn't use Sawk lol
|choice|move earthquake|move stealthrock
|
|move|p2a: Richfield|Stealth Rock|p1a: it's a shame
|-sidestart|p1: Natalie|move: Stealth Rock
|move|p1a: it's a shame|Earthquake|p2a: Richfield
|-supereffective|p2a: Richfield
|-damage|p2a: Richfield|252\/414
|
|-heal|p1a: it's a shame|296\/352|[from] item: Leftovers
|upkeep
|turn|4
|c| Yoshi2410|ikr
|c| Crample|Hitmonchan HYPE tho
|c|★Mrs. Sawk|Sawk is banned in this tier.
|choice|move heavyslam|move earthquake
|
|move|p2a: Richfield|Earthquake|p1a: it's a shame
|-supereffective|p1a: it's a shame
|-damage|p1a: it's a shame|102\/352
|move|p1a: it's a shame|Heavy Slam|p2a: Richfield
|-supereffective|p2a: Richfield
|-damage|p2a: Richfield|130\/414
|
|-heal|p1a: it's a shame|124\/352|[from] item: Leftovers
|upkeep
|turn|5
|c| Crample|booooo
|c| Chrus is nub|boycot the tier
|c| DirtyBulbasaurUser|waiting for the jynx sweep though
|choice|move heavyslam|move earthquake
|
|move|p2a: Richfield|Earthquake|p1a: it's a shame
|-supereffective|p1a: it's a shame
|-damage|p1a: it's a shame|0 fnt
|faint|p1a: it's a shame
|
|upkeep
|choice|switch 2|
|
|switch|p1a: flip a bird|Mesprit|301\/301
|-damage|p1a: flip a bird|264\/301|[from] Stealth Rock
|turn|6
|choice|move icebeam|move megahorn
|
|move|p1a: flip a bird|Ice Beam|p2a: Richfield
|-supereffective|p2a: Richfield
|-damage|p2a: Richfield|0 fnt
|faint|p2a: Richfield
|
|upkeep
|choice||switch 6
|
|switch|p2a: Bloomington|Lanturn, M|391\/391
|-damage|p2a: Bloomington|343\/391|[from] Stealth Rock
|turn|7
|choice|move psyshock|move signalbeam
|
|move|p1a: flip a bird|Psyshock|p2a: Bloomington
|-damage|p2a: Bloomington|139\/391
|move|p2a: Bloomington|Signal Beam|p1a: flip a bird
|-supereffective|p1a: flip a bird
|-damage|p1a: flip a bird|132\/301
|
|upkeep
|turn|8
|choice|move psyshock|move signalbeam
|
|move|p1a: flip a bird|Psyshock|p2a: Bloomington
|-damage|p2a: Bloomington|0 fnt
|faint|p2a: Bloomington
|
|upkeep
|choice||switch 4
|
|switch|p2a: Minneapolis|Swellow, M|261\/261
|-damage|p2a: Minneapolis|196\/261|[from] Stealth Rock
|turn|9
|choice|move icebeam|move boomburst
|
|move|p2a: Minneapolis|Boomburst|p1a: flip a bird
|-damage|p1a: flip a bird|0 fnt
|faint|p1a: flip a bird
|
|upkeep
|choice|switch 3|
|
|switch|p1a: pigeon plane|Hariyama, M|429\/429
|-damage|p1a: pigeon plane|403\/429|[from] Stealth Rock
|turn|10
|choice|move knockoff|move boomburst
|
|move|p2a: Minneapolis|Boomburst|p1a: pigeon plane
|-damage|p1a: pigeon plane|243\/429
|move|p1a: pigeon plane|Knock Off|p2a: Minneapolis
|-damage|p2a: Minneapolis|12\/261
|-enditem|p2a: Minneapolis|Choice Specs|[from] move: Knock Off|[of] p1a: pigeon plane
|
|upkeep
|turn|11
|choice|move bulletpunch|move boomburst
|
|move|p1a: pigeon plane|Bullet Punch|p2a: Minneapolis
|-damage|p2a: Minneapolis|0 fnt
|faint|p2a: Minneapolis
|
|upkeep
|choice||switch 3
|
|switch|p2a: Woodbury|Garbodor, M|351\/351
|-damage|p2a: Woodbury|308\/351|[from] Stealth Rock
|turn|12
|choice|switch 4|move toxicspikes
|
|switch|p1a: it's a word|Mantine, F|313\/313
|-damage|p1a: it's a word|235\/313|[from] Stealth Rock
|move|p2a: Woodbury|Toxic Spikes|p1a: it's a word
|-sidestart|p1: Natalie|move: Toxic Spikes
|
|-heal|p1a: it's a word|254\/313|[from] item: Leftovers
|upkeep
|turn|13
|choice|move scald|move gunkshot
|
|move|p2a: Woodbury|Gunk Shot|p1a: it's a word
|-damage|p1a: it's a word|125\/313
|-status|p1a: it's a word|psn
|move|p1a: it's a word|Scald|p2a: Woodbury
|-damage|p2a: Woodbury|220\/351
|
|-heal|p1a: it's a word|144\/313 psn|[from] item: Leftovers
|-damage|p1a: it's a word|105\/313 psn|[from] psn
|upkeep
|turn|14
|choice|move scald|move gunkshot
|
|move|p2a: Woodbury|Gunk Shot|p1a: it's a word
|-damage|p1a: it's a word|0 fnt
|faint|p1a: it's a word
|
|upkeep
|j|pikaxo
|choice|switch 5|
|
|switch|p1a: matches2gas leaks|Tauros, M|291\/291
|-damage|p1a: matches2gas leaks|255\/291|[from] Stealth Rock
|-status|p1a: matches2gas leaks|psn
|turn|15
|choice|move earthquake|move gunkshot
|
|move|p1a: matches2gas leaks|Earthquake|p2a: Woodbury
|-supereffective|p2a: Woodbury
|-damage|p2a: Woodbury|15\/351
|-damage|p1a: matches2gas leaks|226\/291 psn|[from] item: Life Orb
|move|p2a: Woodbury|Gunk Shot|p1a: matches2gas leaks
|-damage|p1a: matches2gas leaks|85\/291 psn
|
|-damage|p1a: matches2gas leaks|49\/291 psn|[from] psn
|upkeep
|turn|16
|choice|move earthquake|move gunkshot
|
|move|p1a: matches2gas leaks|Earthquake|p2a: Woodbury
|-supereffective|p2a: Woodbury
|-damage|p2a: Woodbury|0 fnt
|-damage|p1a: matches2gas leaks|20\/291 psn|[from] item: Life Orb
|faint|p2a: Woodbury
|
|-damage|p1a: matches2gas leaks|0 fnt|[from] psn
|upkeep
|faint|p1a: matches2gas leaks
|c|★Mrs. Sawk|2v2
|l|Ras♤Berry Pie ✔
|c|★Mrs. Sawk|perfectly fair.
|c| Crample|match in the gas tank BOOM BOOM
|choice|switch 6|switch 2
|
|switch|p2a: Edina|Jynx, F|271\/271
|switch|p1a: pick a lane|Abomasnow, M|321\/321
|-status|p1a: pick a lane|psn
|-damage|p1a: pick a lane|241\/321 psn|[from] Stealth Rock
|-weather|Hail|[from] ability: Snow Warning|[of] p1a: pick a lane
|-damage|p2a: Edina|204\/271|[from] Stealth Rock
|turn|17
|c| Yoshi2410|almost same type as well
|choice|move woodhammer|move lovelykiss
|
|move|p1a: pick a lane|Wood Hammer|p2a: Edina
|-damage|p2a: Edina|0 fnt
|-damage|p1a: pick a lane|174\/321 psn|[from] recoil|[of] p2a: Edina
|faint|p2a: Edina
|
|-weather|Hail|[upkeep]
|-damage|p1a: pick a lane|134\/321 psn|[from] psn
|upkeep
|choice||switch 5
|
|switch|p2a: St. Paul|Hitmonchan, M|241\/241
|-damage|p2a: St. Paul|226\/241|[from] Stealth Rock
|turn|18
|c| Crample|MY SHOE DONE FELL OFF GILBERT
|c|★Mrs. Sawk|must be a scarf.
|c| chooossseen|gg
|choice|move woodhammer|move machpunch
|
|move|p2a: St. Paul|Mach Punch|p1a: pick a lane
|-supereffective|p1a: pick a lane
|-damage|p1a: pick a lane|0 fnt
|-damage|p2a: St. Paul|202\/241|[from] item: Life Orb
|faint|p1a: pick a lane
|
|-weather|Hail|[upkeep]
|-damage|p2a: St. Paul|187\/241|[from] hail
|upkeep
|choice|switch 4|
|
|switch|p1a: pigeon plane|Hariyama, M|243\/429
|-status|p1a: pigeon plane|psn
|-damage|p1a: pigeon plane|217\/429 psn|[from] Stealth Rock
|turn|19
|c| Crample|HERE WE GO
|choice|move closecombat|move drainpunch
|
|move|p2a: St. Paul|Drain Punch|p1a: pigeon plane
|-damage|p1a: pigeon plane|0 fnt
|-heal|p2a: St. Paul|241\/241|[from] drain|[of] p1a: pigeon plane
|-damage|p2a: St. Paul|217\/241|[from] item: Life Orb
|faint|p1a: pigeon plane
|
|win|Mrs. Sawk
|player|p1
|player|p2</script>
</div>
<div class="battle-log battle-log-inline"><div class="inner"><div class="battle-options"></div><div class="inner"><div class="chat"><small>Natalie joined.</small></div><div class="chat"><small>Mrs. Sawk joined.</small></div><div class=""><small>Format:</small> <br><strong>NU</strong></div><div class=""><small><em>Sleep Clause Mod:</em> Limit one foe put to sleep</small></div><div class=""><small><em>Species Clause:</em> Limit one of each Pokémon</small></div><div class=""><small><em>OHKO Clause:</em> OHKO moves are banned</small></div><div class=""><small><em>Moody Clause:</em> Moody is banned</small></div><div class=""><small><em>Evasion Moves Clause:</em> Evasion moves are banned</small></div><div class=""><small><em>Endless Battle Clause:</em> Forcing endless battles is banned</small></div><div class=""><small><em>HP Percentage Mod:</em> HP is shown in percentages</small></div><div class=""><small><em>Swagger Clause:</em> Swagger is banned</small></div><div class=""><small><em>Baton Pass Clause:</em> Limit one Baton Passer, can't pass Spe and other stats simultaneously</small></div><div class="chat battle-history"><strong>Natalie's team:</strong> <em style="color:#445566;display:block;">Mesprit / Hariyama / Steelix / Mantine / Tauros / Abomasnow</em></div><div class="chat battle-history"><strong>Mrs. Sawk's team:</strong> <em style="color:#445566;display:block;">Hitmonchan / Jynx / Garbodor / Rhydon / Swellow / Lanturn</em></div><div class="chat"><small>Stats Bot joined.</small></div><div class="chat"><small>Stats Bot left.</small></div><div class="chat"><small>Ras♤Berry Pie ✔ joined.</small></div><div class="chat chatmessage-mrssawk"><strong style="color:hsl(345,68%,44%)"><small>★</small><span class="username" data-name="Mrs. Sawk">Mrs. Sawk</span>:</strong> <em>omg</em></div><div class="chat"><small>Yoshi2410 joined.</small></div><div class="chat chatmessage-mrssawk"><strong style="color:hsl(345,68%,44%)"><small>★</small><span class="username" data-name="Mrs. Sawk">Mrs. Sawk</span>:</strong> <em>it's Natalie!</em></div><div class="chat"><small>chooossseen joined.</small></div><div class="chat chatmessage-natalie"><strong style="color:hsl(102,59%,31%)"><small>★</small><span class="username" data-name="Natalie">Natalie</span>:</strong> <em>it is</em></div><div class="chat"><small>V°lkner joined.</small></div><div class="chat"><small>Chrus is nub joined.</small></div><div class="chat"><small>DirtyBulbasaurUser joined.</small></div><div class="chat chatmessage-chooossseen"><strong style="color:hsl(151,54%,32.571757260562215%)"><small> </small><span class="username" data-name="chooossseen">chooossseen</span>:</strong> <em>hi</em></div><div class="chat chatmessage-mrssawk"><strong style="color:hsl(345,68%,44%)"><small>★</small><span class="username" data-name="Mrs. Sawk">Mrs. Sawk</span>:</strong> <em>hi</em></div><div class="chat chatmessage-vlkner"><strong style="color:hsl(327,47%,45.45254382574606%)"><small> </small><span class="username" data-name="V°lkner">V°lkner</span>:</strong> <em>omg</em></div><div class="chat chatmessage-vlkner"><strong style="color:hsl(327,47%,45.45254382574606%)"><small> </small><span class="username" data-name="V°lkner">V°lkner</span>:</strong> <em>it's Mrs. Sawk!</em></div><div class="chat"><small>Crample joined.</small></div><div class="chat chatmessage-mrssawk"><strong style="color:hsl(345,68%,44%)"><small>★</small><span class="username" data-name="Mrs. Sawk">Mrs. Sawk</span>:</strong> <em>thanks</em></div><div class="chat chatmessage-chooossseen"><strong style="color:hsl(151,54%,32.571757260562215%)"><small> </small><span class="username" data-name="chooossseen">chooossseen</span>:</strong> <em>gl hf</em></div><div class="chat"><small>RedFox2405 joined.</small></div><div class="spacer battle-history"><br></div><div class="battle-history">Battle started between Natalie and Mrs. Sawk!<br></div><div class="spacer battle-history"><br></div><div class="battle-history">Go! pigeon plane (<strong>Hariyama</strong>)!<br></div><div class="spacer battle-history"><br></div><div class="battle-history">Mrs. Sawk sent out Minneapolis (<strong>Swellow</strong>)!<br></div><div class="spacer battle-history"><br></div><h2 class="battle-history">Turn 1</h2><div class="spacer battle-history"><br></div><div class="battle-history">pigeon plane, come back!<br></div><div class="battle-history">Go! it's a shame (<strong>Steelix</strong>)!<br></div><div class="spacer battle-history"><br></div><div class="battle-history">The opposing Minneapolis used <strong>Boomburst</strong>!<br></div><div class="battle-history"><small>It's not very effective...</small><br></div><div class="battle-history"><small>(it's a shame lost <abbr title="−122/352">34.7%</abbr> of its health!)</small><br></div><div class="spacer battle-history"><br></div><div class="battle-history"><small>it's a shame restored a little HP using its Leftovers!</small><br></div><div class="spacer battle-history"><br></div><h2 class="battle-history">Turn 2</h2><div class="spacer battle-history"><br></div><div class="battle-history">Mrs. Sawk withdrew Minneapolis!<br></div><div class="battle-history">Mrs. Sawk sent out Richfield (<strong>Rhydon</strong>)!<br></div><div class="spacer battle-history"><br></div><div class="battle-history">it's a shame used <strong>Stealth Rock</strong>!<br></div><div class="battle-history"><small>Pointed stones float in the air around the opposing team!</small><br></div><div class="spacer battle-history"><br></div><div class="battle-history"><small>it's a shame restored a little HP using its Leftovers!</small><br></div><div class="spacer battle-history"><br></div><h2 class="battle-history">Turn 3</h2><div class="chat chatmessage-crample"><strong style="color:hsl(61,52%,35%)"><small> </small><span class="username" data-name="Crample">Crample</span>:</strong> <em>o_O MFW Mrs.Sawk doesn't use Sawk lol</em></div><div class="spacer battle-history"><br></div><div class="battle-history">The opposing Richfield used <strong>Stealth Rock</strong>!<br></div><div class="battle-history"><small>Pointed stones float in the air around your team!</small><br></div><div class="spacer battle-history"><br></div><div class="battle-history">it's a shame used <strong>Earthquake</strong>!<br></div><div class="battle-history"><small>It's super effective!</small><br></div><div class="battle-history"><small>(The opposing Richfield lost <abbr title="−162/414">39.1%</abbr> of its health!)</small><br></div><div class="spacer battle-history"><br></div><div class="battle-history"><small>it's a shame restored a little HP using its Leftovers!</small><br></div><div class="spacer battle-history"><br></div><h2 class="battle-history">Turn 4</h2><div class="chat chatmessage-yoshi2410"><strong style="color:hsl(141,66%,39.385162011847676%)"><small> </small><span class="username" data-name="Yoshi2410">Yoshi2410</span>:</strong> <em>ikr</em></div><div class="chat chatmessage-crample"><strong style="color:hsl(61,52%,35%)"><small> </small><span class="username" data-name="Crample">Crample</span>:</strong> <em>Hitmonchan HYPE tho</em></div><div class="chat chatmessage-mrssawk"><strong style="color:hsl(345,68%,44%)"><small>★</small><span class="username" data-name="Mrs. Sawk">Mrs. Sawk</span>:</strong> <em>Sawk is banned in this tier.</em></div><div class="spacer battle-history"><br></div><div class="battle-history">The opposing Richfield used <strong>Earthquake</strong>!<br></div><div class="battle-history"><small>It's super effective!</small><br></div><div class="battle-history"><small>(it's a shame lost <abbr title="−194/352">55.1%</abbr> of its health!)</small><br></div><div class="spacer battle-history"><br></div><div class="battle-history">it's a shame used <strong>Heavy Slam</strong>!<br></div><div class="battle-history"><small>It's super effective!</small><br></div><div class="battle-history"><small>(The opposing Richfield lost <abbr title="−122/414">29.5%</abbr> of its health!)</small><br></div><div class="spacer battle-history"><br></div><div class="battle-history"><small>it's a shame restored a little HP using its Leftovers!</small><br></div><div class="spacer battle-history"><br></div><h2 class="battle-history">Turn 5</h2><div class="chat chatmessage-crample"><strong style="color:hsl(61,52%,35%)"><small> </small><span class="username" data-name="Crample">Crample</span>:</strong> <em>booooo</em></div><div class="chat chatmessage-chrusisnub"><strong style="color:hsl(64,63%,37.336752301997336%)"><small> </small><span class="username" data-name="Chrus is nub">Chrus is nub</span>:</strong> <em>boycot the tier</em></div><div class="chat chatmessage-dirtybulbasauruser"><strong style="color:hsl(173,58%,43.81074599747316%)"><small> </small><span class="username" data-name="DirtyBulbasaurUser">DirtyBulbasaurUser</span>:</strong> <em>waiting for the jynx sweep though</em></div><div class="spacer battle-history"><br></div><div class="battle-history">The opposing Richfield used <strong>Earthquake</strong>!<br></div><div class="battle-history"><small>It's super effective!</small><br></div><div class="battle-history"><small>(it's a shame lost <abbr title="−124/352">35.2%</abbr> of its health!)</small><br></div><div class="spacer battle-history"><br></div><div class="battle-history">it's a shame fainted!<br></div><div class="spacer battle-history"><br></div><div class="battle-history">Go! flip a bird (<strong>Mesprit</strong>)!<br></div><div class="battle-history"><small>Pointed stones dug into flip a bird!</small><br></div><div class="spacer battle-history"><br></div><h2 class="battle-history">Turn 6</h2><div class="spacer battle-history"><br></div><div class="battle-history">flip a bird used <strong>Ice Beam</strong>!<br></div><div class="battle-history"><small>It's super effective!</small><br></div><div class="battle-history"><small>(The opposing Richfield lost <abbr title="−130/414">31.4%</abbr> of its health!)</small><br></div><div class="spacer battle-history"><br></div><div class="battle-history">The opposing Richfield fainted!<br></div><div class="spacer battle-history"><br></div><div class="battle-history">Mrs. Sawk sent out Bloomington (<strong>Lanturn</strong>)!<br></div><div class="battle-history"><small>Pointed stones dug into the opposing Bloomington!</small><br></div><div class="spacer battle-history"><br></div><h2 class="battle-history">Turn 7</h2><div class="spacer battle-history"><br></div><div class="battle-history">flip a bird used <strong>Psyshock</strong>!<br></div><div class="battle-history"><small>(The opposing Bloomington lost <abbr title="−204/391">52.2%</abbr> of its health!)</small><br></div><div class="spacer battle-history"><br></div><div class="battle-history">The opposing Bloomington used <strong>Signal Beam</strong>!<br></div><div class="battle-history"><small>It's super effective!</small><br></div><div class="battle-history"><small>(flip a bird lost <abbr title="−132/301">43.9%</abbr> of its health!)</small><br></div><div class="spacer battle-history"><br></div><h2 class="battle-history">Turn 8</h2><div class="spacer battle-history"><br></div><div class="battle-history">flip a bird used <strong>Psyshock</strong>!<br></div><div class="battle-history"><small>(The opposing Bloomington lost <abbr title="−139/391">35.5%</abbr> of its health!)</small><br></div><div class="spacer battle-history"><br></div><div class="battle-history">The opposing Bloomington fainted!<br></div><div class="spacer battle-history"><br></div><div class="battle-history">Mrs. Sawk sent out Minneapolis (<strong>Swellow</strong>)!<br></div><div class="battle-history"><small>Pointed stones dug into the opposing Minneapolis!</small><br></div><div class="spacer battle-history"><br></div><h2 class="battle-history">Turn 9</h2><div class="spacer battle-history"><br></div><div class="battle-history">The opposing Minneapolis used <strong>Boomburst</strong>!<br></div><div class="battle-history"><small>(flip a bird lost <abbr title="−132/301">43.9%</abbr> of its health!)</small><br></div><div class="spacer battle-history"><br></div><div class="battle-history">flip a bird fainted!<br></div><div class="spacer battle-history"><br></div><div class="battle-history">Go! pigeon plane (<strong>Hariyama</strong>)!<br></div><div class="battle-history"><small>Pointed stones dug into pigeon plane!</small><br></div><div class="spacer battle-history"><br></div><h2 class="battle-history">Turn 10</h2><div class="spacer battle-history"><br></div><div class="battle-history">The opposing Minneapolis used <strong>Boomburst</strong>!<br></div><div class="battle-history"><small>(pigeon plane lost <abbr title="−160/429">37.3%</abbr> of its health!)</small><br></div><div class="spacer battle-history"><br></div><div class="battle-history">pigeon plane used <strong>Knock Off</strong>!<br></div><div class="battle-history"><small>(The opposing Minneapolis lost <abbr title="−184/261">70.5%</abbr> of its health!)</small><br></div><div class="battle-history"><small>pigeon plane knocked off the opposing Minneapolis's Choice Specs!</small><br></div><div class="spacer battle-history"><br></div><h2 class="battle-history">Turn 11</h2><div class="spacer battle-history"><br></div><div class="battle-history">pigeon plane used <strong>Bullet Punch</strong>!<br></div><div class="battle-history"><small>(The opposing Minneapolis lost <abbr title="−12/261">4.6%</abbr> of its health!)</small><br></div><div class="spacer battle-history"><br></div><div class="battle-history">The opposing Minneapolis fainted!<br></div><div class="spacer battle-history"><br></div><div class="battle-history">Mrs. Sawk sent out Woodbury (<strong>Garbodor</strong>)!<br></div><div class="battle-history"><small>Pointed stones dug into the opposing Woodbury!</small><br></div><div class="spacer battle-history"><br></div><h2 class="battle-history">Turn 12</h2><div class="spacer battle-history"><br></div><div class="battle-history">pigeon plane, come back!<br></div><div class="battle-history">Go! it's a word (<strong>Mantine</strong>)!<br></div><div class="battle-history"><small>Pointed stones dug into it's a word!</small><br></div><div class="spacer battle-history"><br></div><div class="battle-history">The opposing Woodbury used <strong>Toxic Spikes</strong>!<br></div><div class="battle-history"><small>Poison spikes were scattered on the ground all around your team!</small><br></div><div class="spacer battle-history"><br></div><div class="battle-history"><small>it's a word restored a little HP using its Leftovers!</small><br></div><div class="spacer battle-history"><br></div><h2 class="battle-history">Turn 13</h2><div class="spacer battle-history"><br></div><div class="battle-history">The opposing Woodbury used <strong>Gunk Shot</strong>!<br></div><div class="battle-history"><small>(it's a word lost <abbr title="−129/313">41.2%</abbr> of its health!)</small><br></div><div class="battle-history"><small>it's a word was poisoned!</small><br></div><div class="spacer battle-history"><br></div><div class="battle-history">it's a word used <strong>Scald</strong>!<br></div><div class="battle-history"><small>(The opposing Woodbury lost <abbr title="−88/351">25.1%</abbr> of its health!)</small><br></div><div class="spacer battle-history"><br></div><div class="battle-history"><small>it's a word restored a little HP using its Leftovers!</small><br></div><div class="battle-history"><small>it's a word was hurt by poison!</small><br></div><div class="spacer battle-history"><br></div><h2 class="battle-history">Turn 14</h2><div class="spacer battle-history"><br></div><div class="battle-history">The opposing Woodbury used <strong>Gunk Shot</strong>!<br></div><div class="battle-history"><small>(it's a word lost <abbr title="−105/313">33.5%</abbr> of its health!)</small><br></div><div class="spacer battle-history"><br></div><div class="battle-history">it's a word fainted!<br></div><div class="chat"><small>pikaxo joined.</small></div><div class="spacer battle-history"><br></div><div class="battle-history">Go! matches2gas leaks (<strong>Tauros</strong>)!<br></div><div class="battle-history"><small>Pointed stones dug into matches2gas leaks!</small><br></div><div class="battle-history"><small>matches2gas leaks was poisoned!</small><br></div><div class="spacer battle-history"><br></div><h2 class="battle-history">Turn 15</h2><div class="spacer battle-history"><br></div><div class="battle-history">matches2gas leaks used <strong>Earthquake</strong>!<br></div><div class="battle-history"><small>It's super effective!</small><br></div><div class="battle-history"><small>(The opposing Woodbury lost <abbr title="−205/351">58.4%</abbr> of its health!)</small><br></div><div class="battle-history"><small>matches2gas leaks lost some of its HP!</small><br></div><div class="spacer battle-history"><br></div><div class="battle-history">The opposing Woodbury used <strong>Gunk Shot</strong>!<br></div><div class="battle-history"><small>(matches2gas leaks lost <abbr title="−141/291">48.5%</abbr> of its health!)</small><br></div><div class="spacer battle-history"><br></div><div class="battle-history"><small>matches2gas leaks was hurt by poison!</small><br></div><div class="spacer battle-history"><br></div><h2 class="battle-history">Turn 16</h2><div class="spacer battle-history"><br></div><div class="battle-history">matches2gas leaks used <strong>Earthquake</strong>!<br></div><div class="battle-history"><small>It's super effective!</small><br></div><div class="battle-history"><small>(The opposing Woodbury lost <abbr title="−15/351">4.3%</abbr> of its health!)</small><br></div><div class="battle-history"><small>matches2gas leaks lost some of its HP!</small><br></div><div class="spacer battle-history"><br></div><div class="battle-history">The opposing Woodbury fainted!<br></div><div class="spacer battle-history"><br></div><div class="battle-history"><small>matches2gas leaks was hurt by poison!</small><br></div><div class="spacer battle-history"><br></div><div class="battle-history">matches2gas leaks fainted!<br></div><div class="chat chatmessage-mrssawk"><strong style="color:hsl(345,68%,44%)"><small>★</small><span class="username" data-name="Mrs. Sawk">Mrs. Sawk</span>:</strong> <em>2v2</em></div><div class="chat"><small>Ras♤Berry Pie ✔ left.</small></div><div class="chat chatmessage-mrssawk"><strong style="color:hsl(345,68%,44%)"><small>★</small><span class="username" data-name="Mrs. Sawk">Mrs. Sawk</span>:</strong> <em>perfectly fair.</em></div><div class="chat chatmessage-crample"><strong style="color:hsl(61,52%,35%)"><small> </small><span class="username" data-name="Crample">Crample</span>:</strong> <em>match in the gas tank BOOM BOOM</em></div><div class="spacer battle-history"><br></div><div class="battle-history">Mrs. Sawk sent out Edina (<strong>Jynx</strong>)!<br></div><div class="spacer battle-history"><br></div><div class="battle-history">Go! pick a lane (<strong>Abomasnow</strong>)!<br></div><div class="battle-history"><small>pick a lane was poisoned!</small><br></div><div class="battle-history"><small>Pointed stones dug into pick a lane!</small><br></div><div class="battle-history"><small>[pick a lane's Snow Warning]</small><br><small>It started to hail!</small><br></div><div class="battle-history"><small>Pointed stones dug into the opposing Edina!</small><br></div><div class="spacer battle-history"><br></div><h2 class="battle-history">Turn 17</h2><div class="chat chatmessage-yoshi2410"><strong style="color:hsl(141,66%,39.385162011847676%)"><small> </small><span class="username" data-name="Yoshi2410">Yoshi2410</span>:</strong> <em>almost same type as well</em></div><div class="spacer battle-history"><br></div><div class="battle-history">pick a lane used <strong>Wood Hammer</strong>!<br></div><div class="battle-history"><small>(The opposing Edina lost <abbr title="−204/271">75.3%</abbr> of its health!)</small><br></div><div class="battle-history"><small>pick a lane is damaged by the recoil!</small><br></div><div class="spacer battle-history"><br></div><div class="battle-history">The opposing Edina fainted!<br></div><div class="spacer battle-history"><br></div><div class="battle-history"><small>The hail is crashing down.</small><br></div><div class="battle-history"><small>pick a lane was hurt by poison!</small><br></div><div class="spacer battle-history"><br></div><div class="battle-history">Mrs. Sawk sent out St. Paul (<strong>Hitmonchan</strong>)!<br></div><div class="battle-history"><small>Pointed stones dug into the opposing St. Paul!</small><br></div><div class="spacer battle-history"><br></div><h2 class="battle-history">Turn 18</h2><div class="chat chatmessage-crample"><strong style="color:hsl(61,52%,35%)"><small> </small><span class="username" data-name="Crample">Crample</span>:</strong> <em>MY SHOE DONE FELL OFF GILBERT</em></div><div class="chat chatmessage-mrssawk"><strong style="color:hsl(345,68%,44%)"><small>★</small><span class="username" data-name="Mrs. Sawk">Mrs. Sawk</span>:</strong> <em>must be a scarf.</em></div><div class="chat chatmessage-chooossseen"><strong style="color:hsl(151,54%,32.571757260562215%)"><small> </small><span class="username" data-name="chooossseen">chooossseen</span>:</strong> <em>gg</em></div><div class="spacer battle-history"><br></div><div class="battle-history">The opposing St. Paul used <strong>Mach Punch</strong>!<br></div><div class="battle-history"><small>It's super effective!</small><br></div><div class="battle-history"><small>(pick a lane lost <abbr title="−134/321">41.7%</abbr> of its health!)</small><br></div><div class="battle-history"><small>The opposing St. Paul lost some of its HP!</small><br></div><div class="spacer battle-history"><br></div><div class="battle-history">pick a lane fainted!<br></div><div class="spacer battle-history"><br></div><div class="battle-history"><small>The hail is crashing down.</small><br></div><div class="battle-history"><small>The opposing St. Paul is buffeted by the hail!</small><br></div><div class="spacer battle-history"><br></div><div class="battle-history">Go! pigeon plane (<strong>Hariyama</strong>)!<br></div><div class="battle-history"><small>pigeon plane was poisoned!</small><br></div><div class="battle-history"><small>Pointed stones dug into pigeon plane!</small><br></div><div class="spacer battle-history"><br></div><h2 class="battle-history">Turn 19</h2><div class="chat chatmessage-crample"><strong style="color:hsl(61,52%,35%)"><small> </small><span class="username" data-name="Crample">Crample</span>:</strong> <em>HERE WE GO</em></div><div class="spacer battle-history"><br></div><div class="battle-history">The opposing St. Paul used <strong>Drain Punch</strong>!<br></div><div class="battle-history"><small>(pigeon plane lost <abbr title="−217/429">50.6%</abbr> of its health!)</small><br></div><div class="battle-history"><small>pigeon plane had its energy drained!</small><br></div><div class="battle-history"><small>The opposing St. Paul lost some of its HP!</small><br></div><div class="spacer battle-history"><br></div><div class="battle-history">pigeon plane fainted!<br></div><div class="spacer battle-history"><br></div><div class="battle-history"><strong>Mrs. Sawk</strong> won the battle!<br></div></div><div class="inner-preempt"></div></div></div>
</div>
<script>
let daily = Math.floor(Date.now()/1000/60/60/24);document.write('<script src="https://play.pokemonshowdown.com/js/replay-embed.js?version'+daily+'"></'+'script>');
</script>
