<!DOCTYPE html>
<meta charset="utf-8" />
<!-- version 1 -->
<title>NU replay: luckypokeshot vs. finna climb</title>
<style>
html,body {font-family:Verdana, sans-serif;font-size:10pt;margin:0;padding:0;}body{padding:12px 0;} .battle-log {font-family:Verdana, sans-serif;font-size:10pt;} .battle-log-inline {border:1px solid #AAAAAA;background:#EEF2F5;color:black;max-width:640px;margin:0 auto 80px;padding-bottom:5px;} .battle-log .inner {padding:4px 8px 0px 8px;} .battle-log .inner-preempt {padding:0 8px 4px 8px;} .battle-log .inner-after {margin-top:0.5em;} .battle-log h2 {margin:0.5em -8px;padding:4px 8px;border:1px solid #AAAAAA;background:#E0E7EA;border-left:0;border-right:0;font-family:Verdana, sans-serif;font-size:13pt;} .battle-log .chat {vertical-align:middle;padding:3px 0 3px 0;font-size:8pt;} .battle-log .chat strong {color:#40576A;} .battle-log .chat em {padding:1px 4px 1px 3px;color:#000000;font-style:normal;} .chat.mine {background:rgba(0,0,0,0.05);margin-left:-8px;margin-right:-8px;padding-left:8px;padding-right:8px;} .spoiler {color:#BBBBBB;background:#BBBBBB;padding:0px 3px;} .spoiler:hover, .spoiler:active, .spoiler-shown {color:#000000;background:#E2E2E2;padding:0px 3px;} .spoiler a {color:#BBBBBB;} .spoiler:hover a, .spoiler:active a, .spoiler-shown a {color:#2288CC;} .chat code, .chat .spoiler:hover code, .chat .spoiler:active code, .chat .spoiler-shown code {border:1px solid #C0C0C0;background:#EEEEEE;color:black;padding:0 2px;} .chat .spoiler code {border:1px solid #CCCCCC;background:#CCCCCC;color:#CCCCCC;} .battle-log .rated {padding:3px 4px;} .battle-log .rated strong {color:white;background:#89A;padding:1px 4px;border-radius:4px;} .spacer {margin-top:0.5em;} .message-announce {background:#6688AA;color:white;padding:1px 4px 2px;} .message-announce a, .broadcast-green a, .broadcast-blue a, .broadcast-red a {color:#DDEEFF;} .broadcast-green {background-color:#559955;color:white;padding:2px 4px;} .broadcast-blue {background-color:#6688AA;color:white;padding:2px 4px;} .infobox {border:1px solid #6688AA;padding:2px 4px;} .infobox-limited {max-height:200px;overflow:auto;overflow-x:hidden;} .broadcast-red {background-color:#AA5544;color:white;padding:2px 4px;} .message-learn-canlearn {font-weight:bold;color:#228822;text-decoration:underline;} .message-learn-cannotlearn {font-weight:bold;color:#CC2222;text-decoration:underline;} .message-effect-weak {font-weight:bold;color:#CC2222;} .message-effect-resist {font-weight:bold;color:#6688AA;} .message-effect-immune {font-weight:bold;color:#666666;} .message-learn-list {margin-top:0;margin-bottom:0;} .message-throttle-notice, .message-error {color:#992222;} .message-overflow, .chat small.message-overflow {font-size:0pt;} .message-overflow::before {font-size:9pt;content:'...';} .subtle {color:#3A4A66;}
</style>
<div class="wrapper replay-wrapper" style="max-width:1180px;margin:0 auto">
<input type="hidden" name="replayid" value="nu-508286700" />
<div class="battle"></div><div class="battle-log"></div><div class="replay-controls"></div><div class="replay-controls-2"></div>
<h1 style="font-weight:normal;text-align:center"><strong>NU</strong><br /><a href="http://pokemonshowdown.com/users/luckypokeshot" class="subtle" target="_blank">luckypokeshot</a> vs. <a href="http://pokemonshowdown.com/users/finnaclimb" class="subtle" target="_blank">finna climb</a></h1>
<script type="text/plain" class="battle-log-data">|j|luckypokeshot
|j|finna climb
|player|p1|luckypokeshot|25
|player|p2|finna climb|141
|gametype|singles
|gen|6
|tier|NU
|seed|19202,43980,23288,4427
|rule|Sleep Clause Mod: Limit one foe put to sleep
|rule|Species Clause: Limit one of each Pokémon
|rule|OHKO Clause: OHKO moves are banned
|rule|Moody Clause: Moody is banned
|rule|Evasion Moves Clause: Evasion moves are banned
|rule|Endless Battle Clause: Forcing endless battles is banned
|rule|HP Percentage Mod: HP is shown in percentages
|clearpoke
|poke|p1|Scraggy, F|item
|poke|p1|Honedge, F|item
|poke|p1|Chinchou, M|item
|poke|p1|Timburr, M|item
|poke|p1|Foongus, M|item
|poke|p1|Archen, F|
|poke|p2|Electrode|item
|poke|p2|Smeargle, M|item
|poke|p2|Roselia, M|item
|poke|p2|Quagsire, M|item
|poke|p2|Kangaskhan, F|item
|poke|p2|Drifblim, F|item
|rule|Swagger Clause: Swagger is banned
|rule|Baton Pass Clause: Limit one Baton Passer, can't pass Spe and other stats simultaneously
|teampreview
|j|Stats Bot
|l|Stats Bot
|c|★finna climb|damn
|c|★luckypokeshot|lol
|c|★luckypokeshot|op team here
|c|★finna climb|wrong team?
|j|PoroParty
|c|★luckypokeshot|no
|c|★luckypokeshot|lol its my convincing team
|c|★finna climb|i'm gonna lose bro wtf
|c|★luckypokeshot|if you let me win you dont hatebabys bro dont be the first
|l|PoroParty
|c|★luckypokeshot|so will you let me win??
|c|★finna climb|not that easy man
|c|★finna climb|gave give a free W
|c|★finna climb|gotta earn it
|c|★luckypokeshot|if you do that ur a saint
|c|★luckypokeshot|trust me
|choice|team 4, team 2, team 3, team 1, team 5, team 6|team 2, team 1, team 3, team 4, team 5, team 6
|
|start
|switch|p1a: Timburr|Timburr, M|291\/291
|switch|p2a: bOi kek|Smeargle, M|314\/314
|turn|1
|c|★luckypokeshot|if you fight my team bro i have over 50 friends ready to spam your pokemon showdown bro trust me forfeit man
|c|★finna climb|nah
|choice|move bulkup|move spore
|
|move|p2a: bOi kek|Spore|p1a: Timburr
|-status|p1a: Timburr|slp
|cant|p1a: Timburr|slp
|
|upkeep
|turn|2
|c|★luckypokeshot|im sorry for you man i hope your connection gets fixed soon
|choice|move bulkup|move stealthrock
|
|move|p2a: bOi kek|Stealth Rock|p1a: Timburr
|-sidestart|p1: luckypokeshot|move: Stealth Rock
|-curestatus|p1a: Timburr|slp|[msg]
|move|p1a: Timburr|Bulk Up|p1a: Timburr
|-boost|p1a: Timburr|atk|1
|-boost|p1a: Timburr|def|1
|
|upkeep
|turn|3
|c|★luckypokeshot|just dont win
|choice|move bulkup|move stickyweb
|
|move|p2a: bOi kek|Sticky Web|p1a: Timburr
|-sidestart|p1: luckypokeshot|move: Sticky Web
|move|p1a: Timburr|Bulk Up|p1a: Timburr
|-boost|p1a: Timburr|atk|1
|-boost|p1a: Timburr|def|1
|
|upkeep
|turn|4
|choice|move bulkup|move spore
|
|move|p2a: bOi kek|Spore|p1a: Timburr
|-status|p1a: Timburr|slp
|cant|p1a: Timburr|slp
|
|upkeep
|turn|5
|choice|move bulkup|switch 6
|
|switch|p2a: drifting thorugh t|Drifblim, F|504\/504
|cant|p1a: Timburr|slp
|
|upkeep
|turn|6
|choice|move bulkup|move substitute
|
|move|p2a: drifting thorugh t|Substitute|p2a: drifting thorugh t
|-start|p2a: drifting thorugh t|Substitute
|-damage|p2a: drifting thorugh t|378\/504
|-curestatus|p1a: Timburr|slp|[msg]
|move|p1a: Timburr|Bulk Up|p1a: Timburr
|-boost|p1a: Timburr|atk|1
|-boost|p1a: Timburr|def|1
|
|upkeep
|turn|7
|choice|move knockoff|move willowisp
|
|move|p2a: drifting thorugh t|Will-O-Wisp|p1a: Timburr|[miss]
|-miss|p2a: drifting thorugh t|p1a: Timburr
|move|p1a: Timburr|Knock Off|p2a: drifting thorugh t
|-supereffective|p2a: drifting thorugh t
|-end|p2a: drifting thorugh t|Substitute
|
|upkeep
|turn|8
|choice|move knockoff|move willowisp
|
|move|p2a: drifting thorugh t|Will-O-Wisp|p1a: Timburr
|-status|p1a: Timburr|brn
|move|p1a: Timburr|Knock Off|p2a: drifting thorugh t
|-supereffective|p2a: drifting thorugh t
|-damage|p2a: drifting thorugh t|0 fnt
|-enditem|p2a: drifting thorugh t|Sitrus Berry|[from] move: Knock Off|[of] p1a: Timburr
|faint|p2a: drifting thorugh t
|
|-damage|p1a: Timburr|255\/291 brn|[from] brn
|upkeep
|choice||switch 2
|
|switch|p2a: smirk smirk ;)))|Electrode|261\/261
|turn|9
|choice|move drainpunch|move voltswitch
|
|move|p2a: smirk smirk ;)))|Volt Switch|p1a: Timburr
|-damage|p1a: Timburr|129\/291 brn
|choice||switch 4
|
|switch|p2a: i love u this much|Quagsire, M|394\/394
|move|p1a: Timburr|Drain Punch|p2a: i love u this much
|-damage|p2a: i love u this much|163\/394
|-heal|p1a: Timburr|245\/291 brn|[from] drain|[of] p2a: i love u this much
|
|-heal|p2a: i love u this much|187\/394|[from] item: Leftovers
|-damage|p1a: Timburr|209\/291 brn|[from] brn
|upkeep
|turn|10
|choice|move drainpunch|move recover
|
|move|p2a: i love u this much|Recover|p2a: i love u this much
|-heal|p2a: i love u this much|384\/394
|move|p1a: Timburr|Drain Punch|p2a: i love u this much
|-damage|p2a: i love u this much|147\/394
|-heal|p1a: Timburr|291\/291 brn|[from] drain|[of] p2a: i love u this much
|
|-heal|p2a: i love u this much|171\/394|[from] item: Leftovers
|-damage|p1a: Timburr|255\/291 brn|[from] brn
|upkeep
|turn|11
|c|★finna climb|see fam
|c|★finna climb|earning that W
|choice|move drainpunch|move scald
|
|move|p2a: i love u this much|Scald|p1a: Timburr
|-damage|p1a: Timburr|200\/291 brn
|move|p1a: Timburr|Drain Punch|p2a: i love u this much
|-crit|p2a: i love u this much
|-damage|p2a: i love u this much|0 fnt
|-heal|p1a: Timburr|286\/291 brn|[from] drain|[of] p2a: i love u this much
|faint|p2a: i love u this much
|
|-damage|p1a: Timburr|250\/291 brn|[from] brn
|upkeep
|choice||switch 4
|
|switch|p2a: smirk smirk ;)))|Electrode|261\/261
|turn|12
|c|★luckypokeshot|lol
|choice|move drainpunch|move thunderbolt
|
|move|p2a: smirk smirk ;)))|Thunderbolt|p1a: Timburr
|-damage|p1a: Timburr|102\/291 brn
|move|p1a: Timburr|Drain Punch|p2a: smirk smirk ;)))
|-damage|p2a: smirk smirk ;)))|0 fnt
|-heal|p1a: Timburr|233\/291 brn|[from] drain|[of] p2a: smirk smirk ;)))
|faint|p2a: smirk smirk ;)))
|
|-damage|p1a: Timburr|197\/291 brn|[from] brn
|upkeep
|choice||switch 3
|
|switch|p2a: hey rosetta|Roselia, M|303\/303
|turn|13
|c|★luckypokeshot|u caught my bluff lol
|choice|move drainpunch|move sludgebomb
|
|move|p2a: hey rosetta|Sludge Bomb|p1a: Timburr
|-crit|p1a: Timburr
|-damage|p1a: Timburr|19\/291 brn
|move|p1a: Timburr|Drain Punch|p2a: hey rosetta
|-resisted|p2a: hey rosetta
|-damage|p2a: hey rosetta|96\/303
|-heal|p1a: Timburr|123\/291 brn|[from] drain|[of] p2a: hey rosetta
|
|-damage|p1a: Timburr|87\/291 brn|[from] brn
|upkeep
|turn|14
|choice|move machpunch|move sludgebomb
|
|move|p1a: Timburr|Mach Punch|p2a: hey rosetta
|-resisted|p2a: hey rosetta
|-crit|p2a: hey rosetta
|-damage|p2a: hey rosetta|0 fnt
|faint|p2a: hey rosetta
|
|-damage|p1a: Timburr|51\/291 brn|[from] brn
|upkeep
|choice||switch 5
|
|switch|p2a: kanga-beast|Kangaskhan, F|351\/351
|turn|15
|choice|move machpunch|move fakeout
|
|move|p2a: kanga-beast|Fake Out|p1a: Timburr
|-damage|p1a: Timburr|23\/291 brn
|cant|p1a: Timburr|flinch
|
|-damage|p1a: Timburr|0 fnt|[from] brn
|upkeep
|faint|p1a: Timburr
|choice|switch 2|
|
|switch|p1a: Honedge|Honedge, F|231\/231
|-damage|p1a: Honedge|217\/231|[from] Stealth Rock
|-activate|p1a: Honedge|move: Sticky Web
|-unboost|p1a: Honedge|spe|1
|turn|16
|choice|move ironhead|move earthquake
|
|move|p2a: kanga-beast|Earthquake|p1a: Honedge
|-supereffective|p1a: Honedge
|-damage|p1a: Honedge|93\/231
|move|p1a: Honedge|Iron Head|p2a: kanga-beast
|-damage|p2a: kanga-beast|242\/351
|
|upkeep
|turn|17
|choice|move pursuit|move earthquake
|
|move|p2a: kanga-beast|Earthquake|p1a: Honedge
|-supereffective|p1a: Honedge
|-damage|p1a: Honedge|0 fnt
|faint|p1a: Honedge
|
|upkeep
|choice|switch 4|
|
|switch|p1a: Scraggy|Scraggy, F|241\/241
|-damage|p1a: Scraggy|226\/241|[from] Stealth Rock
|-activate|p1a: Scraggy|move: Sticky Web
|-unboost|p1a: Scraggy|spe|1
|turn|18
|choice|move highjumpkick|move return
|
|move|p2a: kanga-beast|Return|p1a: Scraggy
|-damage|p1a: Scraggy|0 fnt
|faint|p1a: Scraggy
|
|upkeep
|choice|switch 6|
|
|switch|p1a: Archen|Archen, F|270\/270
|-damage|p1a: Archen|203\/270|[from] Stealth Rock
|turn|19
|choice|move acrobatics|move return
|
|move|p2a: kanga-beast|Return|p1a: Archen
|-resisted|p1a: Archen
|-damage|p1a: Archen|50\/270
|move|p1a: Archen|Acrobatics|p2a: kanga-beast
|-damage|p2a: kanga-beast|161\/351
|
|upkeep
|turn|20
|choice|move stoneedge|move return
|
|move|p2a: kanga-beast|Return|p1a: Archen
|-resisted|p1a: Archen
|-crit|p1a: Archen
|-damage|p1a: Archen|0 fnt
|faint|p1a: Archen
|
|upkeep
|choice|switch 3|
|
|switch|p1a: Chinchou|Chinchou, M|310\/310
|-activate|p1a: Chinchou|move: Sticky Web
|-unboost|p1a: Chinchou|spe|1
|-damage|p1a: Chinchou|272\/310|[from] Stealth Rock
|turn|21
|choice|move thunderwave|move earthquake
|
|move|p2a: kanga-beast|Earthquake|p1a: Chinchou
|-supereffective|p1a: Chinchou
|-damage|p1a: Chinchou|0 fnt
|faint|p1a: Chinchou
|
|upkeep
|choice|switch 5|
|
|switch|p1a: Foongus|Foongus, M|310\/310
|-damage|p1a: Foongus|272\/310|[from] Stealth Rock
|-activate|p1a: Foongus|move: Sticky Web
|-unboost|p1a: Foongus|spe|1
|turn|22
|choice|move spore|switch 6
|
|switch|p2a: bOi kek|Smeargle, M|314\/314
|move|p1a: Foongus|Spore|p2a: bOi kek
|-status|p2a: bOi kek|slp
|
|upkeep
|turn|23
|choice|move clearsmog|move nuzzle
|
|cant|p2a: bOi kek|slp
|move|p1a: Foongus|Clear Smog|p2a: bOi kek
|-damage|p2a: bOi kek|248\/314 slp
|-clearboost|p2a: bOi kek
|
|upkeep
|turn|24
|choice|move sludgebomb|move nuzzle
|
|cant|p2a: bOi kek|slp
|move|p1a: Foongus|Sludge Bomb|p2a: bOi kek
|-damage|p2a: bOi kek|116\/314 slp
|
|upkeep
|turn|25
|choice|move gigadrain|move nuzzle
|
|-curestatus|p2a: bOi kek|slp|[msg]
|move|p2a: bOi kek|Nuzzle|p1a: Foongus
|-resisted|p1a: Foongus
|-damage|p1a: Foongus|270\/310
|-status|p1a: Foongus|par
|cant|p1a: Foongus|par
|
|upkeep
|turn|26
|choice|move gigadrain|move nuzzle
|
|move|p2a: bOi kek|Nuzzle|p1a: Foongus
|-resisted|p1a: Foongus
|-damage|p1a: Foongus|268\/310 par
|move|p1a: Foongus|Giga Drain|p2a: bOi kek
|-damage|p2a: bOi kek|13\/314
|-heal|p1a: Foongus|310\/310 par|[from] drain|[of] p2a: bOi kek
|
|upkeep
|turn|27
|choice|move gigadrain|move nuzzle
|
|move|p2a: bOi kek|Nuzzle|p1a: Foongus
|-resisted|p1a: Foongus
|-damage|p1a: Foongus|308\/310 par
|move|p1a: Foongus|Giga Drain|p2a: bOi kek
|-damage|p2a: bOi kek|0 fnt
|-heal|p1a: Foongus|310\/310 par|[from] drain|[of] p2a: bOi kek
|faint|p2a: bOi kek
|
|upkeep
|choice||switch 6
|
|switch|p2a: kanga-beast|Kangaskhan, F|161\/351
|turn|28
|choice|move spore|move fakeout
|
|move|p2a: kanga-beast|Fake Out|p1a: Foongus
|-damage|p1a: Foongus|243\/310 par
|cant|p1a: Foongus|flinch
|
|upkeep
|turn|29
|c|★luckypokeshot|u gonna use that again
|c|★luckypokeshot|so i cant attack
|c|★luckypokeshot|lol]
|l|finna climb
|player|p2
|j|finna climb
|player|p2|finna climb|141
|choice|move spore|move return
|
|move|p2a: kanga-beast|Return|p1a: Foongus
|-damage|p1a: Foongus|66\/310 par
|move|p1a: Foongus|Spore|p2a: kanga-beast
|-status|p2a: kanga-beast|slp
|
|upkeep
|turn|30
|choice|move gigadrain|move return
|
|cant|p2a: kanga-beast|slp
|move|p1a: Foongus|Giga Drain|p2a: kanga-beast
|-damage|p2a: kanga-beast|89\/351 slp
|-heal|p1a: Foongus|102\/310 par|[from] drain|[of] p2a: kanga-beast
|
|upkeep
|turn|31
|choice|move sludgebomb|move return
|
|cant|p2a: kanga-beast|slp
|move|p1a: Foongus|Sludge Bomb|p2a: kanga-beast
|-damage|p2a: kanga-beast|10\/351 slp
|
|upkeep
|turn|32
|choice|move gigadrain|move return
|
|-curestatus|p2a: kanga-beast|slp|[msg]
|move|p2a: kanga-beast|Return|p1a: Foongus
|-damage|p1a: Foongus|0 fnt
|faint|p1a: Foongus
|
|win|finna climb
|player|p1
|player|p2
|l|finna climb
|c|★luckypokeshot|WTF
|j|Low Ladder Skills
|j|zeke1313
|c| Low Ladder Skills|Nay
|c| Low Ladder Skills|Pretty close though
|c|★luckypokeshot|like really look at my team
|l|Low Ladder Skills
|j|ferocarril
|j|Hell Rayquaza1
|l|Hell Rayquaza1
|j|DJ11718
|l|ferocarril</script>
</div>
<div class="battle-log battle-log-inline"><div class="inner"><div class="battle-options"></div><div class="inner"><div class="chat"><small>luckypokeshot joined.</small></div><div class="chat"><small>finna climb joined.</small></div><div class=""><small>Format:</small> <br><strong>NU</strong></div><div class=""><small><em>Sleep Clause Mod:</em> Limit one foe put to sleep</small></div><div class=""><small><em>Species Clause:</em> Limit one of each Pokémon</small></div><div class=""><small><em>OHKO Clause:</em> OHKO moves are banned</small></div><div class=""><small><em>Moody Clause:</em> Moody is banned</small></div><div class=""><small><em>Evasion Moves Clause:</em> Evasion moves are banned</small></div><div class=""><small><em>Endless Battle Clause:</em> Forcing endless battles is banned</small></div><div class=""><small><em>HP Percentage Mod:</em> HP is shown in percentages</small></div><div class=""><small><em>Swagger Clause:</em> Swagger is banned</small></div><div class=""><small><em>Baton Pass Clause:</em> Limit one Baton Passer, can't pass Spe and other stats simultaneously</small></div><div class="chat battle-history"><strong>luckypokeshot's team:</strong> <em style="color:#445566;display:block;">Scraggy / Honedge / Chinchou / Timburr / Foongus / Archen</em></div><div class="chat battle-history"><strong>finna climb's team:</strong> <em style="color:#445566;display:block;">Electrode / Smeargle / Roselia / Quagsire / Kangaskhan / Drifblim</em></div><div class="chat"><small>Stats Bot joined.</small></div><div class="chat"><small>Stats Bot left.</small></div><div class="chat chatmessage-finnaclimb"><strong style="color:hsl(67,62%,37.38918687027659%)"><small>★</small><span class="username" data-name="finna climb">finna climb</span>:</strong> <em>damn</em></div><div class="chat chatmessage-luckypokeshot"><strong style="color:hsl(228,51%,58.623822463075655%)"><small>★</small><span class="username" data-name="luckypokeshot">luckypokeshot</span>:</strong> <em>lol</em></div><div class="chat chatmessage-luckypokeshot"><strong style="color:hsl(228,51%,58.623822463075655%)"><small>★</small><span class="username" data-name="luckypokeshot">luckypokeshot</span>:</strong> <em>op team here</em></div><div class="chat chatmessage-finnaclimb"><strong style="color:hsl(67,62%,37.38918687027659%)"><small>★</small><span class="username" data-name="finna climb">finna climb</span>:</strong> <em>wrong team?</em></div><div class="chat"><small>PoroParty joined.</small></div><div class="chat chatmessage-luckypokeshot"><strong style="color:hsl(228,51%,58.623822463075655%)"><small>★</small><span class="username" data-name="luckypokeshot">luckypokeshot</span>:</strong> <em>no</em></div><div class="chat chatmessage-luckypokeshot"><strong style="color:hsl(228,51%,58.623822463075655%)"><small>★</small><span class="username" data-name="luckypokeshot">luckypokeshot</span>:</strong> <em>lol its my convincing team</em></div><div class="chat chatmessage-finnaclimb"><strong style="color:hsl(67,62%,37.38918687027659%)"><small>★</small><span class="username" data-name="finna climb">finna climb</span>:</strong> <em>i'm gonna lose bro wtf</em></div><div class="chat chatmessage-luckypokeshot"><strong style="color:hsl(228,51%,58.623822463075655%)"><small>★</small><span class="username" data-name="luckypokeshot">luckypokeshot</span>:</strong> <em>if you let me win you dont hatebabys bro dont be the first</em></div><div class="chat"><small>PoroParty left.</small></div><div class="chat chatmessage-luckypokeshot"><strong style="color:hsl(228,51%,58.623822463075655%)"><small>★</small><span class="username" data-name="luckypokeshot">luckypokeshot</span>:</strong> <em>so will you let me win??</em></div><div class="chat chatmessage-finnaclimb"><strong style="color:hsl(67,62%,37.38918687027659%)"><small>★</small><span class="username" data-name="finna climb">finna climb</span>:</strong> <em>not that easy man</em></div><div class="chat chatmessage-finnaclimb"><strong style="color:hsl(67,62%,37.38918687027659%)"><small>★</small><span class="username" data-name="finna climb">finna climb</span>:</strong> <em>gave give a free W</em></div><div class="chat chatmessage-finnaclimb"><strong style="color:hsl(67,62%,37.38918687027659%)"><small>★</small><span class="username" data-name="finna climb">finna climb</span>:</strong> <em>gotta earn it</em></div><div class="chat chatmessage-luckypokeshot"><strong style="color:hsl(228,51%,58.623822463075655%)"><small>★</small><span class="username" data-name="luckypokeshot">luckypokeshot</span>:</strong> <em>if you do that ur a saint</em></div><div class="chat chatmessage-luckypokeshot"><strong style="color:hsl(228,51%,58.623822463075655%)"><small>★</small><span class="username" data-name="luckypokeshot">luckypokeshot</span>:</strong> <em>trust me</em></div><div class="spacer battle-history"><br></div><div class="battle-history">Battle started between luckypokeshot and finna climb!<br></div><div class="spacer battle-history"><br></div><div class="battle-history">Go! <strong>Timburr</strong>!<br></div><div class="spacer battle-history"><br></div><div class="battle-history">finna climb sent out bOi kek (<strong>Smeargle</strong>)!<br></div><div class="spacer battle-history"><br></div><h2 class="battle-history">Turn 1</h2><div class="chat chatmessage-luckypokeshot"><strong style="color:hsl(228,51%,58.623822463075655%)"><small>★</small><span class="username" data-name="luckypokeshot">luckypokeshot</span>:</strong> <em>if you fight my team bro i have over 50 friends ready to spam your pokemon showdown bro trust me forfeit man</em></div><div class="chat chatmessage-finnaclimb"><strong style="color:hsl(67,62%,37.38918687027659%)"><small>★</small><span class="username" data-name="finna climb">finna climb</span>:</strong> <em>nah</em></div><div class="spacer battle-history"><br></div><div class="battle-history">The opposing bOi kek used <strong>Spore</strong>!<br></div><div class="battle-history"><small>Timburr fell asleep!</small><br></div><div class="spacer battle-history"><br></div><div class="battle-history">Timburr is fast asleep.<br></div><div class="spacer battle-history"><br></div><h2 class="battle-history">Turn 2</h2><div class="chat chatmessage-luckypokeshot"><strong style="color:hsl(228,51%,58.623822463075655%)"><small>★</small><span class="username" data-name="luckypokeshot">luckypokeshot</span>:</strong> <em>im sorry for you man i hope your connection gets fixed soon</em></div><div class="spacer battle-history"><br></div><div class="battle-history">The opposing bOi kek used <strong>Stealth Rock</strong>!<br></div><div class="battle-history"><small>Pointed stones float in the air around your team!</small><br></div><div class="battle-history"><small>Timburr woke up!</small><br></div><div class="spacer battle-history"><br></div><div class="battle-history">Timburr used <strong>Bulk Up</strong>!<br></div><div class="battle-history"><small>Timburr's Attack rose!</small><br></div><div class="battle-history"><small>Timburr's Defense rose!</small><br></div><div class="spacer battle-history"><br></div><h2 class="battle-history">Turn 3</h2><div class="chat chatmessage-luckypokeshot"><strong style="color:hsl(228,51%,58.623822463075655%)"><small>★</small><span class="username" data-name="luckypokeshot">luckypokeshot</span>:</strong> <em>just dont win</em></div><div class="spacer battle-history"><br></div><div class="battle-history">The opposing bOi kek used <strong>Sticky Web</strong>!<br></div><div class="battle-history"><small>A sticky web spreads out on the ground around your team!</small><br></div><div class="spacer battle-history"><br></div><div class="battle-history">Timburr used <strong>Bulk Up</strong>!<br></div><div class="battle-history"><small>Timburr's Attack rose!</small><br></div><div class="battle-history"><small>Timburr's Defense rose!</small><br></div><div class="spacer battle-history"><br></div><h2 class="battle-history">Turn 4</h2><div class="spacer battle-history"><br></div><div class="battle-history">The opposing bOi kek used <strong>Spore</strong>!<br></div><div class="battle-history"><small>Timburr fell asleep!</small><br></div><div class="spacer battle-history"><br></div><div class="battle-history">Timburr is fast asleep.<br></div><div class="spacer battle-history"><br></div><h2 class="battle-history">Turn 5</h2><div class="spacer battle-history"><br></div><div class="battle-history">finna climb withdrew bOi kek!<br></div><div class="battle-history">finna climb sent out drifting thorugh t (<strong>Drifblim</strong>)!<br></div><div class="spacer battle-history"><br></div><div class="battle-history">Timburr is fast asleep.<br></div><div class="spacer battle-history"><br></div><h2 class="battle-history">Turn 6</h2><div class="spacer battle-history"><br></div><div class="battle-history">The opposing drifting thorugh t used <strong>Substitute</strong>!<br></div><div class="battle-history"><small>The opposing drifting thorugh t put in a substitute!</small><br></div><div class="battle-history"><small>(The opposing drifting thorugh t lost <abbr title="−126/504">25%</abbr> of its health!)</small><br></div><div class="battle-history"><small>Timburr woke up!</small><br></div><div class="spacer battle-history"><br></div><div class="battle-history">Timburr used <strong>Bulk Up</strong>!<br></div><div class="battle-history"><small>Timburr's Attack rose!</small><br></div><div class="battle-history"><small>Timburr's Defense rose!</small><br></div><div class="spacer battle-history"><br></div><h2 class="battle-history">Turn 7</h2><div class="spacer battle-history"><br></div><div class="battle-history">The opposing drifting thorugh t used <strong>Will-O-Wisp</strong>!<br></div><div class="battle-history"><small>Timburr avoided the attack!</small><br></div><div class="spacer battle-history"><br></div><div class="battle-history">Timburr used <strong>Knock Off</strong>!<br></div><div class="battle-history"><small>It's super effective!</small><br></div><div class="battle-history"><small>The opposing drifting thorugh t's substitute faded!</small><br></div><div class="spacer battle-history"><br></div><h2 class="battle-history">Turn 8</h2><div class="spacer battle-history"><br></div><div class="battle-history">The opposing drifting thorugh t used <strong>Will-O-Wisp</strong>!<br></div><div class="battle-history"><small>Timburr was burned!</small><br></div><div class="spacer battle-history"><br></div><div class="battle-history">Timburr used <strong>Knock Off</strong>!<br></div><div class="battle-history"><small>It's super effective!</small><br></div><div class="battle-history"><small>(The opposing drifting thorugh t lost <abbr title="−378/504">75%</abbr> of its health!)</small><br></div><div class="battle-history"><small>Timburr knocked off the opposing drifting thorugh t's Sitrus Berry!</small><br></div><div class="spacer battle-history"><br></div><div class="battle-history">The opposing drifting thorugh t fainted!<br></div><div class="spacer battle-history"><br></div><div class="battle-history"><small>Timburr was hurt by its burn!</small><br></div><div class="spacer battle-history"><br></div><div class="battle-history">finna climb sent out smirk smirk ;))) (<strong>Electrode</strong>)!<br></div><div class="spacer battle-history"><br></div><h2 class="battle-history">Turn 9</h2><div class="spacer battle-history"><br></div><div class="battle-history">The opposing smirk smirk ;))) used <strong>Volt Switch</strong>!<br></div><div class="battle-history"><small>(Timburr lost <abbr title="−126/291">43.3%</abbr> of its health!)</small><br></div><div class="spacer battle-history"><br></div><div class="battle-history">The opposing smirk smirk ;))) went back to finna climb!<br></div><div class="battle-history">finna climb sent out i love u this much (<strong>Quagsire</strong>)!<br></div><div class="spacer battle-history"><br></div><div class="battle-history">Timburr used <strong>Drain Punch</strong>!<br></div><div class="battle-history"><small>(The opposing i love u this much lost <abbr title="−231/394">58.6%</abbr> of its health!)</small><br></div><div class="battle-history"><small>The opposing i love u this much had its energy drained!</small><br></div><div class="spacer battle-history"><br></div><div class="battle-history"><small>The opposing i love u this much restored a little HP using its Leftovers!</small><br></div><div class="battle-history"><small>Timburr was hurt by its burn!</small><br></div><div class="spacer battle-history"><br></div><h2 class="battle-history">Turn 10</h2><div class="spacer battle-history"><br></div><div class="battle-history">The opposing i love u this much used <strong>Recover</strong>!<br></div><div class="battle-history"><small>The opposing i love u this much restored its HP.</small><br></div><div class="spacer battle-history"><br></div><div class="battle-history">Timburr used <strong>Drain Punch</strong>!<br></div><div class="battle-history"><small>(The opposing i love u this much lost <abbr title="−237/394">60.2%</abbr> of its health!)</small><br></div><div class="battle-history"><small>The opposing i love u this much had its energy drained!</small><br></div><div class="spacer battle-history"><br></div><div class="battle-history"><small>The opposing i love u this much restored a little HP using its Leftovers!</small><br></div><div class="battle-history"><small>Timburr was hurt by its burn!</small><br></div><div class="spacer battle-history"><br></div><h2 class="battle-history">Turn 11</h2><div class="chat chatmessage-finnaclimb"><strong style="color:hsl(67,62%,37.38918687027659%)"><small>★</small><span class="username" data-name="finna climb">finna climb</span>:</strong> <em>see fam</em></div><div class="chat chatmessage-finnaclimb"><strong style="color:hsl(67,62%,37.38918687027659%)"><small>★</small><span class="username" data-name="finna climb">finna climb</span>:</strong> <em>earning that W</em></div><div class="spacer battle-history"><br></div><div class="battle-history">The opposing i love u this much used <strong>Scald</strong>!<br></div><div class="battle-history"><small>(Timburr lost <abbr title="−55/291">18.9%</abbr> of its health!)</small><br></div><div class="spacer battle-history"><br></div><div class="battle-history">Timburr used <strong>Drain Punch</strong>!<br></div><div class="battle-history"><small>A critical hit!</small><br></div><div class="battle-history"><small>(The opposing i love u this much lost <abbr title="−171/394">43.4%</abbr> of its health!)</small><br></div><div class="battle-history"><small>The opposing i love u this much had its energy drained!</small><br></div><div class="spacer battle-history"><br></div><div class="battle-history">The opposing i love u this much fainted!<br></div><div class="spacer battle-history"><br></div><div class="battle-history"><small>Timburr was hurt by its burn!</small><br></div><div class="spacer battle-history"><br></div><div class="battle-history">finna climb sent out smirk smirk ;))) (<strong>Electrode</strong>)!<br></div><div class="spacer battle-history"><br></div><h2 class="battle-history">Turn 12</h2><div class="chat chatmessage-luckypokeshot"><strong style="color:hsl(228,51%,58.623822463075655%)"><small>★</small><span class="username" data-name="luckypokeshot">luckypokeshot</span>:</strong> <em>lol</em></div><div class="spacer battle-history"><br></div><div class="battle-history">The opposing smirk smirk ;))) used <strong>Thunderbolt</strong>!<br></div><div class="battle-history"><small>(Timburr lost <abbr title="−148/291">50.9%</abbr> of its health!)</small><br></div><div class="spacer battle-history"><br></div><div class="battle-history">Timburr used <strong>Drain Punch</strong>!<br></div><div class="battle-history"><small>(The opposing smirk smirk ;))) lost <abbr title="−261/261">100%</abbr> of its health!)</small><br></div><div class="battle-history"><small>The opposing smirk smirk ;))) had its energy drained!</small><br></div><div class="spacer battle-history"><br></div><div class="battle-history">The opposing smirk smirk ;))) fainted!<br></div><div class="spacer battle-history"><br></div><div class="battle-history"><small>Timburr was hurt by its burn!</small><br></div><div class="spacer battle-history"><br></div><div class="battle-history">finna climb sent out hey rosetta (<strong>Roselia</strong>)!<br></div><div class="spacer battle-history"><br></div><h2 class="battle-history">Turn 13</h2><div class="chat chatmessage-luckypokeshot"><strong style="color:hsl(228,51%,58.623822463075655%)"><small>★</small><span class="username" data-name="luckypokeshot">luckypokeshot</span>:</strong> <em>u caught my bluff lol</em></div><div class="spacer battle-history"><br></div><div class="battle-history">The opposing hey rosetta used <strong>Sludge Bomb</strong>!<br></div><div class="battle-history"><small>A critical hit!</small><br></div><div class="battle-history"><small>(Timburr lost <abbr title="−178/291">61.2%</abbr> of its health!)</small><br></div><div class="spacer battle-history"><br></div><div class="battle-history">Timburr used <strong>Drain Punch</strong>!<br></div><div class="battle-history"><small>It's not very effective...</small><br></div><div class="battle-history"><small>(The opposing hey rosetta lost <abbr title="−207/303">68.3%</abbr> of its health!)</small><br></div><div class="battle-history"><small>The opposing hey rosetta had its energy drained!</small><br></div><div class="spacer battle-history"><br></div><div class="battle-history"><small>Timburr was hurt by its burn!</small><br></div><div class="spacer battle-history"><br></div><h2 class="battle-history">Turn 14</h2><div class="spacer battle-history"><br></div><div class="battle-history">Timburr used <strong>Mach Punch</strong>!<br></div><div class="battle-history"><small>It's not very effective...</small><br></div><div class="battle-history"><small>A critical hit!</small><br></div><div class="battle-history"><small>(The opposing hey rosetta lost <abbr title="−96/303">31.7%</abbr> of its health!)</small><br></div><div class="spacer battle-history"><br></div><div class="battle-history">The opposing hey rosetta fainted!<br></div><div class="spacer battle-history"><br></div><div class="battle-history"><small>Timburr was hurt by its burn!</small><br></div><div class="spacer battle-history"><br></div><div class="battle-history">finna climb sent out kanga-beast (<strong>Kangaskhan</strong>)!<br></div><div class="spacer battle-history"><br></div><h2 class="battle-history">Turn 15</h2><div class="spacer battle-history"><br></div><div class="battle-history">The opposing kanga-beast used <strong>Fake Out</strong>!<br></div><div class="battle-history"><small>(Timburr lost <abbr title="−28/291">9.6%</abbr> of its health!)</small><br></div><div class="spacer battle-history"><br></div><div class="battle-history">Timburr flinched and couldn't move!<br></div><div class="spacer battle-history"><br></div><div class="battle-history"><small>Timburr was hurt by its burn!</small><br></div><div class="spacer battle-history"><br></div><div class="battle-history">Timburr fainted!<br></div><div class="spacer battle-history"><br></div><div class="battle-history">Go! <strong>Honedge</strong>!<br></div><div class="battle-history"><small>Pointed stones dug into Honedge!</small><br></div><div class="battle-history"><small>Honedge was caught in a sticky web!</small><br></div><div class="battle-history"><small>Honedge's Speed fell!</small><br></div><div class="spacer battle-history"><br></div><h2 class="battle-history">Turn 16</h2><div class="spacer battle-history"><br></div><div class="battle-history">The opposing kanga-beast used <strong>Earthquake</strong>!<br></div><div class="battle-history"><small>It's super effective!</small><br></div><div class="battle-history"><small>(Honedge lost <abbr title="−124/231">53.7%</abbr> of its health!)</small><br></div><div class="spacer battle-history"><br></div><div class="battle-history">Honedge used <strong>Iron Head</strong>!<br></div><div class="battle-history"><small>(The opposing kanga-beast lost <abbr title="−109/351">31.1%</abbr> of its health!)</small><br></div><div class="spacer battle-history"><br></div><h2 class="battle-history">Turn 17</h2><div class="spacer battle-history"><br></div><div class="battle-history">The opposing kanga-beast used <strong>Earthquake</strong>!<br></div><div class="battle-history"><small>It's super effective!</small><br></div><div class="battle-history"><small>(Honedge lost <abbr title="−93/231">40.3%</abbr> of its health!)</small><br></div><div class="spacer battle-history"><br></div><div class="battle-history">Honedge fainted!<br></div><div class="spacer battle-history"><br></div><div class="battle-history">Go! <strong>Scraggy</strong>!<br></div><div class="battle-history"><small>Pointed stones dug into Scraggy!</small><br></div><div class="battle-history"><small>Scraggy was caught in a sticky web!</small><br></div><div class="battle-history"><small>Scraggy's Speed fell!</small><br></div><div class="spacer battle-history"><br></div><h2 class="battle-history">Turn 18</h2><div class="spacer battle-history"><br></div><div class="battle-history">The opposing kanga-beast used <strong>Return</strong>!<br></div><div class="battle-history"><small>(Scraggy lost <abbr title="−226/241">93.8%</abbr> of its health!)</small><br></div><div class="spacer battle-history"><br></div><div class="battle-history">Scraggy fainted!<br></div><div class="spacer battle-history"><br></div><div class="battle-history">Go! <strong>Archen</strong>!<br></div><div class="battle-history"><small>Pointed stones dug into Archen!</small><br></div><div class="spacer battle-history"><br></div><h2 class="battle-history">Turn 19</h2><div class="spacer battle-history"><br></div><div class="battle-history">The opposing kanga-beast used <strong>Return</strong>!<br></div><div class="battle-history"><small>It's not very effective...</small><br></div><div class="battle-history"><small>(Archen lost <abbr title="−153/270">56.7%</abbr> of its health!)</small><br></div><div class="spacer battle-history"><br></div><div class="battle-history">Archen used <strong>Acrobatics</strong>!<br></div><div class="battle-history"><small>(The opposing kanga-beast lost <abbr title="−81/351">23.1%</abbr> of its health!)</small><br></div><div class="spacer battle-history"><br></div><h2 class="battle-history">Turn 20</h2><div class="spacer battle-history"><br></div><div class="battle-history">The opposing kanga-beast used <strong>Return</strong>!<br></div><div class="battle-history"><small>It's not very effective...</small><br></div><div class="battle-history"><small>A critical hit!</small><br></div><div class="battle-history"><small>(Archen lost <abbr title="−50/270">18.5%</abbr> of its health!)</small><br></div><div class="spacer battle-history"><br></div><div class="battle-history">Archen fainted!<br></div><div class="spacer battle-history"><br></div><div class="battle-history">Go! <strong>Chinchou</strong>!<br></div><div class="battle-history"><small>Chinchou was caught in a sticky web!</small><br></div><div class="battle-history"><small>Chinchou's Speed fell!</small><br></div><div class="battle-history"><small>Pointed stones dug into Chinchou!</small><br></div><div class="spacer battle-history"><br></div><h2 class="battle-history">Turn 21</h2><div class="spacer battle-history"><br></div><div class="battle-history">The opposing kanga-beast used <strong>Earthquake</strong>!<br></div><div class="battle-history"><small>It's super effective!</small><br></div><div class="battle-history"><small>(Chinchou lost <abbr title="−272/310">87.7%</abbr> of its health!)</small><br></div><div class="spacer battle-history"><br></div><div class="battle-history">Chinchou fainted!<br></div><div class="spacer battle-history"><br></div><div class="battle-history">Go! <strong>Foongus</strong>!<br></div><div class="battle-history"><small>Pointed stones dug into Foongus!</small><br></div><div class="battle-history"><small>Foongus was caught in a sticky web!</small><br></div><div class="battle-history"><small>Foongus's Speed fell!</small><br></div><div class="spacer battle-history"><br></div><h2 class="battle-history">Turn 22</h2><div class="spacer battle-history"><br></div><div class="battle-history">finna climb withdrew kanga-beast!<br></div><div class="battle-history">finna climb sent out bOi kek (<strong>Smeargle</strong>)!<br></div><div class="spacer battle-history"><br></div><div class="battle-history">Foongus used <strong>Spore</strong>!<br></div><div class="battle-history"><small>The opposing bOi kek fell asleep!</small><br></div><div class="spacer battle-history"><br></div><h2 class="battle-history">Turn 23</h2><div class="spacer battle-history"><br></div><div class="battle-history">The opposing bOi kek is fast asleep.<br></div><div class="spacer battle-history"><br></div><div class="battle-history">Foongus used <strong>Clear Smog</strong>!<br></div><div class="battle-history"><small>(The opposing bOi kek lost <abbr title="−66/314">21.0%</abbr> of its health!)</small><br></div><div class="battle-history"><small>The opposing bOi kek's stat changes were removed!</small><br></div><div class="spacer battle-history"><br></div><h2 class="battle-history">Turn 24</h2><div class="spacer battle-history"><br></div><div class="battle-history">The opposing bOi kek is fast asleep.<br></div><div class="spacer battle-history"><br></div><div class="battle-history">Foongus used <strong>Sludge Bomb</strong>!<br></div><div class="battle-history"><small>(The opposing bOi kek lost <abbr title="−132/314">42.0%</abbr> of its health!)</small><br></div><div class="spacer battle-history"><br></div><h2 class="battle-history">Turn 25</h2><div class="spacer battle-history"><br></div><div class="battle-history"><small>The opposing bOi kek woke up!</small><br></div><div class="spacer battle-history"><br></div><div class="battle-history">The opposing bOi kek used <strong>Nuzzle</strong>!<br></div><div class="battle-history"><small>It's not very effective...</small><br></div><div class="battle-history"><small>(Foongus lost <abbr title="−2/310">0.6%</abbr> of its health!)</small><br></div><div class="battle-history"><small>Foongus is paralyzed! It may be unable to move!</small><br></div><div class="spacer battle-history"><br></div><div class="battle-history">Foongus is paralyzed! It can't move!<br></div><div class="spacer battle-history"><br></div><h2 class="battle-history">Turn 26</h2><div class="spacer battle-history"><br></div><div class="battle-history">The opposing bOi kek used <strong>Nuzzle</strong>!<br></div><div class="battle-history"><small>It's not very effective...</small><br></div><div class="battle-history"><small>(Foongus lost <abbr title="−2/310">0.6%</abbr> of its health!)</small><br></div><div class="spacer battle-history"><br></div><div class="battle-history">Foongus used <strong>Giga Drain</strong>!<br></div><div class="battle-history"><small>(The opposing bOi kek lost <abbr title="−103/314">32.8%</abbr> of its health!)</small><br></div><div class="battle-history"><small>The opposing bOi kek had its energy drained!</small><br></div><div class="spacer battle-history"><br></div><h2 class="battle-history">Turn 27</h2><div class="spacer battle-history"><br></div><div class="battle-history">The opposing bOi kek used <strong>Nuzzle</strong>!<br></div><div class="battle-history"><small>It's not very effective...</small><br></div><div class="battle-history"><small>(Foongus lost <abbr title="−2/310">0.6%</abbr> of its health!)</small><br></div><div class="spacer battle-history"><br></div><div class="battle-history">Foongus used <strong>Giga Drain</strong>!<br></div><div class="battle-history"><small>(The opposing bOi kek lost <abbr title="−13/314">4.1%</abbr> of its health!)</small><br></div><div class="battle-history"><small>The opposing bOi kek had its energy drained!</small><br></div><div class="spacer battle-history"><br></div><div class="battle-history">The opposing bOi kek fainted!<br></div><div class="spacer battle-history"><br></div><div class="battle-history">finna climb sent out kanga-beast (<strong>Kangaskhan</strong>)!<br></div><div class="spacer battle-history"><br></div><h2 class="battle-history">Turn 28</h2><div class="spacer battle-history"><br></div><div class="battle-history">The opposing kanga-beast used <strong>Fake Out</strong>!<br></div><div class="battle-history"><small>(Foongus lost <abbr title="−67/310">21.6%</abbr> of its health!)</small><br></div><div class="spacer battle-history"><br></div><div class="battle-history">Foongus flinched and couldn't move!<br></div><div class="spacer battle-history"><br></div><h2 class="battle-history">Turn 29</h2><div class="chat chatmessage-luckypokeshot"><strong style="color:hsl(228,51%,58.623822463075655%)"><small>★</small><span class="username" data-name="luckypokeshot">luckypokeshot</span>:</strong> <em>u gonna use that again</em></div><div class="chat chatmessage-luckypokeshot"><strong style="color:hsl(228,51%,58.623822463075655%)"><small>★</small><span class="username" data-name="luckypokeshot">luckypokeshot</span>:</strong> <em>so i cant attack</em></div><div class="chat chatmessage-luckypokeshot"><strong style="color:hsl(228,51%,58.623822463075655%)"><small>★</small><span class="username" data-name="luckypokeshot">luckypokeshot</span>:</strong> <em>lol]</em></div><div class="chat"><small>finna climb left.</small></div><div class="chat"><small>finna climb joined.</small></div><div class="spacer battle-history"><br></div><div class="battle-history">The opposing kanga-beast used <strong>Return</strong>!<br></div><div class="battle-history"><small>(Foongus lost <abbr title="−177/310">57.1%</abbr> of its health!)</small><br></div><div class="spacer battle-history"><br></div><div class="battle-history">Foongus used <strong>Spore</strong>!<br></div><div class="battle-history"><small>The opposing kanga-beast fell asleep!</small><br></div><div class="spacer battle-history"><br></div><h2 class="battle-history">Turn 30</h2><div class="spacer battle-history"><br></div><div class="battle-history">The opposing kanga-beast is fast asleep.<br></div><div class="spacer battle-history"><br></div><div class="battle-history">Foongus used <strong>Giga Drain</strong>!<br></div><div class="battle-history"><small>(The opposing kanga-beast lost <abbr title="−72/351">20.5%</abbr> of its health!)</small><br></div><div class="battle-history"><small>The opposing kanga-beast had its energy drained!</small><br></div><div class="spacer battle-history"><br></div><h2 class="battle-history">Turn 31</h2><div class="spacer battle-history"><br></div><div class="battle-history">The opposing kanga-beast is fast asleep.<br></div><div class="spacer battle-history"><br></div><div class="battle-history">Foongus used <strong>Sludge Bomb</strong>!<br></div><div class="battle-history"><small>(The opposing kanga-beast lost <abbr title="−79/351">22.5%</abbr> of its health!)</small><br></div><div class="spacer battle-history"><br></div><h2 class="battle-history">Turn 32</h2><div class="spacer battle-history"><br></div><div class="battle-history"><small>The opposing kanga-beast woke up!</small><br></div><div class="spacer battle-history"><br></div><div class="battle-history">The opposing kanga-beast used <strong>Return</strong>!<br></div><div class="battle-history"><small>(Foongus lost <abbr title="−102/310">32.9%</abbr> of its health!)</small><br></div><div class="spacer battle-history"><br></div><div class="battle-history">Foongus fainted!<br></div><div class="spacer battle-history"><br></div><div class="battle-history"><strong>finna climb</strong> won the battle!<br></div><div class="chat"><small>finna climb left.</small></div><div class="chat chatmessage-luckypokeshot"><strong style="color:hsl(228,51%,58.623822463075655%)"><small>★</small><span class="username" data-name="luckypokeshot">luckypokeshot</span>:</strong> <em>WTF</em></div><div class="chat"><small>Low Ladder Skills joined.</small></div><div class="chat"><small>zeke1313 joined.</small></div><div class="chat chatmessage-lowladderskills"><strong style="color:hsl(184,63%,34.666666666666664%)"><small> </small><span class="username" data-name="Low Ladder Skills">Low Ladder Skills</span>:</strong> <em>Nay</em></div><div class="chat chatmessage-lowladderskills"><strong style="color:hsl(184,63%,34.666666666666664%)"><small> </small><span class="username" data-name="Low Ladder Skills">Low Ladder Skills</span>:</strong> <em>Pretty close though</em></div><div class="chat chatmessage-luckypokeshot"><strong style="color:hsl(228,51%,58.623822463075655%)"><small>★</small><span class="username" data-name="luckypokeshot">luckypokeshot</span>:</strong> <em>like really look at my team</em></div><div class="chat"><small>Low Ladder Skills left.</small></div><div class="chat"><small>ferocarril joined.</small></div><div class="chat"><small>Hell Rayquaza1 joined.</small></div><div class="chat"><small>Hell Rayquaza1 left.</small></div><div class="chat"><small>DJ11718 joined.</small></div><div class="chat"><small>ferocarril left.</small></div></div><div class="inner-preempt"></div></div></div>
</div>
<script>
let daily = Math.floor(Date.now()/1000/60/60/24);document.write('<script src="https://play.pokemonshowdown.com/js/replay-embed.js?version'+daily+'"></'+'script>');
</script>
