<!DOCTYPE html>
<meta charset="utf-8" />
<!-- version 1 -->
<title>NU replay: marmotte bn vs. LeParadox</title>
<style>
html,body {font-family:Verdana, sans-serif;font-size:10pt;margin:0;padding:0;}body{padding:12px 0;} .battle-log {font-family:Verdana, sans-serif;font-size:10pt;} .battle-log-inline {border:1px solid #AAAAAA;background:#EEF2F5;color:black;max-width:640px;margin:0 auto 80px;padding-bottom:5px;} .battle-log .inner {padding:4px 8px 0px 8px;} .battle-log .inner-preempt {padding:0 8px 4px 8px;} .battle-log .inner-after {margin-top:0.5em;} .battle-log h2 {margin:0.5em -8px;padding:4px 8px;border:1px solid #AAAAAA;background:#E0E7EA;border-left:0;border-right:0;font-family:Verdana, sans-serif;font-size:13pt;} .battle-log .chat {vertical-align:middle;padding:3px 0 3px 0;font-size:8pt;} .battle-log .chat strong {color:#40576A;} .battle-log .chat em {padding:1px 4px 1px 3px;color:#000000;font-style:normal;} .chat.mine {background:rgba(0,0,0,0.05);margin-left:-8px;margin-right:-8px;padding-left:8px;padding-right:8px;} .spoiler {color:#BBBBBB;background:#BBBBBB;padding:0px 3px;} .spoiler:hover, .spoiler:active, .spoiler-shown {color:#000000;background:#E2E2E2;padding:0px 3px;} .spoiler a {color:#BBBBBB;} .spoiler:hover a, .spoiler:active a, .spoiler-shown a {color:#2288CC;} .chat code, .chat .spoiler:hover code, .chat .spoiler:active code, .chat .spoiler-shown code {border:1px solid #C0C0C0;background:#EEEEEE;color:black;padding:0 2px;} .chat .spoiler code {border:1px solid #CCCCCC;background:#CCCCCC;color:#CCCCCC;} .battle-log .rated {padding:3px 4px;} .battle-log .rated strong {color:white;background:#89A;padding:1px 4px;border-radius:4px;} .spacer {margin-top:0.5em;} .message-announce {background:#6688AA;color:white;padding:1px 4px 2px;} .message-announce a, .broadcast-green a, .broadcast-blue a, .broadcast-red a {color:#DDEEFF;} .broadcast-green {background-color:#559955;color:white;padding:2px 4px;} .broadcast-blue {background-color:#6688AA;color:white;padding:2px 4px;} .infobox {border:1px solid #6688AA;padding:2px 4px;} .infobox-limited {max-height:200px;overflow:auto;overflow-x:hidden;} .broadcast-red {background-color:#AA5544;color:white;padding:2px 4px;} .message-learn-canlearn {font-weight:bold;color:#228822;text-decoration:underline;} .message-learn-cannotlearn {font-weight:bold;color:#CC2222;text-decoration:underline;} .message-effect-weak {font-weight:bold;color:#CC2222;} .message-effect-resist {font-weight:bold;color:#6688AA;} .message-effect-immune {font-weight:bold;color:#666666;} .message-learn-list {margin-top:0;margin-bottom:0;} .message-throttle-notice, .message-error {color:#992222;} .message-overflow, .chat small.message-overflow {font-size:0pt;} .message-overflow::before {font-size:9pt;content:'...';} .subtle {color:#3A4A66;}
</style>
<div class="wrapper replay-wrapper" style="max-width:1180px;margin:0 auto">
<input type="hidden" name="replayid" value="pokestrat-nu-5453" />
<div class="battle"></div><div class="battle-log"></div><div class="replay-controls"></div><div class="replay-controls-2"></div>
<h1 style="font-weight:normal;text-align:center"><strong>NU</strong><br /><a href="http://pokemonshowdown.com/users/marmottebn" class="subtle" target="_blank">marmotte bn</a> vs. <a href="http://pokemonshowdown.com/users/leparadox" class="subtle" target="_blank">LeParadox</a></h1>
<script type="text/plain" class="battle-log-data">|j|marmotte bn
|j|LeParadox
|player|p1|marmotte bn|101
|player|p2|LeParadox|269
|gametype|singles
|gen|6
|tier|NU
|seed|61688,32596,56341,42044
|rule|Sleep Clause Mod: Limit one foe put to sleep
|rule|Species Clause: Limit one of each Pokémon
|rule|OHKO Clause: OHKO moves are banned
|rule|Moody Clause: Moody is banned
|rule|Evasion Moves Clause: Evasion moves are banned
|rule|Endless Battle Clause: Forcing endless battles is banned
|rule|HP Percentage Mod: HP is shown in percentages
|clearpoke
|poke|p1|Tauros, M|item
|poke|p1|Ferroseed, M|item
|poke|p1|Charizard, M|item
|poke|p1|Lanturn, M|item
|poke|p1|Sandslash, M|item
|poke|p1|Mesprit|item
|poke|p2|Zangoose, F|item
|poke|p2|Weezing, M|item
|poke|p2|Hitmonchan, M|item
|poke|p2|Mesprit|item
|poke|p2|Lanturn, F|item
|poke|p2|Lilligant, F|item
|rule|Swagger Clause: Swagger is banned
|rule|Baton Pass Clause: Limit one Baton Passer, can't pass Spe and other stats simultaneously
|teampreview
|c|☆marmotte bn|glhf
|c|☆LeParadox|gl
|j|Tangent Phi²
|choice|team 6, team 2, team 3, team 4, team 5, team 1|team 5, team 2, team 3, team 4, team 1, team 6
|
|start
|switch|p1a: Mesprit|Mesprit|364\/364
|switch|p2a: Lanturn|Lanturn, F|401\/401
|turn|1
|choice|move energyball|move voltswitch
|
|move|p2a: Lanturn|Volt Switch|p1a: Mesprit
|-damage|p1a: Mesprit|297\/364
|choice||switch 4
|
|switch|p2a: Mesprit|Mesprit|301\/301
|move|p1a: Mesprit|Energy Ball|p2a: Mesprit
|-damage|p2a: Mesprit|210\/301
|
|-heal|p1a: Mesprit|319\/364|[from] item: Leftovers
|upkeep
|turn|2
|choice|move uturn|move signalbeam
|
|move|p2a: Mesprit|Signal Beam|p1a: Mesprit
|-supereffective|p1a: Mesprit
|-crit|p1a: Mesprit
|-damage|p1a: Mesprit|0 fnt
|faint|p1a: Mesprit
|
|upkeep
|c|☆marmotte bn|le crit est utile ?
|choice|switch 3|
|
|switch|p1a: Charizard|Charizard, M|297\/297
|turn|3
|c|☆LeParadox|pas sûr
|c|☆LeParadox|t'es spDef ?
|c|☆marmotte bn|non
|choice|move fireblast|switch 4
|
|switch|p2a: Lanturn|Lanturn, F|401\/401
|move|p1a: Charizard|Fire Blast|p2a: Lanturn
|-resisted|p2a: Lanturn
|-damage|p2a: Lanturn|301\/401
|-damage|p1a: Charizard|268\/297|[from] item: Life Orb
|
|-heal|p2a: Lanturn|326\/401|[from] item: Leftovers
|upkeep
|turn|4
|c|☆LeParadox|pense pas que ça compte du coup
|choice|move earthquake|move voltswitch
|
|move|p1a: Charizard|Earthquake|p2a: Lanturn
|-supereffective|p2a: Lanturn
|-damage|p2a: Lanturn|102\/401
|-damage|p1a: Charizard|239\/297|[from] item: Life Orb
|move|p2a: Lanturn|Volt Switch|p1a: Charizard
|-supereffective|p1a: Charizard
|-damage|p1a: Charizard|89\/297
|choice||switch 5
|
|switch|p2a: Zangoose|Zangoose, F|287\/287
|
|-status|p2a: Zangoose|tox|[from] item: Toxic Orb
|upkeep
|turn|5
|choice|switch 2|move quickattack
|
|switch|p1a: Ferroseed|Ferroseed, M|292\/292
|move|p2a: Zangoose|Quick Attack|p1a: Ferroseed
|-resisted|p1a: Ferroseed
|-damage|p1a: Ferroseed|265\/292
|-damage|p2a: Zangoose|252\/287 tox|[from] ability: Iron Barbs|[of] p1a: Ferroseed
|
|-damage|p2a: Zangoose|235\/287 tox|[from] psn
|upkeep
|turn|6
|choice|move leechseed|switch 3
|
|switch|p2a: Hitmonchan|Hitmonchan, M|293\/293
|move|p1a: Ferroseed|Leech Seed|p2a: Hitmonchan
|-start|p2a: Hitmonchan|move: Leech Seed
|
|-damage|p2a: Hitmonchan|257\/293|[from] Leech Seed|[of] p1a: Ferroseed
|-heal|p1a: Ferroseed|292\/292|[silent]
|upkeep
|turn|7
|choice|switch 5|move drainpunch
|
|switch|p1a: Sandslash|Sandslash, M|354\/354
|move|p2a: Hitmonchan|Drain Punch|p1a: Sandslash
|-crit|p1a: Sandslash
|-damage|p1a: Sandslash|137\/354
|-heal|p2a: Hitmonchan|293\/293|[from] drain|[of] p1a: Sandslash
|
|-damage|p2a: Hitmonchan|257\/293|[from] Leech Seed|[of] p1a: Sandslash
|-heal|p1a: Sandslash|173\/354|[silent]
|upkeep
|turn|8
|j|Grumeaux
|c|☆marmotte bn|c violent
|choice|move earthquake|move icepunch
|
|move|p2a: Hitmonchan|Ice Punch|p1a: Sandslash
|-supereffective|p1a: Sandslash
|-damage|p1a: Sandslash|0 fnt
|faint|p1a: Sandslash
|
|upkeep
|l|Grumeaux
|choice|switch 2|
|
|switch|p1a: Charizard|Charizard, M|89\/297
|turn|9
|c|☆LeParadox|le crit comptait
|c|☆LeParadox|sry
|choice|move airslash|switch 2
|
|switch|p2a: Weezing|Weezing, M|334\/334
|move|p1a: Charizard|Air Slash|p2a: Weezing
|-damage|p2a: Weezing|116\/334
|-damage|p1a: Charizard|60\/297|[from] item: Life Orb
|
|-heal|p2a: Weezing|136\/334|[from] item: Black Sludge
|upkeep
|turn|10
|c|☆marmotte bn|ah tant pis
|choice|move airslash|move sludgebomb
|
|move|p1a: Charizard|Air Slash|p2a: Weezing
|-damage|p2a: Weezing|0 fnt
|-damage|p1a: Charizard|31\/297|[from] item: Life Orb
|faint|p2a: Weezing
|
|upkeep
|choice||switch 5
|
|switch|p2a: Lanturn|Lanturn, F|102\/401
|turn|11
|choice|move fireblast|move voltswitch
|
|move|p1a: Charizard|Fire Blast|p2a: Lanturn|[miss]
|-miss|p1a: Charizard|p2a: Lanturn
|move|p2a: Lanturn|Volt Switch|p1a: Charizard
|-supereffective|p1a: Charizard
|-damage|p1a: Charizard|0 fnt
|faint|p1a: Charizard
|choice||switch 3
|
|switch|p2a: Zangoose|Zangoose, F|235\/287 tox
|
|-damage|p2a: Zangoose|218\/287 tox|[from] psn
|upkeep
|choice|switch 6|
|
|switch|p1a: Tauros|Tauros, M|291\/291
|turn|12
|choice|move rockclimb|switch 3
|
|switch|p2a: Lanturn|Lanturn, F|102\/401
|move|p1a: Tauros|Rock Climb|p2a: Lanturn
|-damage|p2a: Lanturn|0 fnt
|faint|p2a: Lanturn
|
|upkeep
|choice||switch 2
|
|switch|p2a: Hitmonchan|Hitmonchan, M|257\/293
|turn|13
|choice|move rockclimb|move machpunch
|
|move|p2a: Hitmonchan|Mach Punch|p1a: Tauros
|-supereffective|p1a: Tauros
|-damage|p1a: Tauros|117\/291
|move|p1a: Tauros|Rock Climb|p2a: Hitmonchan
|-damage|p2a: Hitmonchan|2\/293
|
|upkeep
|turn|14
|choice|switch 5|move machpunch
|
|switch|p1a: Ferroseed|Ferroseed, M|292\/292
|move|p2a: Hitmonchan|Mach Punch|p1a: Ferroseed
|-supereffective|p1a: Ferroseed
|-damage|p1a: Ferroseed|212\/292
|-damage|p2a: Hitmonchan|0 fnt|[from] ability: Iron Barbs|[of] p1a: Ferroseed
|faint|p2a: Hitmonchan
|
|upkeep
|choice||switch 3
|
|switch|p2a: Zangoose|Zangoose, F|218\/287 tox
|turn|15
|choice|move leechseed|move closecombat
|
|move|p2a: Zangoose|Close Combat|p1a: Ferroseed
|-supereffective|p1a: Ferroseed
|-damage|p1a: Ferroseed|0 fnt
|-damage|p2a: Zangoose|183\/287 tox|[from] ability: Iron Barbs|[of] p1a: Ferroseed
|-unboost|p2a: Zangoose|def|1
|-unboost|p2a: Zangoose|spd|1
|faint|p1a: Ferroseed
|
|-damage|p2a: Zangoose|166\/287 tox|[from] psn
|upkeep
|choice|switch 5|
|
|switch|p1a: Tauros|Tauros, M|117\/291
|turn|16
|choice|move rockclimb|move quickattack
|
|move|p2a: Zangoose|Quick Attack|p1a: Tauros
|-damage|p1a: Tauros|12\/291
|move|p1a: Tauros|Rock Climb|p2a: Zangoose
|-damage|p2a: Zangoose|0 fnt
|faint|p2a: Zangoose
|
|upkeep
|choice||switch 4
|
|switch|p2a: Mesprit|Mesprit|210\/301
|turn|17
|c|☆LeParadox|gg
|c|☆marmotte bn|gg
|choice|move rockclimb|move psychic
|
|move|p1a: Tauros|Rock Climb|p2a: Mesprit
|-damage|p2a: Mesprit|0 fnt
|faint|p2a: Mesprit
|
|upkeep
|choice||switch 6
|
|switch|p2a: Lilligant|Lilligant, F|281\/281
|turn|18
|choice|move rockclimb|move gigadrain
|
|move|p1a: Tauros|Rock Climb|p2a: Lilligant
|-damage|p2a: Lilligant|0 fnt
|faint|p2a: Lilligant
|
|win|marmotte bn
|l|LeParadox</script>
</div>
<div class="battle-log battle-log-inline"><div class="inner"><div class="battle-options"></div><div class="inner"><div class="chat"><small>marmotte bn joined.</small></div><div class="chat"><small>LeParadox joined.</small></div><div class=""><small>Format:</small> <br><strong>NU</strong></div><div class=""><small><em>Sleep Clause Mod:</em> Limit one foe put to sleep</small></div><div class=""><small><em>Species Clause:</em> Limit one of each Pokémon</small></div><div class=""><small><em>OHKO Clause:</em> OHKO moves are banned</small></div><div class=""><small><em>Moody Clause:</em> Moody is banned</small></div><div class=""><small><em>Evasion Moves Clause:</em> Evasion moves are banned</small></div><div class=""><small><em>Endless Battle Clause:</em> Forcing endless battles is banned</small></div><div class=""><small><em>HP Percentage Mod:</em> HP is shown in percentages</small></div><div class=""><small><em>Swagger Clause:</em> Swagger is banned</small></div><div class=""><small><em>Baton Pass Clause:</em> Limit one Baton Passer, can't pass Spe and other stats simultaneously</small></div><div class="chat battle-history"><strong>marmotte bn's team:</strong> <em style="color:#445566;display:block;">Tauros / Ferroseed / Charizard / Lanturn / Sandslash / Mesprit</em></div><div class="chat battle-history"><strong>LeParadox's team:</strong> <em style="color:#445566;display:block;">Zangoose / Weezing / Hitmonchan / Mesprit / Lanturn / Lilligant</em></div><div class="chat chatmessage-marmottebn"><strong style="color:hsl(229,79%,59.26829677737865%)"><small>☆</small><span class="username" data-name="marmotte bn">marmotte bn</span>:</strong> <em>glhf</em></div><div class="chat chatmessage-leparadox"><strong style="color:hsl(265,42%,56.3758131132862%)"><small>☆</small><span class="username" data-name="LeParadox">LeParadox</span>:</strong> <em>gl</em></div><div class="chat"><small>Tangent Phi² joined.</small></div><div class="spacer battle-history"><br></div><div class="battle-history">Battle started between marmotte bn and LeParadox!<br></div><div class="spacer battle-history"><br></div><div class="battle-history">Go! <strong>Mesprit</strong>!<br></div><div class="spacer battle-history"><br></div><div class="battle-history">LeParadox sent out <strong>Lanturn</strong>!<br></div><div class="spacer battle-history"><br></div><h2 class="battle-history">Turn 1</h2><div class="spacer battle-history"><br></div><div class="battle-history">The opposing Lanturn used <strong>Volt Switch</strong>!<br></div><div class="battle-history"><small>(Mesprit lost <abbr title="−67/364">18.4%</abbr> of its health!)</small><br></div><div class="spacer battle-history"><br></div><div class="battle-history">The opposing Lanturn went back to LeParadox!<br></div><div class="battle-history">LeParadox sent out <strong>Mesprit</strong>!<br></div><div class="spacer battle-history"><br></div><div class="battle-history">Mesprit used <strong>Energy Ball</strong>!<br></div><div class="battle-history"><small>(The opposing Mesprit lost <abbr title="−91/301">30.2%</abbr> of its health!)</small><br></div><div class="spacer battle-history"><br></div><div class="battle-history"><small>Mesprit restored a little HP using its Leftovers!</small><br></div><div class="spacer battle-history"><br></div><h2 class="battle-history">Turn 2</h2><div class="spacer battle-history"><br></div><div class="battle-history">The opposing Mesprit used <strong>Signal Beam</strong>!<br></div><div class="battle-history"><small>It's super effective!</small><br></div><div class="battle-history"><small>A critical hit!</small><br></div><div class="battle-history"><small>(Mesprit lost <abbr title="−319/364">87.6%</abbr> of its health!)</small><br></div><div class="spacer battle-history"><br></div><div class="battle-history">Mesprit fainted!<br></div><div class="chat chatmessage-marmottebn"><strong style="color:hsl(229,79%,59.26829677737865%)"><small>☆</small><span class="username" data-name="marmotte bn">marmotte bn</span>:</strong> <em>le crit est utile ?</em></div><div class="spacer battle-history"><br></div><div class="battle-history">Go! <strong>Charizard</strong>!<br></div><div class="spacer battle-history"><br></div><h2 class="battle-history">Turn 3</h2><div class="chat chatmessage-leparadox"><strong style="color:hsl(265,42%,56.3758131132862%)"><small>☆</small><span class="username" data-name="LeParadox">LeParadox</span>:</strong> <em>pas sûr</em></div><div class="chat chatmessage-leparadox"><strong style="color:hsl(265,42%,56.3758131132862%)"><small>☆</small><span class="username" data-name="LeParadox">LeParadox</span>:</strong> <em>t'es spDef ?</em></div><div class="chat chatmessage-marmottebn"><strong style="color:hsl(229,79%,59.26829677737865%)"><small>☆</small><span class="username" data-name="marmotte bn">marmotte bn</span>:</strong> <em>non</em></div><div class="spacer battle-history"><br></div><div class="battle-history">LeParadox withdrew Mesprit!<br></div><div class="battle-history">LeParadox sent out <strong>Lanturn</strong>!<br></div><div class="spacer battle-history"><br></div><div class="battle-history">Charizard used <strong>Fire Blast</strong>!<br></div><div class="battle-history"><small>It's not very effective...</small><br></div><div class="battle-history"><small>(The opposing Lanturn lost <abbr title="−100/401">24.9%</abbr> of its health!)</small><br></div><div class="battle-history"><small>Charizard lost some of its HP!</small><br></div><div class="spacer battle-history"><br></div><div class="battle-history"><small>The opposing Lanturn restored a little HP using its Leftovers!</small><br></div><div class="spacer battle-history"><br></div><h2 class="battle-history">Turn 4</h2><div class="chat chatmessage-leparadox"><strong style="color:hsl(265,42%,56.3758131132862%)"><small>☆</small><span class="username" data-name="LeParadox">LeParadox</span>:</strong> <em>pense pas que ça compte du coup</em></div><div class="spacer battle-history"><br></div><div class="battle-history">Charizard used <strong>Earthquake</strong>!<br></div><div class="battle-history"><small>It's super effective!</small><br></div><div class="battle-history"><small>(The opposing Lanturn lost <abbr title="−224/401">55.9%</abbr> of its health!)</small><br></div><div class="battle-history"><small>Charizard lost some of its HP!</small><br></div><div class="spacer battle-history"><br></div><div class="battle-history">The opposing Lanturn used <strong>Volt Switch</strong>!<br></div><div class="battle-history"><small>It's super effective!</small><br></div><div class="battle-history"><small>(Charizard lost <abbr title="−150/297">50.5%</abbr> of its health!)</small><br></div><div class="spacer battle-history"><br></div><div class="battle-history">The opposing Lanturn went back to LeParadox!<br></div><div class="battle-history">LeParadox sent out <strong>Zangoose</strong>!<br></div><div class="spacer battle-history"><br></div><div class="battle-history"><small>The opposing Zangoose was badly poisoned!</small><br></div><div class="spacer battle-history"><br></div><h2 class="battle-history">Turn 5</h2><div class="spacer battle-history"><br></div><div class="battle-history">Charizard, come back!<br></div><div class="battle-history">Go! <strong>Ferroseed</strong>!<br></div><div class="spacer battle-history"><br></div><div class="battle-history">The opposing Zangoose used <strong>Quick Attack</strong>!<br></div><div class="battle-history"><small>It's not very effective...</small><br></div><div class="battle-history"><small>(Ferroseed lost <abbr title="−27/292">9.2%</abbr> of its health!)</small><br></div><div class="battle-history"><small>[Ferroseed's Iron Barbs]</small><br><small>The opposing Zangoose was hurt!</small><br></div><div class="spacer battle-history"><br></div><div class="battle-history"><small>The opposing Zangoose was hurt by poison!</small><br></div><div class="spacer battle-history"><br></div><h2 class="battle-history">Turn 6</h2><div class="spacer battle-history"><br></div><div class="battle-history">LeParadox withdrew Zangoose!<br></div><div class="battle-history">LeParadox sent out <strong>Hitmonchan</strong>!<br></div><div class="spacer battle-history"><br></div><div class="battle-history">Ferroseed used <strong>Leech Seed</strong>!<br></div><div class="battle-history"><small>The opposing Hitmonchan was seeded!</small><br></div><div class="spacer battle-history"><br></div><div class="battle-history"><small>The opposing Hitmonchan's health is sapped by Leech Seed!</small><br></div><div class="spacer battle-history"><br></div><h2 class="battle-history">Turn 7</h2><div class="spacer battle-history"><br></div><div class="battle-history">Ferroseed, come back!<br></div><div class="battle-history">Go! <strong>Sandslash</strong>!<br></div><div class="spacer battle-history"><br></div><div class="battle-history">The opposing Hitmonchan used <strong>Drain Punch</strong>!<br></div><div class="battle-history"><small>A critical hit!</small><br></div><div class="battle-history"><small>(Sandslash lost <abbr title="−217/354">61.3%</abbr> of its health!)</small><br></div><div class="battle-history"><small>Sandslash had its energy drained!</small><br></div><div class="spacer battle-history"><br></div><div class="battle-history"><small>The opposing Hitmonchan's health is sapped by Leech Seed!</small><br></div><div class="spacer battle-history"><br></div><h2 class="battle-history">Turn 8</h2><div class="chat"><small>Grumeaux joined.</small></div><div class="chat chatmessage-marmottebn"><strong style="color:hsl(229,79%,59.26829677737865%)"><small>☆</small><span class="username" data-name="marmotte bn">marmotte bn</span>:</strong> <em>c violent</em></div><div class="spacer battle-history"><br></div><div class="battle-history">The opposing Hitmonchan used <strong>Ice Punch</strong>!<br></div><div class="battle-history"><small>It's super effective!</small><br></div><div class="battle-history"><small>(Sandslash lost <abbr title="−173/354">48.9%</abbr> of its health!)</small><br></div><div class="spacer battle-history"><br></div><div class="battle-history">Sandslash fainted!<br></div><div class="chat"><small>Grumeaux left.</small></div><div class="spacer battle-history"><br></div><div class="battle-history">Go! <strong>Charizard</strong>!<br></div><div class="spacer battle-history"><br></div><h2 class="battle-history">Turn 9</h2><div class="chat chatmessage-leparadox"><strong style="color:hsl(265,42%,56.3758131132862%)"><small>☆</small><span class="username" data-name="LeParadox">LeParadox</span>:</strong> <em>le crit comptait</em></div><div class="chat chatmessage-leparadox"><strong style="color:hsl(265,42%,56.3758131132862%)"><small>☆</small><span class="username" data-name="LeParadox">LeParadox</span>:</strong> <em>sry</em></div><div class="spacer battle-history"><br></div><div class="battle-history">LeParadox withdrew Hitmonchan!<br></div><div class="battle-history">LeParadox sent out <strong>Weezing</strong>!<br></div><div class="spacer battle-history"><br></div><div class="battle-history">Charizard used <strong>Air Slash</strong>!<br></div><div class="battle-history"><small>(The opposing Weezing lost <abbr title="−218/334">65.3%</abbr> of its health!)</small><br></div><div class="battle-history"><small>Charizard lost some of its HP!</small><br></div><div class="spacer battle-history"><br></div><div class="battle-history"><small>The opposing Weezing restored a little HP using its Black Sludge!</small><br></div><div class="spacer battle-history"><br></div><h2 class="battle-history">Turn 10</h2><div class="chat chatmessage-marmottebn"><strong style="color:hsl(229,79%,59.26829677737865%)"><small>☆</small><span class="username" data-name="marmotte bn">marmotte bn</span>:</strong> <em>ah tant pis</em></div><div class="spacer battle-history"><br></div><div class="battle-history">Charizard used <strong>Air Slash</strong>!<br></div><div class="battle-history"><small>(The opposing Weezing lost <abbr title="−136/334">40.7%</abbr> of its health!)</small><br></div><div class="battle-history"><small>Charizard lost some of its HP!</small><br></div><div class="spacer battle-history"><br></div><div class="battle-history">The opposing Weezing fainted!<br></div><div class="spacer battle-history"><br></div><div class="battle-history">LeParadox sent out <strong>Lanturn</strong>!<br></div><div class="spacer battle-history"><br></div><h2 class="battle-history">Turn 11</h2><div class="spacer battle-history"><br></div><div class="battle-history">Charizard used <strong>Fire Blast</strong>!<br></div><div class="battle-history"><small>The opposing Lanturn avoided the attack!</small><br></div><div class="spacer battle-history"><br></div><div class="battle-history">The opposing Lanturn used <strong>Volt Switch</strong>!<br></div><div class="battle-history"><small>It's super effective!</small><br></div><div class="battle-history"><small>(Charizard lost <abbr title="−31/297">10.4%</abbr> of its health!)</small><br></div><div class="spacer battle-history"><br></div><div class="battle-history">Charizard fainted!<br></div><div class="spacer battle-history"><br></div><div class="battle-history">The opposing Lanturn went back to LeParadox!<br></div><div class="battle-history">LeParadox sent out <strong>Zangoose</strong>!<br></div><div class="spacer battle-history"><br></div><div class="battle-history"><small>The opposing Zangoose was hurt by poison!</small><br></div><div class="spacer battle-history"><br></div><div class="battle-history">Go! <strong>Tauros</strong>!<br></div><div class="spacer battle-history"><br></div><h2 class="battle-history">Turn 12</h2><div class="spacer battle-history"><br></div><div class="battle-history">LeParadox withdrew Zangoose!<br></div><div class="battle-history">LeParadox sent out <strong>Lanturn</strong>!<br></div><div class="spacer battle-history"><br></div><div class="battle-history">Tauros used <strong>Rock Climb</strong>!<br></div><div class="battle-history"><small>(The opposing Lanturn lost <abbr title="−102/401">25.4%</abbr> of its health!)</small><br></div><div class="spacer battle-history"><br></div><div class="battle-history">The opposing Lanturn fainted!<br></div><div class="spacer battle-history"><br></div><div class="battle-history">LeParadox sent out <strong>Hitmonchan</strong>!<br></div><div class="spacer battle-history"><br></div><h2 class="battle-history">Turn 13</h2><div class="spacer battle-history"><br></div><div class="battle-history">The opposing Hitmonchan used <strong>Mach Punch</strong>!<br></div><div class="battle-history"><small>It's super effective!</small><br></div><div class="battle-history"><small>(Tauros lost <abbr title="−174/291">59.8%</abbr> of its health!)</small><br></div><div class="spacer battle-history"><br></div><div class="battle-history">Tauros used <strong>Rock Climb</strong>!<br></div><div class="battle-history"><small>(The opposing Hitmonchan lost <abbr title="−255/293">87.0%</abbr> of its health!)</small><br></div><div class="spacer battle-history"><br></div><h2 class="battle-history">Turn 14</h2><div class="spacer battle-history"><br></div><div class="battle-history">Tauros, come back!<br></div><div class="battle-history">Go! <strong>Ferroseed</strong>!<br></div><div class="spacer battle-history"><br></div><div class="battle-history">The opposing Hitmonchan used <strong>Mach Punch</strong>!<br></div><div class="battle-history"><small>It's super effective!</small><br></div><div class="battle-history"><small>(Ferroseed lost <abbr title="−80/292">27.4%</abbr> of its health!)</small><br></div><div class="battle-history"><small>[Ferroseed's Iron Barbs]</small><br><small>The opposing Hitmonchan was hurt!</small><br></div><div class="spacer battle-history"><br></div><div class="battle-history">The opposing Hitmonchan fainted!<br></div><div class="spacer battle-history"><br></div><div class="battle-history">LeParadox sent out <strong>Zangoose</strong>!<br></div><div class="spacer battle-history"><br></div><h2 class="battle-history">Turn 15</h2><div class="spacer battle-history"><br></div><div class="battle-history">The opposing Zangoose used <strong>Close Combat</strong>!<br></div><div class="battle-history"><small>It's super effective!</small><br></div><div class="battle-history"><small>(Ferroseed lost <abbr title="−212/292">72.6%</abbr> of its health!)</small><br></div><div class="battle-history"><small>[Ferroseed's Iron Barbs]</small><br><small>The opposing Zangoose was hurt!</small><br></div><div class="battle-history"><small>The opposing Zangoose's Defense fell!</small><br></div><div class="battle-history"><small>The opposing Zangoose's Special Defense fell!</small><br></div><div class="spacer battle-history"><br></div><div class="battle-history">Ferroseed fainted!<br></div><div class="spacer battle-history"><br></div><div class="battle-history"><small>The opposing Zangoose was hurt by poison!</small><br></div><div class="spacer battle-history"><br></div><div class="battle-history">Go! <strong>Tauros</strong>!<br></div><div class="spacer battle-history"><br></div><h2 class="battle-history">Turn 16</h2><div class="spacer battle-history"><br></div><div class="battle-history">The opposing Zangoose used <strong>Quick Attack</strong>!<br></div><div class="battle-history"><small>(Tauros lost <abbr title="−105/291">36.1%</abbr> of its health!)</small><br></div><div class="spacer battle-history"><br></div><div class="battle-history">Tauros used <strong>Rock Climb</strong>!<br></div><div class="battle-history"><small>(The opposing Zangoose lost <abbr title="−166/287">57.8%</abbr> of its health!)</small><br></div><div class="spacer battle-history"><br></div><div class="battle-history">The opposing Zangoose fainted!<br></div><div class="spacer battle-history"><br></div><div class="battle-history">LeParadox sent out <strong>Mesprit</strong>!<br></div><div class="spacer battle-history"><br></div><h2 class="battle-history">Turn 17</h2><div class="chat chatmessage-leparadox"><strong style="color:hsl(265,42%,56.3758131132862%)"><small>☆</small><span class="username" data-name="LeParadox">LeParadox</span>:</strong> <em>gg</em></div><div class="chat chatmessage-marmottebn"><strong style="color:hsl(229,79%,59.26829677737865%)"><small>☆</small><span class="username" data-name="marmotte bn">marmotte bn</span>:</strong> <em>gg</em></div><div class="spacer battle-history"><br></div><div class="battle-history">Tauros used <strong>Rock Climb</strong>!<br></div><div class="battle-history"><small>(The opposing Mesprit lost <abbr title="−210/301">69.8%</abbr> of its health!)</small><br></div><div class="spacer battle-history"><br></div><div class="battle-history">The opposing Mesprit fainted!<br></div><div class="spacer battle-history"><br></div><div class="battle-history">LeParadox sent out <strong>Lilligant</strong>!<br></div><div class="spacer battle-history"><br></div><h2 class="battle-history">Turn 18</h2><div class="spacer battle-history"><br></div><div class="battle-history">Tauros used <strong>Rock Climb</strong>!<br></div><div class="battle-history"><small>(The opposing Lilligant lost <abbr title="−281/281">100%</abbr> of its health!)</small><br></div><div class="spacer battle-history"><br></div><div class="battle-history">The opposing Lilligant fainted!<br></div><div class="spacer battle-history"><br></div><div class="battle-history"><strong>marmotte bn</strong> won the battle!<br></div><div class="chat"><small>LeParadox left.</small></div></div><div class="inner-preempt"></div></div></div>
</div>
<script>
let daily = Math.floor(Date.now()/1000/60/60/24);document.write('<script src="https://play.pokemonshowdown.com/js/replay-embed.js?version'+daily+'"></'+'script>');
</script>
