<!DOCTYPE html>
<meta charset="utf-8" />
<!-- version 1 -->
<title>NU replay: buzzmaniac7 vs. Thomas_633</title>
<style>
html,body {font-family:Verdana, sans-serif;font-size:10pt;margin:0;padding:0;}body{padding:12px 0;} .battle-log {font-family:Verdana, sans-serif;font-size:10pt;} .battle-log-inline {border:1px solid #AAAAAA;background:#EEF2F5;color:black;max-width:640px;margin:0 auto 80px;padding-bottom:5px;} .battle-log .inner {padding:4px 8px 0px 8px;} .battle-log .inner-preempt {padding:0 8px 4px 8px;} .battle-log .inner-after {margin-top:0.5em;} .battle-log h2 {margin:0.5em -8px;padding:4px 8px;border:1px solid #AAAAAA;background:#E0E7EA;border-left:0;border-right:0;font-family:Verdana, sans-serif;font-size:13pt;} .battle-log .chat {vertical-align:middle;padding:3px 0 3px 0;font-size:8pt;} .battle-log .chat strong {color:#40576A;} .battle-log .chat em {padding:1px 4px 1px 3px;color:#000000;font-style:normal;} .chat.mine {background:rgba(0,0,0,0.05);margin-left:-8px;margin-right:-8px;padding-left:8px;padding-right:8px;} .spoiler {color:#BBBBBB;background:#BBBBBB;padding:0px 3px;} .spoiler:hover, .spoiler:active, .spoiler-shown {color:#000000;background:#E2E2E2;padding:0px 3px;} .spoiler a {color:#BBBBBB;} .spoiler:hover a, .spoiler:active a, .spoiler-shown a {color:#2288CC;} .chat code, .chat .spoiler:hover code, .chat .spoiler:active code, .chat .spoiler-shown code {border:1px solid #C0C0C0;background:#EEEEEE;color:black;padding:0 2px;} .chat .spoiler code {border:1px solid #CCCCCC;background:#CCCCCC;color:#CCCCCC;} .battle-log .rated {padding:3px 4px;} .battle-log .rated strong {color:white;background:#89A;padding:1px 4px;border-radius:4px;} .spacer {margin-top:0.5em;} .message-announce {background:#6688AA;color:white;padding:1px 4px 2px;} .message-announce a, .broadcast-green a, .broadcast-blue a, .broadcast-red a {color:#DDEEFF;} .broadcast-green {background-color:#559955;color:white;padding:2px 4px;} .broadcast-blue {background-color:#6688AA;color:white;padding:2px 4px;} .infobox {border:1px solid #6688AA;padding:2px 4px;} .infobox-limited {max-height:200px;overflow:auto;overflow-x:hidden;} .broadcast-red {background-color:#AA5544;color:white;padding:2px 4px;} .message-learn-canlearn {font-weight:bold;color:#228822;text-decoration:underline;} .message-learn-cannotlearn {font-weight:bold;color:#CC2222;text-decoration:underline;} .message-effect-weak {font-weight:bold;color:#CC2222;} .message-effect-resist {font-weight:bold;color:#6688AA;} .message-effect-immune {font-weight:bold;color:#666666;} .message-learn-list {margin-top:0;margin-bottom:0;} .message-throttle-notice, .message-error {color:#992222;} .message-overflow, .chat small.message-overflow {font-size:0pt;} .message-overflow::before {font-size:9pt;content:'...';} .subtle {color:#3A4A66;}
</style>
<div class="wrapper replay-wrapper" style="max-width:1180px;margin:0 auto">
<input type="hidden" name="replayid" value="nu-511515502" />
<div class="battle"></div><div class="battle-log"></div><div class="replay-controls"></div><div class="replay-controls-2"></div>
<h1 style="font-weight:normal;text-align:center"><strong>NU</strong><br /><a href="http://pokemonshowdown.com/users/buzzmaniac7" class="subtle" target="_blank">buzzmaniac7</a> vs. <a href="http://pokemonshowdown.com/users/thomas633" class="subtle" target="_blank">Thomas_633</a></h1>
<script type="text/plain" class="battle-log-data">|j|buzzmaniac7
|j|Thomas_633
|player|p1|buzzmaniac7|102
|player|p2|Thomas_633|1
|gametype|singles
|gen|6
|tier|NU
|rated
|seed|32292,60320,45561,54285
|rule|Sleep Clause Mod: Limit one foe put to sleep
|rule|Species Clause: Limit one of each Pokémon
|rule|OHKO Clause: OHKO moves are banned
|rule|Moody Clause: Moody is banned
|rule|Evasion Moves Clause: Evasion moves are banned
|rule|Endless Battle Clause: Forcing endless battles is banned
|rule|HP Percentage Mod: HP is shown in percentages
|clearpoke
|poke|p1|Hitmonchan, M|item
|poke|p1|Audino, M|item
|poke|p1|Weezing, M|item
|poke|p1|Cradily, F|item
|poke|p1|Scyther, F|item
|poke|p1|Electivire, F|item
|poke|p2|Quagsire, M|item
|poke|p2|Xatu, M|item
|poke|p2|Aurorus, M|item
|poke|p2|Magmortar, M|item
|poke|p2|Vileplume, M|item
|poke|p2|Mesprit|item
|rule|Swagger Clause: Swagger is banned
|rule|Baton Pass Clause: Limit one Baton Passer, can't pass Spe and other stats simultaneously
|teampreview
|c|★Thomas_633|hi
|c|★buzzmaniac7|hiya
|choice|team 1, team 2, team 3, team 4, team 5, team 6|team 2, team 1, team 3, team 4, team 5, team 6
|
|start
|switch|p1a: Hitmonchan|Hitmonchan, M|241\/241
|switch|p2a: Xatu|Xatu, M|334\/334
|turn|1
|c|★Thomas_633|ill admit
|c|★Thomas_633|never seen a mega in NU
|choice|move icepunch|move psychic
|
|move|p1a: Hitmonchan|Ice Punch|p2a: Xatu
|-supereffective|p2a: Xatu
|-damage|p2a: Xatu|77\/334
|-damage|p1a: Hitmonchan|201\/241|[from] item: Rocky Helmet|[of] p2a: Xatu
|-damage|p1a: Hitmonchan|177\/241|[from] item: Life Orb
|move|p2a: Xatu|Psychic|p1a: Hitmonchan
|-supereffective|p1a: Hitmonchan
|-damage|p1a: Hitmonchan|0 fnt
|faint|p1a: Hitmonchan
|
|upkeep
|c|★buzzmaniac7|it's audino lol
|c|★buzzmaniac7|nothing special
|c|★Thomas_633|true that
|choice|switch 6|
|
|switch|p1a: Electivire|Electivire, F|353\/353
|turn|2
|c|★Thomas_633|i wish audino was a little better
|c|★Thomas_633|she's less ugly AF than chansey
|choice|move icepunch|switch 5
|
|switch|p2a: Vileplume|Vileplume, M|354\/354
|move|p1a: Electivire|Ice Punch|p2a: Vileplume
|-supereffective|p2a: Vileplume
|-damage|p2a: Vileplume|114\/354
|-status|p1a: Electivire|slp|[from] ability: Effect Spore|[of] p2a: Vileplume
|
|-heal|p2a: Vileplume|136\/354|[from] item: Black Sludge
|upkeep
|turn|3
|choice|move icepunch|move synthesis
|
|cant|p1a: Electivire|slp
|move|p2a: Vileplume|Synthesis|p2a: Vileplume
|-heal|p2a: Vileplume|313\/354
|
|-heal|p2a: Vileplume|335\/354|[from] item: Black Sludge
|upkeep
|turn|4
|choice|move icepunch|move sludgebomb
|
|-curestatus|p1a: Electivire|slp|[msg]
|move|p1a: Electivire|Ice Punch|p2a: Vileplume
|-supereffective|p2a: Vileplume
|-damage|p2a: Vileplume|89\/354
|move|p2a: Vileplume|Sludge Bomb|p1a: Electivire
|-damage|p1a: Electivire|233\/353
|-status|p1a: Electivire|psn
|
|-heal|p2a: Vileplume|111\/354|[from] item: Black Sludge
|-damage|p1a: Electivire|189\/353 psn|[from] psn
|upkeep
|turn|5
|c|★Thomas_633|ok
|c|★Thomas_633|i will admit this is bullshit RNG
|choice|move icepunch|switch 2
|
|switch|p2a: Swagsire|Quagsire, M|394\/394
|move|p1a: Electivire|Ice Punch|p2a: Swagsire
|-damage|p2a: Swagsire|273\/394
|
|-heal|p2a: Swagsire|297\/394|[from] item: Leftovers
|-damage|p1a: Electivire|145\/353 psn|[from] psn
|upkeep
|turn|6
|c|★buzzmaniac7|.... the poison rng
|c|★buzzmaniac7|fml
|choice|switch 4|move recover
|
|switch|p1a: Cradily|Cradily, F|375\/375
|move|p2a: Swagsire|Recover|p2a: Swagsire
|-heal|p2a: Swagsire|394\/394
|
|upkeep
|turn|7
|choice|move seedbomb|switch 6
|
|switch|p2a: Youspirit|Mesprit|301\/301
|move|p1a: Cradily|Seed Bomb|p2a: Youspirit
|-damage|p2a: Youspirit|198\/301
|
|upkeep
|turn|8
|choice|move stoneedge|move icebeam
|
|move|p2a: Youspirit|Ice Beam|p1a: Cradily
|-supereffective|p1a: Cradily
|-damage|p1a: Cradily|103\/375
|move|p1a: Cradily|Stone Edge|p2a: Youspirit
|-damage|p2a: Youspirit|78\/301
|
|-heal|p1a: Cradily|126\/375|[from] item: Leftovers
|upkeep
|turn|9
|choice|switch 2|move icebeam
|
|switch|p1a: Audino|Audino, M|409\/409
|move|p2a: Youspirit|Ice Beam|p1a: Audino
|-damage|p1a: Audino|295\/409
|
|upkeep
|turn|10
|choice|move toxic mega|switch 5
|
|switch|p2a: Xatu|Xatu, M|77\/334
|detailschange|p1a: Audino|Audino-Mega, M
|-mega|p1a: Audino|Audino|Audinite
|move|p1a: Audino|Toxic|p2a: Xatu
|move|p2a: Xatu|Toxic|p1a: Audino|[from]Magic Bounce
|-status|p1a: Audino|tox
|
|-damage|p1a: Audino|270\/409 tox|[from] psn
|upkeep
|turn|11
|choice|move healbell|move roost
|
|move|p2a: Xatu|Roost|p2a: Xatu
|-heal|p2a: Xatu|244\/334
|move|p1a: Audino|Heal Bell|p1a: Audino
|-activate|p1a: Audino|move: Heal Bell
|-curestatus|p1a: Audino|tox|[msg]
|-curestatus|p1: Electivire|psn|[msg]
|
|upkeep
|turn|12
|c|★Thomas_633|rekt
|c|★buzzmaniac7|feelsbadman
|c|★Thomas_633|yeah ill admit that was pure luck
|c|★Thomas_633|figured I'd heal the lad against audino
|choice|move wish|move psychic
|
|move|p2a: Xatu|Psychic|p1a: Audino
|-crit|p1a: Audino
|-damage|p1a: Audino|171\/409
|move|p1a: Audino|Wish|p1a: Audino
|
|upkeep
|turn|13
|choice|switch 2|switch 2
|
|switch|p2a: Vileplume|Vileplume, M|111\/354
|switch|p1a: Cradily|Cradily, F|126\/375
|
|-heal|p1a: Cradily|330\/375|[from] move: Wish|[wisher] Audino
|-heal|p2a: Vileplume|133\/354|[from] item: Black Sludge
|-heal|p1a: Cradily|353\/375|[from] item: Leftovers
|upkeep
|turn|14
|choice|move stoneedge|move synthesis
|
|move|p2a: Vileplume|Synthesis|p2a: Vileplume
|-heal|p2a: Vileplume|310\/354
|move|p1a: Cradily|Stone Edge|p2a: Vileplume
|-damage|p2a: Vileplume|196\/354
|
|-heal|p2a: Vileplume|218\/354|[from] item: Black Sludge
|-heal|p1a: Cradily|375\/375|[from] item: Leftovers
|upkeep
|turn|15
|choice|move stoneedge|move sludgebomb
|
|move|p2a: Vileplume|Sludge Bomb|p1a: Cradily
|-damage|p1a: Cradily|260\/375
|move|p1a: Cradily|Stone Edge|p2a: Vileplume|[miss]
|-miss|p1a: Cradily|p2a: Vileplume
|
|-heal|p2a: Vileplume|240\/354|[from] item: Black Sludge
|-heal|p1a: Cradily|283\/375|[from] item: Leftovers
|upkeep
|turn|16
|choice|move curse|move sludgebomb
|
|move|p2a: Vileplume|Sludge Bomb|p1a: Cradily
|-damage|p1a: Cradily|183\/375
|move|p1a: Cradily|Curse|p1a: Cradily
|-unboost|p1a: Cradily|spe|1
|-boost|p1a: Cradily|atk|1
|-boost|p1a: Cradily|def|1
|
|-heal|p2a: Vileplume|262\/354|[from] item: Black Sludge
|-heal|p1a: Cradily|206\/375|[from] item: Leftovers
|upkeep
|turn|17
|c|★Thomas_633|this might take a while lol
|choice|move synthesis|move sludgebomb
|
|move|p2a: Vileplume|Sludge Bomb|p1a: Cradily
|-damage|p1a: Cradily|91\/375
|move|p1a: Cradily|Synthesis|p1a: Cradily
|-heal|p1a: Cradily|278\/375
|
|-heal|p2a: Vileplume|284\/354|[from] item: Black Sludge
|-heal|p1a: Cradily|301\/375|[from] item: Leftovers
|upkeep
|turn|18
|c|★Thomas_633|o snap
|c|★buzzmaniac7|hehe
|choice|move curse|move sludgebomb
|
|move|p2a: Vileplume|Sludge Bomb|p1a: Cradily
|-damage|p1a: Cradily|189\/375
|move|p1a: Cradily|Curse|p1a: Cradily
|-unboost|p1a: Cradily|spe|1
|-boost|p1a: Cradily|atk|1
|-boost|p1a: Cradily|def|1
|
|-heal|p2a: Vileplume|306\/354|[from] item: Black Sludge
|-heal|p1a: Cradily|212\/375|[from] item: Leftovers
|upkeep
|turn|19
|choice|move synthesis|switch 3
|
|switch|p2a: Brontosaurus|Aurorus, M|387\/387
|move|p1a: Cradily|Synthesis|p1a: Cradily
|-heal|p1a: Cradily|375\/375
|
|upkeep
|turn|20
|choice|move seedbomb|move hyperbeam
|
|move|p2a: Brontosaurus|Hyper Beam|p1a: Cradily
|-supereffective|p1a: Cradily
|-damage|p1a: Cradily|0 fnt
|faint|p1a: Cradily
|
|upkeep
|c|★Thomas_633|i mean its the one time hyper beam might be useful
|c|★buzzmaniac7|why
|c|★buzzmaniac7|why is it
|c|★buzzmaniac7|super effective
|c|★buzzmaniac7|D:
|choice|switch 4|
|
|switch|p1a: Electivire|Electivire, F|145\/353
|turn|21
|-mustrecharge|p2a: Brontosaurus
|-mustrecharge|p2a: Brontosaurus
|c|★Thomas_633|well
|choice|move crosschop|move recharge
|
|move|p1a: Electivire|Cross Chop|p2a: Brontosaurus
|-supereffective|p2a: Brontosaurus
|-damage|p2a: Brontosaurus|0 fnt
|faint|p2a: Brontosaurus
|
|upkeep
|c|★Thomas_633|at least you get a free kill
|choice||switch 5
|
|switch|p2a: Youspirit|Mesprit|78\/301
|turn|22
|choice|move crosschop|move psychic
|
|move|p2a: Youspirit|Psychic|p1a: Electivire
|-damage|p1a: Electivire|0 fnt
|faint|p1a: Electivire
|
|upkeep
|choice|switch 5|
|
|switch|p1a: Scyther|Scyther, F|281\/281
|turn|23
|choice|move uturn|move psychic
|
|move|p1a: Scyther|U-turn|p2a: Youspirit
|-supereffective|p2a: Youspirit
|-damage|p2a: Youspirit|0 fnt
|faint|p2a: Youspirit
|choice|switch 3|
|
|switch|p1a: Weezing|Weezing, M|334\/334
|
|upkeep
|c|★Thomas_633|in hindsight if I'm gonna specs something
|c|★Thomas_633|may as well make it actually fast
|choice||switch 2
|
|switch|p2a: Xatu|Xatu, M|244\/334
|turn|24
|choice|move sludgebomb|move psychic
|
|move|p2a: Xatu|Psychic|p1a: Weezing
|-supereffective|p1a: Weezing
|-damage|p1a: Weezing|142\/334
|move|p1a: Weezing|Sludge Bomb|p2a: Xatu
|-damage|p2a: Xatu|123\/334
|-status|p2a: Xatu|psn
|
|-heal|p1a: Weezing|162\/334|[from] item: Leftovers
|-damage|p2a: Xatu|82\/334 psn|[from] psn
|upkeep
|turn|25
|choice|switch 2|move psychic
|
|switch|p1a: Audino|Audino-Mega, M|171\/409
|move|p2a: Xatu|Psychic|p1a: Audino
|-damage|p1a: Audino|102\/409
|
|-damage|p2a: Xatu|41\/334 psn|[from] psn
|upkeep
|turn|26
|choice|move wish|move psychic
|
|move|p2a: Xatu|Psychic|p1a: Audino
|-damage|p1a: Audino|39\/409
|move|p1a: Audino|Wish|p1a: Audino
|
|-damage|p2a: Xatu|0 fnt|[from] psn
|upkeep
|faint|p2a: Xatu
|choice||switch 4
|
|switch|p2a: Artillery|Magmortar, M|307\/307
|turn|27
|choice|switch 2|move flamecharge
|
|switch|p1a: Weezing|Weezing, M|162\/334
|move|p2a: Artillery|Flame Charge|p1a: Weezing
|-damage|p1a: Weezing|122\/334
|-boost|p2a: Artillery|spe|1
|
|-heal|p1a: Weezing|326\/334|[from] move: Wish|[wisher] Audino
|-heal|p1a: Weezing|334\/334|[from] item: Leftovers
|upkeep
|turn|28
|choice|move sludgebomb|move fireblast
|
|move|p2a: Artillery|Fire Blast|p1a: Weezing
|-damage|p1a: Weezing|160\/334
|move|p1a: Weezing|Sludge Bomb|p2a: Artillery
|-damage|p2a: Artillery|238\/307
|
|-heal|p1a: Weezing|180\/334|[from] item: Leftovers
|upkeep
|turn|29
|choice|move destinybond|move fireblast
|
|move|p2a: Artillery|Fire Blast|p1a: Weezing
|-damage|p1a: Weezing|0 fnt
|faint|p1a: Weezing
|
|upkeep
|choice|switch 2|
|
|switch|p1a: Audino|Audino-Mega, M|39\/409
|turn|30
|choice|move toxic|move flamecharge
|
|move|p2a: Artillery|Flame Charge|p1a: Audino
|-damage|p1a: Audino|0 fnt
|-boost|p2a: Artillery|spe|1
|faint|p1a: Audino
|
|upkeep
|c|★buzzmaniac7|gg
|c|★Thomas_633|gg
|choice|switch 3|
|
|switch|p1a: Scyther|Scyther, F|281\/281
|turn|31
|c|★Thomas_633|was fun thx
|choice|move airslash|move flamecharge
|
|move|p2a: Artillery|Flame Charge|p1a: Scyther
|-supereffective|p1a: Scyther
|-crit|p1a: Scyther
|-damage|p1a: Scyther|161\/281
|-boost|p2a: Artillery|spe|1
|move|p1a: Scyther|Air Slash|p2a: Artillery
|-damage|p2a: Artillery|201\/307
|
|upkeep
|turn|32
|choice|move airslash|move fireblast
|
|move|p2a: Artillery|Fire Blast|p1a: Scyther
|-supereffective|p1a: Scyther
|-damage|p1a: Scyther|0 fnt
|faint|p1a: Scyther
|
|win|Thomas_633
|player|p1
|player|p2
|raw|buzzmaniac7's rating: 1096 &rarr; <strong>1068<\/strong><br \/>(-28 for losing)
|raw|Thomas_633's rating: 1050 &rarr; <strong>1087<\/strong><br \/>(+37 for winning)
|l|buzzmaniac7</script>
</div>
<div class="battle-log battle-log-inline"><div class="inner"><div class="battle-options"></div><div class="inner"><div class="chat"><small>buzzmaniac7 joined.</small></div><div class="chat"><small>Thomas_633 joined.</small></div><div class=""><small>Format:</small> <br><strong>NU</strong></div><div class="rated"><strong>Rated battle</strong></div><div class=""><small><em>Sleep Clause Mod:</em> Limit one foe put to sleep</small></div><div class=""><small><em>Species Clause:</em> Limit one of each Pokémon</small></div><div class=""><small><em>OHKO Clause:</em> OHKO moves are banned</small></div><div class=""><small><em>Moody Clause:</em> Moody is banned</small></div><div class=""><small><em>Evasion Moves Clause:</em> Evasion moves are banned</small></div><div class=""><small><em>Endless Battle Clause:</em> Forcing endless battles is banned</small></div><div class=""><small><em>HP Percentage Mod:</em> HP is shown in percentages</small></div><div class=""><small><em>Swagger Clause:</em> Swagger is banned</small></div><div class=""><small><em>Baton Pass Clause:</em> Limit one Baton Passer, can't pass Spe and other stats simultaneously</small></div><div class="chat battle-history"><strong>buzzmaniac7's team:</strong> <em style="color:#445566;display:block;">Hitmonchan / Audino / Weezing / Cradily / Scyther / Electivire</em></div><div class="chat battle-history"><strong>Thomas_633's team:</strong> <em style="color:#445566;display:block;">Quagsire / Xatu / Aurorus / Magmortar / Vileplume / Mesprit</em></div><div class="chat chatmessage-thomas633"><strong style="color:hsl(232,76%,60.30975110061317%)"><small>★</small><span class="username" data-name="Thomas_633">Thomas_633</span>:</strong> <em>hi</em></div><div class="chat chatmessage-buzzmaniac7"><strong style="color:hsl(117,72%,32%)"><small>★</small><span class="username" data-name="buzzmaniac7">buzzmaniac7</span>:</strong> <em>hiya</em></div><div class="spacer battle-history"><br></div><div class="battle-history">Battle started between buzzmaniac7 and Thomas_633!<br></div><div class="spacer battle-history"><br></div><div class="battle-history">Go! <strong>Hitmonchan</strong>!<br></div><div class="spacer battle-history"><br></div><div class="battle-history">Thomas_633 sent out <strong>Xatu</strong>!<br></div><div class="spacer battle-history"><br></div><h2 class="battle-history">Turn 1</h2><div class="chat chatmessage-thomas633"><strong style="color:hsl(232,76%,60.30975110061317%)"><small>★</small><span class="username" data-name="Thomas_633">Thomas_633</span>:</strong> <em>ill admit</em></div><div class="chat chatmessage-thomas633"><strong style="color:hsl(232,76%,60.30975110061317%)"><small>★</small><span class="username" data-name="Thomas_633">Thomas_633</span>:</strong> <em>never seen a mega in NU</em></div><div class="spacer battle-history"><br></div><div class="battle-history">Hitmonchan used <strong>Ice Punch</strong>!<br></div><div class="battle-history"><small>It's super effective!</small><br></div><div class="battle-history"><small>(The opposing Xatu lost <abbr title="−257/334">76.9%</abbr> of its health!)</small><br></div><div class="battle-history"><small>Hitmonchan was hurt by the Rocky Helmet!</small><br></div><div class="battle-history"><small>Hitmonchan lost some of its HP!</small><br></div><div class="spacer battle-history"><br></div><div class="battle-history">The opposing Xatu used <strong>Psychic</strong>!<br></div><div class="battle-history"><small>It's super effective!</small><br></div><div class="battle-history"><small>(Hitmonchan lost <abbr title="−177/241">73.4%</abbr> of its health!)</small><br></div><div class="spacer battle-history"><br></div><div class="battle-history">Hitmonchan fainted!<br></div><div class="chat chatmessage-buzzmaniac7"><strong style="color:hsl(117,72%,32%)"><small>★</small><span class="username" data-name="buzzmaniac7">buzzmaniac7</span>:</strong> <em>it's audino lol</em></div><div class="chat chatmessage-buzzmaniac7"><strong style="color:hsl(117,72%,32%)"><small>★</small><span class="username" data-name="buzzmaniac7">buzzmaniac7</span>:</strong> <em>nothing special</em></div><div class="chat chatmessage-thomas633"><strong style="color:hsl(232,76%,60.30975110061317%)"><small>★</small><span class="username" data-name="Thomas_633">Thomas_633</span>:</strong> <em>true that</em></div><div class="spacer battle-history"><br></div><div class="battle-history">Go! <strong>Electivire</strong>!<br></div><div class="spacer battle-history"><br></div><h2 class="battle-history">Turn 2</h2><div class="chat chatmessage-thomas633"><strong style="color:hsl(232,76%,60.30975110061317%)"><small>★</small><span class="username" data-name="Thomas_633">Thomas_633</span>:</strong> <em>i wish audino was a little better</em></div><div class="chat chatmessage-thomas633"><strong style="color:hsl(232,76%,60.30975110061317%)"><small>★</small><span class="username" data-name="Thomas_633">Thomas_633</span>:</strong> <em>she's less ugly AF than chansey</em></div><div class="spacer battle-history"><br></div><div class="battle-history">Thomas_633 withdrew Xatu!<br></div><div class="battle-history">Thomas_633 sent out <strong>Vileplume</strong>!<br></div><div class="spacer battle-history"><br></div><div class="battle-history">Electivire used <strong>Ice Punch</strong>!<br></div><div class="battle-history"><small>It's super effective!</small><br></div><div class="battle-history"><small>(The opposing Vileplume lost <abbr title="−240/354">67.8%</abbr> of its health!)</small><br></div><div class="battle-history"><small>[The opposing Vileplume's Effect Spore]</small><br><small>Electivire fell asleep!</small><br></div><div class="spacer battle-history"><br></div><div class="battle-history"><small>The opposing Vileplume restored a little HP using its Black Sludge!</small><br></div><div class="spacer battle-history"><br></div><h2 class="battle-history">Turn 3</h2><div class="spacer battle-history"><br></div><div class="battle-history">Electivire is fast asleep.<br></div><div class="spacer battle-history"><br></div><div class="battle-history">The opposing Vileplume used <strong>Synthesis</strong>!<br></div><div class="battle-history"><small>The opposing Vileplume restored its HP.</small><br></div><div class="spacer battle-history"><br></div><div class="battle-history"><small>The opposing Vileplume restored a little HP using its Black Sludge!</small><br></div><div class="spacer battle-history"><br></div><h2 class="battle-history">Turn 4</h2><div class="spacer battle-history"><br></div><div class="battle-history"><small>Electivire woke up!</small><br></div><div class="spacer battle-history"><br></div><div class="battle-history">Electivire used <strong>Ice Punch</strong>!<br></div><div class="battle-history"><small>It's super effective!</small><br></div><div class="battle-history"><small>(The opposing Vileplume lost <abbr title="−246/354">69.5%</abbr> of its health!)</small><br></div><div class="spacer battle-history"><br></div><div class="battle-history">The opposing Vileplume used <strong>Sludge Bomb</strong>!<br></div><div class="battle-history"><small>(Electivire lost <abbr title="−120/353">34.0%</abbr> of its health!)</small><br></div><div class="battle-history"><small>Electivire was poisoned!</small><br></div><div class="spacer battle-history"><br></div><div class="battle-history"><small>The opposing Vileplume restored a little HP using its Black Sludge!</small><br></div><div class="battle-history"><small>Electivire was hurt by poison!</small><br></div><div class="spacer battle-history"><br></div><h2 class="battle-history">Turn 5</h2><div class="chat chatmessage-thomas633"><strong style="color:hsl(232,76%,60.30975110061317%)"><small>★</small><span class="username" data-name="Thomas_633">Thomas_633</span>:</strong> <em>ok</em></div><div class="chat chatmessage-thomas633"><strong style="color:hsl(232,76%,60.30975110061317%)"><small>★</small><span class="username" data-name="Thomas_633">Thomas_633</span>:</strong> <em>i will admit this is bullshit RNG</em></div><div class="spacer battle-history"><br></div><div class="battle-history">Thomas_633 withdrew Vileplume!<br></div><div class="battle-history">Thomas_633 sent out Swagsire (<strong>Quagsire</strong>)!<br></div><div class="spacer battle-history"><br></div><div class="battle-history">Electivire used <strong>Ice Punch</strong>!<br></div><div class="battle-history"><small>(The opposing Swagsire lost <abbr title="−121/394">30.7%</abbr> of its health!)</small><br></div><div class="spacer battle-history"><br></div><div class="battle-history"><small>The opposing Swagsire restored a little HP using its Leftovers!</small><br></div><div class="battle-history"><small>Electivire was hurt by poison!</small><br></div><div class="spacer battle-history"><br></div><h2 class="battle-history">Turn 6</h2><div class="chat chatmessage-buzzmaniac7"><strong style="color:hsl(117,72%,32%)"><small>★</small><span class="username" data-name="buzzmaniac7">buzzmaniac7</span>:</strong> <em>.... the poison rng</em></div><div class="chat chatmessage-buzzmaniac7"><strong style="color:hsl(117,72%,32%)"><small>★</small><span class="username" data-name="buzzmaniac7">buzzmaniac7</span>:</strong> <em>fml</em></div><div class="spacer battle-history"><br></div><div class="battle-history">Electivire, come back!<br></div><div class="battle-history">Go! <strong>Cradily</strong>!<br></div><div class="spacer battle-history"><br></div><div class="battle-history">The opposing Swagsire used <strong>Recover</strong>!<br></div><div class="battle-history"><small>The opposing Swagsire restored its HP.</small><br></div><div class="spacer battle-history"><br></div><h2 class="battle-history">Turn 7</h2><div class="spacer battle-history"><br></div><div class="battle-history">Thomas_633 withdrew Swagsire!<br></div><div class="battle-history">Thomas_633 sent out Youspirit (<strong>Mesprit</strong>)!<br></div><div class="spacer battle-history"><br></div><div class="battle-history">Cradily used <strong>Seed Bomb</strong>!<br></div><div class="battle-history"><small>(The opposing Youspirit lost <abbr title="−103/301">34.2%</abbr> of its health!)</small><br></div><div class="spacer battle-history"><br></div><h2 class="battle-history">Turn 8</h2><div class="spacer battle-history"><br></div><div class="battle-history">The opposing Youspirit used <strong>Ice Beam</strong>!<br></div><div class="battle-history"><small>It's super effective!</small><br></div><div class="battle-history"><small>(Cradily lost <abbr title="−272/375">72.5%</abbr> of its health!)</small><br></div><div class="spacer battle-history"><br></div><div class="battle-history">Cradily used <strong>Stone Edge</strong>!<br></div><div class="battle-history"><small>(The opposing Youspirit lost <abbr title="−120/301">39.9%</abbr> of its health!)</small><br></div><div class="spacer battle-history"><br></div><div class="battle-history"><small>Cradily restored a little HP using its Leftovers!</small><br></div><div class="spacer battle-history"><br></div><h2 class="battle-history">Turn 9</h2><div class="spacer battle-history"><br></div><div class="battle-history">Cradily, come back!<br></div><div class="battle-history">Go! <strong>Audino</strong>!<br></div><div class="spacer battle-history"><br></div><div class="battle-history">The opposing Youspirit used <strong>Ice Beam</strong>!<br></div><div class="battle-history"><small>(Audino lost <abbr title="−114/409">27.9%</abbr> of its health!)</small><br></div><div class="spacer battle-history"><br></div><h2 class="battle-history">Turn 10</h2><div class="spacer battle-history"><br></div><div class="battle-history">Thomas_633 withdrew Youspirit!<br></div><div class="battle-history">Thomas_633 sent out <strong>Xatu</strong>!<br></div><div class="spacer battle-history"><br></div><div class="battle-history"><small>Audino's Audinite is reacting to buzzmaniac7's Mega Bracelet!</small><br>Audino has Mega Evolved into Mega Audino!<br></div><div class="spacer battle-history"><br></div><div class="battle-history">Audino used <strong>Toxic</strong>!<br></div><div class="spacer battle-history"><br></div><div class="battle-history"><small>[The opposing Xatu's Magic Bounce]</small><br>The opposing Xatu bounced the Toxic back!<br></div><div class="battle-history"><small>Audino was badly poisoned!</small><br></div><div class="spacer battle-history"><br></div><div class="battle-history"><small>Audino was hurt by poison!</small><br></div><div class="spacer battle-history"><br></div><h2 class="battle-history">Turn 11</h2><div class="spacer battle-history"><br></div><div class="battle-history">The opposing Xatu used <strong>Roost</strong>!<br></div><div class="battle-history"><small>The opposing Xatu restored its HP.</small><br></div><div class="spacer battle-history"><br></div><div class="battle-history">Audino used <strong>Heal Bell</strong>!<br></div><div class="battle-history"><small>A bell chimed!</small><br></div><div class="battle-history"><small>Audino was cured of its poisoning.</small><br></div><div class="battle-history"><small>Electivire was cured of its poisoning.</small><br></div><div class="spacer battle-history"><br></div><h2 class="battle-history">Turn 12</h2><div class="chat chatmessage-thomas633"><strong style="color:hsl(232,76%,60.30975110061317%)"><small>★</small><span class="username" data-name="Thomas_633">Thomas_633</span>:</strong> <em>rekt</em></div><div class="chat chatmessage-buzzmaniac7"><strong style="color:hsl(117,72%,32%)"><small>★</small><span class="username" data-name="buzzmaniac7">buzzmaniac7</span>:</strong> <em>feelsbadman</em></div><div class="chat chatmessage-thomas633"><strong style="color:hsl(232,76%,60.30975110061317%)"><small>★</small><span class="username" data-name="Thomas_633">Thomas_633</span>:</strong> <em>yeah ill admit that was pure luck</em></div><div class="chat chatmessage-thomas633"><strong style="color:hsl(232,76%,60.30975110061317%)"><small>★</small><span class="username" data-name="Thomas_633">Thomas_633</span>:</strong> <em>figured I'd heal the lad against audino</em></div><div class="spacer battle-history"><br></div><div class="battle-history">The opposing Xatu used <strong>Psychic</strong>!<br></div><div class="battle-history"><small>A critical hit!</small><br></div><div class="battle-history"><small>(Audino lost <abbr title="−99/409">24.2%</abbr> of its health!)</small><br></div><div class="spacer battle-history"><br></div><div class="battle-history">Audino used <strong>Wish</strong>!<br></div><div class="spacer battle-history"><br></div><h2 class="battle-history">Turn 13</h2><div class="spacer battle-history"><br></div><div class="battle-history">Thomas_633 withdrew Xatu!<br></div><div class="battle-history">Thomas_633 sent out <strong>Vileplume</strong>!<br></div><div class="spacer battle-history"><br></div><div class="battle-history">Audino, come back!<br></div><div class="battle-history">Go! <strong>Cradily</strong>!<br></div><div class="spacer battle-history"><br></div><div class="battle-history"><small>Audino's wish came true!</small><br></div><div class="battle-history"><small>The opposing Vileplume restored a little HP using its Black Sludge!</small><br></div><div class="battle-history"><small>Cradily restored a little HP using its Leftovers!</small><br></div><div class="spacer battle-history"><br></div><h2 class="battle-history">Turn 14</h2><div class="spacer battle-history"><br></div><div class="battle-history">The opposing Vileplume used <strong>Synthesis</strong>!<br></div><div class="battle-history"><small>The opposing Vileplume restored its HP.</small><br></div><div class="spacer battle-history"><br></div><div class="battle-history">Cradily used <strong>Stone Edge</strong>!<br></div><div class="battle-history"><small>(The opposing Vileplume lost <abbr title="−114/354">32.2%</abbr> of its health!)</small><br></div><div class="spacer battle-history"><br></div><div class="battle-history"><small>The opposing Vileplume restored a little HP using its Black Sludge!</small><br></div><div class="battle-history"><small>Cradily restored a little HP using its Leftovers!</small><br></div><div class="spacer battle-history"><br></div><h2 class="battle-history">Turn 15</h2><div class="spacer battle-history"><br></div><div class="battle-history">The opposing Vileplume used <strong>Sludge Bomb</strong>!<br></div><div class="battle-history"><small>(Cradily lost <abbr title="−115/375">30.7%</abbr> of its health!)</small><br></div><div class="spacer battle-history"><br></div><div class="battle-history">Cradily used <strong>Stone Edge</strong>!<br></div><div class="battle-history"><small>The opposing Vileplume avoided the attack!</small><br></div><div class="spacer battle-history"><br></div><div class="battle-history"><small>The opposing Vileplume restored a little HP using its Black Sludge!</small><br></div><div class="battle-history"><small>Cradily restored a little HP using its Leftovers!</small><br></div><div class="spacer battle-history"><br></div><h2 class="battle-history">Turn 16</h2><div class="spacer battle-history"><br></div><div class="battle-history">The opposing Vileplume used <strong>Sludge Bomb</strong>!<br></div><div class="battle-history"><small>(Cradily lost <abbr title="−100/375">26.7%</abbr> of its health!)</small><br></div><div class="spacer battle-history"><br></div><div class="battle-history">Cradily used <strong>Curse</strong>!<br></div><div class="battle-history"><small>Cradily's Speed fell!</small><br></div><div class="battle-history"><small>Cradily's Attack rose!</small><br></div><div class="battle-history"><small>Cradily's Defense rose!</small><br></div><div class="spacer battle-history"><br></div><div class="battle-history"><small>The opposing Vileplume restored a little HP using its Black Sludge!</small><br></div><div class="battle-history"><small>Cradily restored a little HP using its Leftovers!</small><br></div><div class="spacer battle-history"><br></div><h2 class="battle-history">Turn 17</h2><div class="chat chatmessage-thomas633"><strong style="color:hsl(232,76%,60.30975110061317%)"><small>★</small><span class="username" data-name="Thomas_633">Thomas_633</span>:</strong> <em>this might take a while lol</em></div><div class="spacer battle-history"><br></div><div class="battle-history">The opposing Vileplume used <strong>Sludge Bomb</strong>!<br></div><div class="battle-history"><small>(Cradily lost <abbr title="−115/375">30.7%</abbr> of its health!)</small><br></div><div class="spacer battle-history"><br></div><div class="battle-history">Cradily used <strong>Synthesis</strong>!<br></div><div class="battle-history"><small>Cradily restored its HP.</small><br></div><div class="spacer battle-history"><br></div><div class="battle-history"><small>The opposing Vileplume restored a little HP using its Black Sludge!</small><br></div><div class="battle-history"><small>Cradily restored a little HP using its Leftovers!</small><br></div><div class="spacer battle-history"><br></div><h2 class="battle-history">Turn 18</h2><div class="chat chatmessage-thomas633"><strong style="color:hsl(232,76%,60.30975110061317%)"><small>★</small><span class="username" data-name="Thomas_633">Thomas_633</span>:</strong> <em>o snap</em></div><div class="chat chatmessage-buzzmaniac7"><strong style="color:hsl(117,72%,32%)"><small>★</small><span class="username" data-name="buzzmaniac7">buzzmaniac7</span>:</strong> <em>hehe</em></div><div class="spacer battle-history"><br></div><div class="battle-history">The opposing Vileplume used <strong>Sludge Bomb</strong>!<br></div><div class="battle-history"><small>(Cradily lost <abbr title="−112/375">29.9%</abbr> of its health!)</small><br></div><div class="spacer battle-history"><br></div><div class="battle-history">Cradily used <strong>Curse</strong>!<br></div><div class="battle-history"><small>Cradily's Speed fell!</small><br></div><div class="battle-history"><small>Cradily's Attack rose!</small><br></div><div class="battle-history"><small>Cradily's Defense rose!</small><br></div><div class="spacer battle-history"><br></div><div class="battle-history"><small>The opposing Vileplume restored a little HP using its Black Sludge!</small><br></div><div class="battle-history"><small>Cradily restored a little HP using its Leftovers!</small><br></div><div class="spacer battle-history"><br></div><h2 class="battle-history">Turn 19</h2><div class="spacer battle-history"><br></div><div class="battle-history">Thomas_633 withdrew Vileplume!<br></div><div class="battle-history">Thomas_633 sent out Brontosaurus (<strong>Aurorus</strong>)!<br></div><div class="spacer battle-history"><br></div><div class="battle-history">Cradily used <strong>Synthesis</strong>!<br></div><div class="battle-history"><small>Cradily restored its HP.</small><br></div><div class="spacer battle-history"><br></div><h2 class="battle-history">Turn 20</h2><div class="spacer battle-history"><br></div><div class="battle-history">The opposing Brontosaurus used <strong>Hyper Beam</strong>!<br></div><div class="battle-history"><small>It's super effective!</small><br></div><div class="battle-history"><small>(Cradily lost <abbr title="−375/375">100%</abbr> of its health!)</small><br></div><div class="spacer battle-history"><br></div><div class="battle-history">Cradily fainted!<br></div><div class="chat chatmessage-thomas633"><strong style="color:hsl(232,76%,60.30975110061317%)"><small>★</small><span class="username" data-name="Thomas_633">Thomas_633</span>:</strong> <em>i mean its the one time hyper beam might be useful</em></div><div class="chat chatmessage-buzzmaniac7"><strong style="color:hsl(117,72%,32%)"><small>★</small><span class="username" data-name="buzzmaniac7">buzzmaniac7</span>:</strong> <em>why</em></div><div class="chat chatmessage-buzzmaniac7"><strong style="color:hsl(117,72%,32%)"><small>★</small><span class="username" data-name="buzzmaniac7">buzzmaniac7</span>:</strong> <em>why is it</em></div><div class="chat chatmessage-buzzmaniac7"><strong style="color:hsl(117,72%,32%)"><small>★</small><span class="username" data-name="buzzmaniac7">buzzmaniac7</span>:</strong> <em>super effective</em></div><div class="chat chatmessage-buzzmaniac7"><strong style="color:hsl(117,72%,32%)"><small>★</small><span class="username" data-name="buzzmaniac7">buzzmaniac7</span>:</strong> <em>D:</em></div><div class="spacer battle-history"><br></div><div class="battle-history">Go! <strong>Electivire</strong>!<br></div><div class="spacer battle-history"><br></div><h2 class="battle-history">Turn 21</h2><div class="chat chatmessage-thomas633"><strong style="color:hsl(232,76%,60.30975110061317%)"><small>★</small><span class="username" data-name="Thomas_633">Thomas_633</span>:</strong> <em>well</em></div><div class="spacer battle-history"><br></div><div class="battle-history">Electivire used <strong>Cross Chop</strong>!<br></div><div class="battle-history"><small>It's super effective!</small><br></div><div class="battle-history"><small>(The opposing Brontosaurus lost <abbr title="−387/387">100%</abbr> of its health!)</small><br></div><div class="spacer battle-history"><br></div><div class="battle-history">The opposing Brontosaurus fainted!<br></div><div class="chat chatmessage-thomas633"><strong style="color:hsl(232,76%,60.30975110061317%)"><small>★</small><span class="username" data-name="Thomas_633">Thomas_633</span>:</strong> <em>at least you get a free kill</em></div><div class="spacer battle-history"><br></div><div class="battle-history">Thomas_633 sent out Youspirit (<strong>Mesprit</strong>)!<br></div><div class="spacer battle-history"><br></div><h2 class="battle-history">Turn 22</h2><div class="spacer battle-history"><br></div><div class="battle-history">The opposing Youspirit used <strong>Psychic</strong>!<br></div><div class="battle-history"><small>(Electivire lost <abbr title="−145/353">41.1%</abbr> of its health!)</small><br></div><div class="spacer battle-history"><br></div><div class="battle-history">Electivire fainted!<br></div><div class="spacer battle-history"><br></div><div class="battle-history">Go! <strong>Scyther</strong>!<br></div><div class="spacer battle-history"><br></div><h2 class="battle-history">Turn 23</h2><div class="spacer battle-history"><br></div><div class="battle-history">Scyther used <strong>U-turn</strong>!<br></div><div class="battle-history"><small>It's super effective!</small><br></div><div class="battle-history"><small>(The opposing Youspirit lost <abbr title="−78/301">25.9%</abbr> of its health!)</small><br></div><div class="spacer battle-history"><br></div><div class="battle-history">The opposing Youspirit fainted!<br></div><div class="spacer battle-history"><br></div><div class="battle-history">Scyther went back to buzzmaniac7!<br></div><div class="battle-history">Go! <strong>Weezing</strong>!<br></div><div class="chat chatmessage-thomas633"><strong style="color:hsl(232,76%,60.30975110061317%)"><small>★</small><span class="username" data-name="Thomas_633">Thomas_633</span>:</strong> <em>in hindsight if I'm gonna specs something</em></div><div class="chat chatmessage-thomas633"><strong style="color:hsl(232,76%,60.30975110061317%)"><small>★</small><span class="username" data-name="Thomas_633">Thomas_633</span>:</strong> <em>may as well make it actually fast</em></div><div class="spacer battle-history"><br></div><div class="battle-history">Thomas_633 sent out <strong>Xatu</strong>!<br></div><div class="spacer battle-history"><br></div><h2 class="battle-history">Turn 24</h2><div class="spacer battle-history"><br></div><div class="battle-history">The opposing Xatu used <strong>Psychic</strong>!<br></div><div class="battle-history"><small>It's super effective!</small><br></div><div class="battle-history"><small>(Weezing lost <abbr title="−192/334">57.5%</abbr> of its health!)</small><br></div><div class="spacer battle-history"><br></div><div class="battle-history">Weezing used <strong>Sludge Bomb</strong>!<br></div><div class="battle-history"><small>(The opposing Xatu lost <abbr title="−121/334">36.2%</abbr> of its health!)</small><br></div><div class="battle-history"><small>The opposing Xatu was poisoned!</small><br></div><div class="spacer battle-history"><br></div><div class="battle-history"><small>Weezing restored a little HP using its Leftovers!</small><br></div><div class="battle-history"><small>The opposing Xatu was hurt by poison!</small><br></div><div class="spacer battle-history"><br></div><h2 class="battle-history">Turn 25</h2><div class="spacer battle-history"><br></div><div class="battle-history">Weezing, come back!<br></div><div class="battle-history">Go! Audino (<strong>Audino-Mega</strong>)!<br></div><div class="spacer battle-history"><br></div><div class="battle-history">The opposing Xatu used <strong>Psychic</strong>!<br></div><div class="battle-history"><small>(Audino lost <abbr title="−69/409">16.9%</abbr> of its health!)</small><br></div><div class="spacer battle-history"><br></div><div class="battle-history"><small>The opposing Xatu was hurt by poison!</small><br></div><div class="spacer battle-history"><br></div><h2 class="battle-history">Turn 26</h2><div class="spacer battle-history"><br></div><div class="battle-history">The opposing Xatu used <strong>Psychic</strong>!<br></div><div class="battle-history"><small>(Audino lost <abbr title="−63/409">15.4%</abbr> of its health!)</small><br></div><div class="spacer battle-history"><br></div><div class="battle-history">Audino used <strong>Wish</strong>!<br></div><div class="spacer battle-history"><br></div><div class="battle-history"><small>The opposing Xatu was hurt by poison!</small><br></div><div class="spacer battle-history"><br></div><div class="battle-history">The opposing Xatu fainted!<br></div><div class="spacer battle-history"><br></div><div class="battle-history">Thomas_633 sent out Artillery (<strong>Magmortar</strong>)!<br></div><div class="spacer battle-history"><br></div><h2 class="battle-history">Turn 27</h2><div class="spacer battle-history"><br></div><div class="battle-history">Audino, come back!<br></div><div class="battle-history">Go! <strong>Weezing</strong>!<br></div><div class="spacer battle-history"><br></div><div class="battle-history">The opposing Artillery used <strong>Flame Charge</strong>!<br></div><div class="battle-history"><small>(Weezing lost <abbr title="−40/334">12.0%</abbr> of its health!)</small><br></div><div class="battle-history"><small>The opposing Artillery's Speed rose!</small><br></div><div class="spacer battle-history"><br></div><div class="battle-history"><small>Audino's wish came true!</small><br></div><div class="battle-history"><small>Weezing restored a little HP using its Leftovers!</small><br></div><div class="spacer battle-history"><br></div><h2 class="battle-history">Turn 28</h2><div class="spacer battle-history"><br></div><div class="battle-history">The opposing Artillery used <strong>Fire Blast</strong>!<br></div><div class="battle-history"><small>(Weezing lost <abbr title="−174/334">52.1%</abbr> of its health!)</small><br></div><div class="spacer battle-history"><br></div><div class="battle-history">Weezing used <strong>Sludge Bomb</strong>!<br></div><div class="battle-history"><small>(The opposing Artillery lost <abbr title="−69/307">22.5%</abbr> of its health!)</small><br></div><div class="spacer battle-history"><br></div><div class="battle-history"><small>Weezing restored a little HP using its Leftovers!</small><br></div><div class="spacer battle-history"><br></div><h2 class="battle-history">Turn 29</h2><div class="spacer battle-history"><br></div><div class="battle-history">The opposing Artillery used <strong>Fire Blast</strong>!<br></div><div class="battle-history"><small>(Weezing lost <abbr title="−180/334">53.9%</abbr> of its health!)</small><br></div><div class="spacer battle-history"><br></div><div class="battle-history">Weezing fainted!<br></div><div class="spacer battle-history"><br></div><div class="battle-history">Go! Audino (<strong>Audino-Mega</strong>)!<br></div><div class="spacer battle-history"><br></div><h2 class="battle-history">Turn 30</h2><div class="spacer battle-history"><br></div><div class="battle-history">The opposing Artillery used <strong>Flame Charge</strong>!<br></div><div class="battle-history"><small>(Audino lost <abbr title="−39/409">9.5%</abbr> of its health!)</small><br></div><div class="battle-history"><small>The opposing Artillery's Speed rose!</small><br></div><div class="spacer battle-history"><br></div><div class="battle-history">Audino fainted!<br></div><div class="chat chatmessage-buzzmaniac7"><strong style="color:hsl(117,72%,32%)"><small>★</small><span class="username" data-name="buzzmaniac7">buzzmaniac7</span>:</strong> <em>gg</em></div><div class="chat chatmessage-thomas633"><strong style="color:hsl(232,76%,60.30975110061317%)"><small>★</small><span class="username" data-name="Thomas_633">Thomas_633</span>:</strong> <em>gg</em></div><div class="spacer battle-history"><br></div><div class="battle-history">Go! <strong>Scyther</strong>!<br></div><div class="spacer battle-history"><br></div><h2 class="battle-history">Turn 31</h2><div class="chat chatmessage-thomas633"><strong style="color:hsl(232,76%,60.30975110061317%)"><small>★</small><span class="username" data-name="Thomas_633">Thomas_633</span>:</strong> <em>was fun thx</em></div><div class="spacer battle-history"><br></div><div class="battle-history">The opposing Artillery used <strong>Flame Charge</strong>!<br></div><div class="battle-history"><small>It's super effective!</small><br></div><div class="battle-history"><small>A critical hit!</small><br></div><div class="battle-history"><small>(Scyther lost <abbr title="−120/281">42.7%</abbr> of its health!)</small><br></div><div class="battle-history"><small>The opposing Artillery's Speed rose!</small><br></div><div class="spacer battle-history"><br></div><div class="battle-history">Scyther used <strong>Air Slash</strong>!<br></div><div class="battle-history"><small>(The opposing Artillery lost <abbr title="−37/307">12.1%</abbr> of its health!)</small><br></div><div class="spacer battle-history"><br></div><h2 class="battle-history">Turn 32</h2><div class="spacer battle-history"><br></div><div class="battle-history">The opposing Artillery used <strong>Fire Blast</strong>!<br></div><div class="battle-history"><small>It's super effective!</small><br></div><div class="battle-history"><small>(Scyther lost <abbr title="−161/281">57.3%</abbr> of its health!)</small><br></div><div class="spacer battle-history"><br></div><div class="battle-history">Scyther fainted!<br></div><div class="spacer battle-history"><br></div><div class="battle-history"><strong>Thomas_633</strong> won the battle!<br></div><div class="chat">buzzmaniac7's rating: 1096 → <strong>1068</strong><br>(-28 for losing)</div><div class="chat">Thomas_633's rating: 1050 → <strong>1087</strong><br>(+37 for winning)</div><div class="chat"><small>buzzmaniac7 left.</small></div></div><div class="inner-preempt"></div></div></div>
</div>
<script>
let daily = Math.floor(Date.now()/1000/60/60/24);document.write('<script src="https://play.pokemonshowdown.com/js/replay-embed.js?version'+daily+'"></'+'script>');
</script>
