<!DOCTYPE html>
<meta charset="utf-8" />
<!-- version 1 -->
<title>NU replay: Schlotzer vs. ParnStar</title>
<style>
html,body {font-family:Verdana, sans-serif;font-size:10pt;margin:0;padding:0;}body{padding:12px 0;} .battle-log {font-family:Verdana, sans-serif;font-size:10pt;} .battle-log-inline {border:1px solid #AAAAAA;background:#EEF2F5;color:black;max-width:640px;margin:0 auto 80px;padding-bottom:5px;} .battle-log .inner {padding:4px 8px 0px 8px;} .battle-log .inner-preempt {padding:0 8px 4px 8px;} .battle-log .inner-after {margin-top:0.5em;} .battle-log h2 {margin:0.5em -8px;padding:4px 8px;border:1px solid #AAAAAA;background:#E0E7EA;border-left:0;border-right:0;font-family:Verdana, sans-serif;font-size:13pt;} .battle-log .chat {vertical-align:middle;padding:3px 0 3px 0;font-size:8pt;} .battle-log .chat strong {color:#40576A;} .battle-log .chat em {padding:1px 4px 1px 3px;color:#000000;font-style:normal;} .chat.mine {background:rgba(0,0,0,0.05);margin-left:-8px;margin-right:-8px;padding-left:8px;padding-right:8px;} .spoiler {color:#BBBBBB;background:#BBBBBB;padding:0px 3px;} .spoiler:hover, .spoiler:active, .spoiler-shown {color:#000000;background:#E2E2E2;padding:0px 3px;} .spoiler a {color:#BBBBBB;} .spoiler:hover a, .spoiler:active a, .spoiler-shown a {color:#2288CC;} .chat code, .chat .spoiler:hover code, .chat .spoiler:active code, .chat .spoiler-shown code {border:1px solid #C0C0C0;background:#EEEEEE;color:black;padding:0 2px;} .chat .spoiler code {border:1px solid #CCCCCC;background:#CCCCCC;color:#CCCCCC;} .battle-log .rated {padding:3px 4px;} .battle-log .rated strong {color:white;background:#89A;padding:1px 4px;border-radius:4px;} .spacer {margin-top:0.5em;} .message-announce {background:#6688AA;color:white;padding:1px 4px 2px;} .message-announce a, .broadcast-green a, .broadcast-blue a, .broadcast-red a {color:#DDEEFF;} .broadcast-green {background-color:#559955;color:white;padding:2px 4px;} .broadcast-blue {background-color:#6688AA;color:white;padding:2px 4px;} .infobox {border:1px solid #6688AA;padding:2px 4px;} .infobox-limited {max-height:200px;overflow:auto;overflow-x:hidden;} .broadcast-red {background-color:#AA5544;color:white;padding:2px 4px;} .message-learn-canlearn {font-weight:bold;color:#228822;text-decoration:underline;} .message-learn-cannotlearn {font-weight:bold;color:#CC2222;text-decoration:underline;} .message-effect-weak {font-weight:bold;color:#CC2222;} .message-effect-resist {font-weight:bold;color:#6688AA;} .message-effect-immune {font-weight:bold;color:#666666;} .message-learn-list {margin-top:0;margin-bottom:0;} .message-throttle-notice, .message-error {color:#992222;} .message-overflow, .chat small.message-overflow {font-size:0pt;} .message-overflow::before {font-size:9pt;content:'...';} .subtle {color:#3A4A66;}
</style>
<div class="wrapper replay-wrapper" style="max-width:1180px;margin:0 auto">
<input type="hidden" name="replayid" value="nu-523039622" />
<div class="battle"></div><div class="battle-log"></div><div class="replay-controls"></div><div class="replay-controls-2"></div>
<h1 style="font-weight:normal;text-align:center"><strong>NU</strong><br /><a href="http://pokemonshowdown.com/users/schlotzer" class="subtle" target="_blank">Schlotzer</a> vs. <a href="http://pokemonshowdown.com/users/parnstar" class="subtle" target="_blank">ParnStar</a></h1>
<script type="text/plain" class="battle-log-data">|j|Schlotzer
|j|ParnStar
|player|p1|Schlotzer|156
|player|p2|ParnStar|21
|gametype|singles
|gen|6
|tier|NU
|rated
|seed|19862,15813,46403,21035
|rule|Sleep Clause Mod: Limit one foe put to sleep
|rule|Species Clause: Limit one of each Pokémon
|rule|OHKO Clause: OHKO moves are banned
|rule|Moody Clause: Moody is banned
|rule|Evasion Moves Clause: Evasion moves are banned
|rule|Endless Battle Clause: Forcing endless battles is banned
|rule|HP Percentage Mod: HP is shown in percentages
|clearpoke
|poke|p1|Xatu, F|item
|poke|p1|Scyther, M, shiny|item
|poke|p1|Poliwrath, M|item
|poke|p1|Flareon, F|item
|poke|p1|Vileplume, F|item
|poke|p1|Liepard, F|item
|poke|p2|Machoke, F|item
|poke|p2|Pyroar, M|item
|poke|p2|Pelipper, F|item
|poke|p2|Steelix, F|item
|poke|p2|Swellow, M|item
|poke|p2|Audino, M|item
|rule|Swagger Clause: Swagger is banned
|rule|Baton Pass Clause: Limit one Baton Passer, can't pass Spe and other stats simultaneously
|teampreview
|choice|team 1, team 2, team 3, team 4, team 5, team 6|team 5, team 2, team 3, team 4, team 1, team 6
|
|start
|switch|p1a: Xatu|Xatu, F|334\/334
|switch|p2a: Swellow|Swellow, M|261\/261
|turn|1
|choice|move roost|move boomburst
|
|move|p2a: Swellow|Boomburst|p1a: Xatu
|-damage|p1a: Xatu|31\/334
|move|p1a: Xatu|Roost|p1a: Xatu
|-heal|p1a: Xatu|198\/334
|
|upkeep
|turn|2
|choice|switch 5|move boomburst
|
|switch|p1a: Vileplume|Vileplume, F|354\/354
|move|p2a: Swellow|Boomburst|p1a: Vileplume
|-damage|p1a: Vileplume|143\/354
|
|-heal|p1a: Vileplume|165\/354|[from] item: Black Sludge
|upkeep
|turn|3
|choice|move sludgebomb|move boomburst
|
|move|p2a: Swellow|Boomburst|p1a: Vileplume
|-crit|p1a: Vileplume
|-damage|p1a: Vileplume|0 fnt
|faint|p1a: Vileplume
|
|upkeep
|choice|switch 4|
|
|switch|p1a: Flareon|Flareon, F|271\/271
|turn|4
|choice|move flareblitz|switch 3
|
|switch|p2a: Pelipper|Pelipper, F|324\/324
|move|p1a: Flareon|Flare Blitz|p2a: Pelipper
|-resisted|p2a: Pelipper
|-damage|p2a: Pelipper|177\/324
|-damage|p1a: Flareon|222\/271|[from] recoil|[of] p2a: Pelipper
|
|-heal|p2a: Pelipper|197\/324|[from] item: Leftovers
|upkeep
|turn|5
|choice|switch 3|move roost
|
|switch|p1a: Poliwrath|Poliwrath, M|384\/384
|move|p2a: Pelipper|Roost|p2a: Pelipper
|-heal|p2a: Pelipper|324\/324
|
|upkeep
|turn|6
|choice|move substitute|switch 6
|
|switch|p2a: Audino|Audino, M|410\/410
|move|p1a: Poliwrath|Substitute|p1a: Poliwrath
|-start|p1a: Poliwrath|Substitute
|-damage|p1a: Poliwrath|288\/384
|
|-heal|p1a: Poliwrath|312\/384|[from] item: Leftovers
|upkeep
|turn|7
|choice|move bulkup|move calmmind mega
|
|detailschange|p2a: Audino|Audino-Mega, M
|-mega|p2a: Audino|Audino|Audinite
|move|p1a: Poliwrath|Bulk Up|p1a: Poliwrath
|-boost|p1a: Poliwrath|atk|1
|-boost|p1a: Poliwrath|def|1
|move|p2a: Audino|Calm Mind|p2a: Audino
|-boost|p2a: Audino|spa|1
|-boost|p2a: Audino|spd|1
|
|-heal|p1a: Poliwrath|336\/384|[from] item: Leftovers
|upkeep
|turn|8
|choice|move focuspunch|move drainingkiss
|
|-singleturn|p1a: Poliwrath|move: Focus Punch
|move|p2a: Audino|Draining Kiss|p1a: Poliwrath
|-supereffective|p1a: Poliwrath
|-end|p1a: Poliwrath|Substitute
|move|p1a: Poliwrath|Focus Punch|p2a: Audino
|-damage|p2a: Audino|172\/410
|
|-heal|p1a: Poliwrath|360\/384|[from] item: Leftovers
|upkeep
|turn|9
|choice|move waterfall|move drainingkiss
|
|move|p1a: Poliwrath|Waterfall|p2a: Audino
|-damage|p2a: Audino|45\/410
|move|p2a: Audino|Draining Kiss|p1a: Poliwrath
|-supereffective|p1a: Poliwrath
|-damage|p1a: Poliwrath|178\/384
|-heal|p2a: Audino|182\/410|[from] drain|[of] p1a: Poliwrath
|
|-heal|p1a: Poliwrath|202\/384|[from] item: Leftovers
|upkeep
|turn|10
|choice|switch 3|move drainingkiss
|
|switch|p1a: Flareon|Flareon, F|222\/271
|move|p2a: Audino|Draining Kiss|p1a: Flareon
|-resisted|p1a: Flareon
|-damage|p1a: Flareon|189\/271
|-heal|p2a: Audino|207\/410|[from] drain|[of] p1a: Flareon
|
|upkeep
|turn|11
|choice|move doubleedge|move wish
|
|move|p1a: Flareon|Double-Edge|p2a: Audino
|-damage|p2a: Audino|40\/410
|-damage|p1a: Flareon|134\/271|[from] recoil|[of] p2a: Audino
|move|p2a: Audino|Wish|p2a: Audino
|
|upkeep
|turn|12
|choice|move doubleedge|switch 6
|
|switch|p2a: Pelipper|Pelipper, F|324\/324
|move|p1a: Flareon|Double-Edge|p2a: Pelipper
|-damage|p2a: Pelipper|135\/324
|-damage|p1a: Flareon|72\/271|[from] recoil|[of] p2a: Pelipper
|
|-heal|p2a: Pelipper|324\/324|[from] move: Wish|[wisher] Audino
|upkeep
|turn|13
|choice|switch 3|move icebeam
|
|switch|p1a: Poliwrath|Poliwrath, M|202\/384
|move|p2a: Pelipper|Ice Beam|p1a: Poliwrath
|-resisted|p1a: Poliwrath
|-damage|p1a: Poliwrath|168\/384
|
|-heal|p1a: Poliwrath|192\/384|[from] item: Leftovers
|upkeep
|turn|14
|choice|move substitute|switch 6
|
|switch|p2a: Audino|Audino-Mega, M|40\/410
|move|p1a: Poliwrath|Substitute|p1a: Poliwrath
|-start|p1a: Poliwrath|Substitute
|-damage|p1a: Poliwrath|96\/384
|
|-heal|p1a: Poliwrath|120\/384|[from] item: Leftovers
|upkeep
|turn|15
|choice|move focuspunch|move wish
|
|-singleturn|p1a: Poliwrath|move: Focus Punch
|move|p2a: Audino|Wish|p2a: Audino
|move|p1a: Poliwrath|Focus Punch|p2a: Audino
|-damage|p2a: Audino|0 fnt
|faint|p2a: Audino
|
|-heal|p1a: Poliwrath|144\/384|[from] item: Leftovers
|upkeep
|choice||switch 3
|
|switch|p2a: Swellow|Swellow, M|261\/261
|turn|16
|choice|move focuspunch|move boomburst
|
|-singleturn|p1a: Poliwrath|move: Focus Punch
|move|p2a: Swellow|Boomburst|p1a: Poliwrath
|-damage|p1a: Poliwrath|0 fnt
|faint|p1a: Poliwrath
|
|upkeep
|choice|switch 6|
|
|switch|p1a: Liepard|Liepard, F|270\/270
|turn|17
|choice|move thunderwave|move boomburst
|
|move|p1a: Liepard|Thunder Wave|p2a: Swellow
|-status|p2a: Swellow|par
|cant|p2a: Swellow|par
|
|upkeep
|turn|18
|choice|move knockoff|move boomburst
|
|move|p1a: Liepard|Knock Off|p2a: Swellow
|-damage|p2a: Swellow|5\/261 par
|-enditem|p2a: Swellow|Choice Specs|[from] move: Knock Off|[of] p1a: Liepard
|move|p2a: Swellow|Boomburst|p1a: Liepard
|-damage|p1a: Liepard|36\/270
|
|upkeep
|turn|19
|choice|move pursuit|move mirrormove
|
|move|p1a: Liepard|Pursuit|p2a: Swellow
|-damage|p2a: Swellow|0 fnt
|faint|p2a: Swellow
|
|upkeep
|choice||switch 4
|
|switch|p2a: Steelix|Steelix, F|324\/324
|turn|20
|choice|switch 5|move stoneedge
|
|switch|p1a: Xatu|Xatu, F|198\/334
|move|p2a: Steelix|Stone Edge|p1a: Xatu
|-supereffective|p1a: Xatu
|-damage|p1a: Xatu|37\/334
|-damage|p2a: Steelix|292\/324|[from] item: Life Orb
|
|upkeep
|turn|21
|choice|move roost|move stoneedge
|
|move|p1a: Xatu|Roost|p1a: Xatu
|-heal|p1a: Xatu|204\/334
|move|p2a: Steelix|Stone Edge|p1a: Xatu|[miss]
|-miss|p2a: Steelix|p1a: Xatu
|
|upkeep
|turn|22
|choice|move roost|move stoneedge
|
|move|p1a: Xatu|Roost|p1a: Xatu
|-heal|p1a: Xatu|334\/334
|move|p2a: Steelix|Stone Edge|p1a: Xatu
|-damage|p1a: Xatu|256\/334
|-damage|p2a: Steelix|260\/324|[from] item: Life Orb
|
|upkeep
|turn|23
|choice|move heatwave|switch 6
|
|switch|p2a: Pelipper|Pelipper, F|324\/324
|move|p1a: Xatu|Heat Wave|p2a: Pelipper
|-resisted|p2a: Pelipper
|-damage|p2a: Pelipper|282\/324
|
|-heal|p2a: Pelipper|302\/324|[from] item: Leftovers
|upkeep
|turn|24
|choice|move roost|move scald
|
|move|p1a: Xatu|Roost|p1a: Xatu
|-heal|p1a: Xatu|334\/334
|move|p2a: Pelipper|Scald|p1a: Xatu
|-damage|p1a: Xatu|211\/334
|-status|p1a: Xatu|brn
|
|-heal|p2a: Pelipper|322\/324|[from] item: Leftovers
|-damage|p1a: Xatu|170\/334 brn|[from] brn
|upkeep
|turn|25
|choice|move grassknot|move icebeam
|
|move|p1a: Xatu|Grass Knot|p2a: Pelipper
|-damage|p2a: Pelipper|268\/324
|move|p2a: Pelipper|Ice Beam|p1a: Xatu
|-supereffective|p1a: Xatu
|-damage|p1a: Xatu|0 fnt
|faint|p1a: Xatu
|
|-heal|p2a: Pelipper|288\/324|[from] item: Leftovers
|upkeep
|choice|switch 2|
|
|switch|p1a: Scyther|Scyther, M, shiny|281\/281
|turn|26
|choice|move aerialace|move icebeam
|
|move|p1a: Scyther|Aerial Ace|p2a: Pelipper
|-damage|p2a: Pelipper|107\/324
|move|p2a: Pelipper|Ice Beam|p1a: Scyther
|-supereffective|p1a: Scyther
|-damage|p1a: Scyther|115\/281
|-status|p1a: Scyther|frz
|
|-heal|p2a: Pelipper|127\/324|[from] item: Leftovers
|upkeep
|turn|27
|c|★Schlotzer|ofc
|c|★Schlotzer|luck out more
|choice|move aerialace|move roost
|
|cant|p1a: Scyther|frz
|move|p2a: Pelipper|Roost|p2a: Pelipper
|-heal|p2a: Pelipper|289\/324
|
|-heal|p2a: Pelipper|309\/324|[from] item: Leftovers
|upkeep
|turn|28
|-message|Schlotzer forfeited.
|
|win|ParnStar
|player|p1
|player|p2
|l|Schlotzer
|raw|Schlotzer's rating: 1293 &rarr; <strong>1258<\/strong><br \/>(-35 for losing)
|raw|ParnStar's rating: 1137 &rarr; <strong>1173<\/strong><br \/>(+36 for winning)</script>
</div>
<div class="battle-log battle-log-inline"><div class="inner"><div class="battle-options"></div><div class="inner"><div class="chat"><small>Schlotzer joined.</small></div><div class="chat"><small>ParnStar joined.</small></div><div class=""><small>Format:</small> <br><strong>NU</strong></div><div class="rated"><strong>Rated battle</strong></div><div class=""><small><em>Sleep Clause Mod:</em> Limit one foe put to sleep</small></div><div class=""><small><em>Species Clause:</em> Limit one of each Pokémon</small></div><div class=""><small><em>OHKO Clause:</em> OHKO moves are banned</small></div><div class=""><small><em>Moody Clause:</em> Moody is banned</small></div><div class=""><small><em>Evasion Moves Clause:</em> Evasion moves are banned</small></div><div class=""><small><em>Endless Battle Clause:</em> Forcing endless battles is banned</small></div><div class=""><small><em>HP Percentage Mod:</em> HP is shown in percentages</small></div><div class=""><small><em>Swagger Clause:</em> Swagger is banned</small></div><div class=""><small><em>Baton Pass Clause:</em> Limit one Baton Passer, can't pass Spe and other stats simultaneously</small></div><div class="chat battle-history"><strong>Schlotzer's team:</strong> <em style="color:#445566;display:block;">Xatu / Scyther / Poliwrath / Flareon / Vileplume / Liepard</em></div><div class="chat battle-history"><strong>ParnStar's team:</strong> <em style="color:#445566;display:block;">Machoke / Pyroar / Pelipper / Steelix / Swellow / Audino</em></div><div class="spacer battle-history"><br></div><div class="battle-history">Battle started between Schlotzer and ParnStar!<br></div><div class="spacer battle-history"><br></div><div class="battle-history">Go! <strong>Xatu</strong>!<br></div><div class="spacer battle-history"><br></div><div class="battle-history">ParnStar sent out <strong>Swellow</strong>!<br></div><div class="spacer battle-history"><br></div><h2 class="battle-history">Turn 1</h2><div class="spacer battle-history"><br></div><div class="battle-history">The opposing Swellow used <strong>Boomburst</strong>!<br></div><div class="battle-history"><small>(Xatu lost <abbr title="−303/334">90.7%</abbr> of its health!)</small><br></div><div class="spacer battle-history"><br></div><div class="battle-history">Xatu used <strong>Roost</strong>!<br></div><div class="battle-history"><small>Xatu restored its HP.</small><br></div><div class="spacer battle-history"><br></div><h2 class="battle-history">Turn 2</h2><div class="spacer battle-history"><br></div><div class="battle-history">Xatu, come back!<br></div><div class="battle-history">Go! <strong>Vileplume</strong>!<br></div><div class="spacer battle-history"><br></div><div class="battle-history">The opposing Swellow used <strong>Boomburst</strong>!<br></div><div class="battle-history"><small>(Vileplume lost <abbr title="−211/354">59.6%</abbr> of its health!)</small><br></div><div class="spacer battle-history"><br></div><div class="battle-history"><small>Vileplume restored a little HP using its Black Sludge!</small><br></div><div class="spacer battle-history"><br></div><h2 class="battle-history">Turn 3</h2><div class="spacer battle-history"><br></div><div class="battle-history">The opposing Swellow used <strong>Boomburst</strong>!<br></div><div class="battle-history"><small>A critical hit!</small><br></div><div class="battle-history"><small>(Vileplume lost <abbr title="−165/354">46.6%</abbr> of its health!)</small><br></div><div class="spacer battle-history"><br></div><div class="battle-history">Vileplume fainted!<br></div><div class="spacer battle-history"><br></div><div class="battle-history">Go! <strong>Flareon</strong>!<br></div><div class="spacer battle-history"><br></div><h2 class="battle-history">Turn 4</h2><div class="spacer battle-history"><br></div><div class="battle-history">ParnStar withdrew Swellow!<br></div><div class="battle-history">ParnStar sent out <strong>Pelipper</strong>!<br></div><div class="spacer battle-history"><br></div><div class="battle-history">Flareon used <strong>Flare Blitz</strong>!<br></div><div class="battle-history"><small>It's not very effective...</small><br></div><div class="battle-history"><small>(The opposing Pelipper lost <abbr title="−147/324">45.4%</abbr> of its health!)</small><br></div><div class="battle-history"><small>Flareon is damaged by the recoil!</small><br></div><div class="spacer battle-history"><br></div><div class="battle-history"><small>The opposing Pelipper restored a little HP using its Leftovers!</small><br></div><div class="spacer battle-history"><br></div><h2 class="battle-history">Turn 5</h2><div class="spacer battle-history"><br></div><div class="battle-history">Flareon, come back!<br></div><div class="battle-history">Go! <strong>Poliwrath</strong>!<br></div><div class="spacer battle-history"><br></div><div class="battle-history">The opposing Pelipper used <strong>Roost</strong>!<br></div><div class="battle-history"><small>The opposing Pelipper restored its HP.</small><br></div><div class="spacer battle-history"><br></div><h2 class="battle-history">Turn 6</h2><div class="spacer battle-history"><br></div><div class="battle-history">ParnStar withdrew Pelipper!<br></div><div class="battle-history">ParnStar sent out <strong>Audino</strong>!<br></div><div class="spacer battle-history"><br></div><div class="battle-history">Poliwrath used <strong>Substitute</strong>!<br></div><div class="battle-history"><small>Poliwrath put in a substitute!</small><br></div><div class="battle-history"><small>(Poliwrath lost <abbr title="−96/384">25%</abbr> of its health!)</small><br></div><div class="spacer battle-history"><br></div><div class="battle-history"><small>Poliwrath restored a little HP using its Leftovers!</small><br></div><div class="spacer battle-history"><br></div><h2 class="battle-history">Turn 7</h2><div class="spacer battle-history"><br></div><div class="battle-history"><small>The opposing Audino's Audinite is reacting to ParnStar's Mega Bracelet!</small><br>The opposing Audino has Mega Evolved into Mega Audino!<br></div><div class="spacer battle-history"><br></div><div class="battle-history">Poliwrath used <strong>Bulk Up</strong>!<br></div><div class="battle-history"><small>Poliwrath's Attack rose!</small><br></div><div class="battle-history"><small>Poliwrath's Defense rose!</small><br></div><div class="spacer battle-history"><br></div><div class="battle-history">The opposing Audino used <strong>Calm Mind</strong>!<br></div><div class="battle-history"><small>The opposing Audino's Special Attack rose!</small><br></div><div class="battle-history"><small>The opposing Audino's Special Defense rose!</small><br></div><div class="spacer battle-history"><br></div><div class="battle-history"><small>Poliwrath restored a little HP using its Leftovers!</small><br></div><div class="spacer battle-history"><br></div><h2 class="battle-history">Turn 8</h2><div class="spacer battle-history"><br></div><div class="battle-history"><small>Poliwrath is tightening its focus!</small><br></div><div class="spacer battle-history"><br></div><div class="battle-history">The opposing Audino used <strong>Draining Kiss</strong>!<br></div><div class="battle-history"><small>It's super effective!</small><br></div><div class="battle-history"><small>Poliwrath's substitute faded!</small><br></div><div class="spacer battle-history"><br></div><div class="battle-history">Poliwrath used <strong>Focus Punch</strong>!<br></div><div class="battle-history"><small>(The opposing Audino lost <abbr title="−238/410">58.0%</abbr> of its health!)</small><br></div><div class="spacer battle-history"><br></div><div class="battle-history"><small>Poliwrath restored a little HP using its Leftovers!</small><br></div><div class="spacer battle-history"><br></div><h2 class="battle-history">Turn 9</h2><div class="spacer battle-history"><br></div><div class="battle-history">Poliwrath used <strong>Waterfall</strong>!<br></div><div class="battle-history"><small>(The opposing Audino lost <abbr title="−127/410">31.0%</abbr> of its health!)</small><br></div><div class="spacer battle-history"><br></div><div class="battle-history">The opposing Audino used <strong>Draining Kiss</strong>!<br></div><div class="battle-history"><small>It's super effective!</small><br></div><div class="battle-history"><small>(Poliwrath lost <abbr title="−182/384">47.4%</abbr> of its health!)</small><br></div><div class="battle-history"><small>Poliwrath had its energy drained!</small><br></div><div class="spacer battle-history"><br></div><div class="battle-history"><small>Poliwrath restored a little HP using its Leftovers!</small><br></div><div class="spacer battle-history"><br></div><h2 class="battle-history">Turn 10</h2><div class="spacer battle-history"><br></div><div class="battle-history">Poliwrath, come back!<br></div><div class="battle-history">Go! <strong>Flareon</strong>!<br></div><div class="spacer battle-history"><br></div><div class="battle-history">The opposing Audino used <strong>Draining Kiss</strong>!<br></div><div class="battle-history"><small>It's not very effective...</small><br></div><div class="battle-history"><small>(Flareon lost <abbr title="−33/271">12.2%</abbr> of its health!)</small><br></div><div class="battle-history"><small>Flareon had its energy drained!</small><br></div><div class="spacer battle-history"><br></div><h2 class="battle-history">Turn 11</h2><div class="spacer battle-history"><br></div><div class="battle-history">Flareon used <strong>Double-Edge</strong>!<br></div><div class="battle-history"><small>(The opposing Audino lost <abbr title="−167/410">40.7%</abbr> of its health!)</small><br></div><div class="battle-history"><small>Flareon is damaged by the recoil!</small><br></div><div class="spacer battle-history"><br></div><div class="battle-history">The opposing Audino used <strong>Wish</strong>!<br></div><div class="spacer battle-history"><br></div><h2 class="battle-history">Turn 12</h2><div class="spacer battle-history"><br></div><div class="battle-history">ParnStar withdrew Audino!<br></div><div class="battle-history">ParnStar sent out <strong>Pelipper</strong>!<br></div><div class="spacer battle-history"><br></div><div class="battle-history">Flareon used <strong>Double-Edge</strong>!<br></div><div class="battle-history"><small>(The opposing Pelipper lost <abbr title="−189/324">58.3%</abbr> of its health!)</small><br></div><div class="battle-history"><small>Flareon is damaged by the recoil!</small><br></div><div class="spacer battle-history"><br></div><div class="battle-history"><small>Audino's wish came true!</small><br></div><div class="spacer battle-history"><br></div><h2 class="battle-history">Turn 13</h2><div class="spacer battle-history"><br></div><div class="battle-history">Flareon, come back!<br></div><div class="battle-history">Go! <strong>Poliwrath</strong>!<br></div><div class="spacer battle-history"><br></div><div class="battle-history">The opposing Pelipper used <strong>Ice Beam</strong>!<br></div><div class="battle-history"><small>It's not very effective...</small><br></div><div class="battle-history"><small>(Poliwrath lost <abbr title="−34/384">8.9%</abbr> of its health!)</small><br></div><div class="spacer battle-history"><br></div><div class="battle-history"><small>Poliwrath restored a little HP using its Leftovers!</small><br></div><div class="spacer battle-history"><br></div><h2 class="battle-history">Turn 14</h2><div class="spacer battle-history"><br></div><div class="battle-history">ParnStar withdrew Pelipper!<br></div><div class="battle-history">ParnStar sent out Audino (<strong>Audino-Mega</strong>)!<br></div><div class="spacer battle-history"><br></div><div class="battle-history">Poliwrath used <strong>Substitute</strong>!<br></div><div class="battle-history"><small>Poliwrath put in a substitute!</small><br></div><div class="battle-history"><small>(Poliwrath lost <abbr title="−96/384">25%</abbr> of its health!)</small><br></div><div class="spacer battle-history"><br></div><div class="battle-history"><small>Poliwrath restored a little HP using its Leftovers!</small><br></div><div class="spacer battle-history"><br></div><h2 class="battle-history">Turn 15</h2><div class="spacer battle-history"><br></div><div class="battle-history"><small>Poliwrath is tightening its focus!</small><br></div><div class="spacer battle-history"><br></div><div class="battle-history">The opposing Audino used <strong>Wish</strong>!<br></div><div class="spacer battle-history"><br></div><div class="battle-history">Poliwrath used <strong>Focus Punch</strong>!<br></div><div class="battle-history"><small>(The opposing Audino lost <abbr title="−40/410">9.8%</abbr> of its health!)</small><br></div><div class="spacer battle-history"><br></div><div class="battle-history">The opposing Audino fainted!<br></div><div class="spacer battle-history"><br></div><div class="battle-history"><small>Poliwrath restored a little HP using its Leftovers!</small><br></div><div class="spacer battle-history"><br></div><div class="battle-history">ParnStar sent out <strong>Swellow</strong>!<br></div><div class="spacer battle-history"><br></div><h2 class="battle-history">Turn 16</h2><div class="spacer battle-history"><br></div><div class="battle-history"><small>Poliwrath is tightening its focus!</small><br></div><div class="spacer battle-history"><br></div><div class="battle-history">The opposing Swellow used <strong>Boomburst</strong>!<br></div><div class="battle-history"><small>(Poliwrath lost <abbr title="−144/384">37.5%</abbr> of its health!)</small><br></div><div class="spacer battle-history"><br></div><div class="battle-history">Poliwrath fainted!<br></div><div class="spacer battle-history"><br></div><div class="battle-history">Go! <strong>Liepard</strong>!<br></div><div class="spacer battle-history"><br></div><h2 class="battle-history">Turn 17</h2><div class="spacer battle-history"><br></div><div class="battle-history">Liepard used <strong>Thunder Wave</strong>!<br></div><div class="battle-history"><small>The opposing Swellow is paralyzed! It may be unable to move!</small><br></div><div class="spacer battle-history"><br></div><div class="battle-history">The opposing Swellow is paralyzed! It can't move!<br></div><div class="spacer battle-history"><br></div><h2 class="battle-history">Turn 18</h2><div class="spacer battle-history"><br></div><div class="battle-history">Liepard used <strong>Knock Off</strong>!<br></div><div class="battle-history"><small>(The opposing Swellow lost <abbr title="−256/261">98.1%</abbr> of its health!)</small><br></div><div class="battle-history"><small>Liepard knocked off the opposing Swellow's Choice Specs!</small><br></div><div class="spacer battle-history"><br></div><div class="battle-history">The opposing Swellow used <strong>Boomburst</strong>!<br></div><div class="battle-history"><small>(Liepard lost <abbr title="−234/270">86.7%</abbr> of its health!)</small><br></div><div class="spacer battle-history"><br></div><h2 class="battle-history">Turn 19</h2><div class="spacer battle-history"><br></div><div class="battle-history">Liepard used <strong>Pursuit</strong>!<br></div><div class="battle-history"><small>(The opposing Swellow lost <abbr title="−5/261">1.9%</abbr> of its health!)</small><br></div><div class="spacer battle-history"><br></div><div class="battle-history">The opposing Swellow fainted!<br></div><div class="spacer battle-history"><br></div><div class="battle-history">ParnStar sent out <strong>Steelix</strong>!<br></div><div class="spacer battle-history"><br></div><h2 class="battle-history">Turn 20</h2><div class="spacer battle-history"><br></div><div class="battle-history">Liepard, come back!<br></div><div class="battle-history">Go! <strong>Xatu</strong>!<br></div><div class="spacer battle-history"><br></div><div class="battle-history">The opposing Steelix used <strong>Stone Edge</strong>!<br></div><div class="battle-history"><small>It's super effective!</small><br></div><div class="battle-history"><small>(Xatu lost <abbr title="−161/334">48.2%</abbr> of its health!)</small><br></div><div class="battle-history"><small>The opposing Steelix lost some of its HP!</small><br></div><div class="spacer battle-history"><br></div><h2 class="battle-history">Turn 21</h2><div class="spacer battle-history"><br></div><div class="battle-history">Xatu used <strong>Roost</strong>!<br></div><div class="battle-history"><small>Xatu restored its HP.</small><br></div><div class="spacer battle-history"><br></div><div class="battle-history">The opposing Steelix used <strong>Stone Edge</strong>!<br></div><div class="battle-history"><small>Xatu avoided the attack!</small><br></div><div class="spacer battle-history"><br></div><h2 class="battle-history">Turn 22</h2><div class="spacer battle-history"><br></div><div class="battle-history">Xatu used <strong>Roost</strong>!<br></div><div class="battle-history"><small>Xatu restored its HP.</small><br></div><div class="spacer battle-history"><br></div><div class="battle-history">The opposing Steelix used <strong>Stone Edge</strong>!<br></div><div class="battle-history"><small>(Xatu lost <abbr title="−78/334">23.4%</abbr> of its health!)</small><br></div><div class="battle-history"><small>The opposing Steelix lost some of its HP!</small><br></div><div class="spacer battle-history"><br></div><h2 class="battle-history">Turn 23</h2><div class="spacer battle-history"><br></div><div class="battle-history">ParnStar withdrew Steelix!<br></div><div class="battle-history">ParnStar sent out <strong>Pelipper</strong>!<br></div><div class="spacer battle-history"><br></div><div class="battle-history">Xatu used <strong>Heat Wave</strong>!<br></div><div class="battle-history"><small>It's not very effective...</small><br></div><div class="battle-history"><small>(The opposing Pelipper lost <abbr title="−42/324">13.0%</abbr> of its health!)</small><br></div><div class="spacer battle-history"><br></div><div class="battle-history"><small>The opposing Pelipper restored a little HP using its Leftovers!</small><br></div><div class="spacer battle-history"><br></div><h2 class="battle-history">Turn 24</h2><div class="spacer battle-history"><br></div><div class="battle-history">Xatu used <strong>Roost</strong>!<br></div><div class="battle-history"><small>Xatu restored its HP.</small><br></div><div class="spacer battle-history"><br></div><div class="battle-history">The opposing Pelipper used <strong>Scald</strong>!<br></div><div class="battle-history"><small>(Xatu lost <abbr title="−123/334">36.8%</abbr> of its health!)</small><br></div><div class="battle-history"><small>Xatu was burned!</small><br></div><div class="spacer battle-history"><br></div><div class="battle-history"><small>The opposing Pelipper restored a little HP using its Leftovers!</small><br></div><div class="battle-history"><small>Xatu was hurt by its burn!</small><br></div><div class="spacer battle-history"><br></div><h2 class="battle-history">Turn 25</h2><div class="spacer battle-history"><br></div><div class="battle-history">Xatu used <strong>Grass Knot</strong>!<br></div><div class="battle-history"><small>(The opposing Pelipper lost <abbr title="−54/324">16.7%</abbr> of its health!)</small><br></div><div class="spacer battle-history"><br></div><div class="battle-history">The opposing Pelipper used <strong>Ice Beam</strong>!<br></div><div class="battle-history"><small>It's super effective!</small><br></div><div class="battle-history"><small>(Xatu lost <abbr title="−170/334">50.9%</abbr> of its health!)</small><br></div><div class="spacer battle-history"><br></div><div class="battle-history">Xatu fainted!<br></div><div class="spacer battle-history"><br></div><div class="battle-history"><small>The opposing Pelipper restored a little HP using its Leftovers!</small><br></div><div class="spacer battle-history"><br></div><div class="battle-history">Go! <strong>Scyther</strong>!<br></div><div class="spacer battle-history"><br></div><h2 class="battle-history">Turn 26</h2><div class="spacer battle-history"><br></div><div class="battle-history">Scyther used <strong>Aerial Ace</strong>!<br></div><div class="battle-history"><small>(The opposing Pelipper lost <abbr title="−181/324">55.9%</abbr> of its health!)</small><br></div><div class="spacer battle-history"><br></div><div class="battle-history">The opposing Pelipper used <strong>Ice Beam</strong>!<br></div><div class="battle-history"><small>It's super effective!</small><br></div><div class="battle-history"><small>(Scyther lost <abbr title="−166/281">59.1%</abbr> of its health!)</small><br></div><div class="battle-history"><small>Scyther was frozen solid!</small><br></div><div class="spacer battle-history"><br></div><div class="battle-history"><small>The opposing Pelipper restored a little HP using its Leftovers!</small><br></div><div class="spacer battle-history"><br></div><h2 class="battle-history">Turn 27</h2><div class="chat chatmessage-schlotzer"><strong style="color:hsl(351,72%,48.4056105773564%)"><small>★</small><span class="username" data-name="Schlotzer">Schlotzer</span>:</strong> <em>ofc</em></div><div class="chat chatmessage-schlotzer"><strong style="color:hsl(351,72%,48.4056105773564%)"><small>★</small><span class="username" data-name="Schlotzer">Schlotzer</span>:</strong> <em>luck out more</em></div><div class="spacer battle-history"><br></div><div class="battle-history">Scyther is frozen solid!<br></div><div class="spacer battle-history"><br></div><div class="battle-history">The opposing Pelipper used <strong>Roost</strong>!<br></div><div class="battle-history"><small>The opposing Pelipper restored its HP.</small><br></div><div class="spacer battle-history"><br></div><div class="battle-history"><small>The opposing Pelipper restored a little HP using its Leftovers!</small><br></div><div class="spacer battle-history"><br></div><h2 class="battle-history">Turn 28</h2><div class="spacer battle-history"><br></div><div class="battle-history"><small>Schlotzer forfeited.</small><br></div><div class="spacer battle-history"><br></div><div class="battle-history"><strong>ParnStar</strong> won the battle!<br></div><div class="chat"><small>Schlotzer left.</small></div><div class="chat">Schlotzer's rating: 1293 → <strong>1258</strong><br>(-35 for losing)</div><div class="chat">ParnStar's rating: 1137 → <strong>1173</strong><br>(+36 for winning)</div></div><div class="inner-preempt"></div></div></div>
</div>
<script>
let daily = Math.floor(Date.now()/1000/60/60/24);document.write('<script src="https://play.pokemonshowdown.com/js/replay-embed.js?version'+daily+'"></'+'script>');
</script>
