<!DOCTYPE html>
<meta charset="utf-8" />
<!-- version 1 -->
<title>NU replay: cyanize! vs. A</title>
<style>
html,body {font-family:Verdana, sans-serif;font-size:10pt;margin:0;padding:0;}body{padding:12px 0;} .battle-log {font-family:Verdana, sans-serif;font-size:10pt;} .battle-log-inline {border:1px solid #AAAAAA;background:#EEF2F5;color:black;max-width:640px;margin:0 auto 80px;padding-bottom:5px;} .battle-log .inner {padding:4px 8px 0px 8px;} .battle-log .inner-preempt {padding:0 8px 4px 8px;} .battle-log .inner-after {margin-top:0.5em;} .battle-log h2 {margin:0.5em -8px;padding:4px 8px;border:1px solid #AAAAAA;background:#E0E7EA;border-left:0;border-right:0;font-family:Verdana, sans-serif;font-size:13pt;} .battle-log .chat {vertical-align:middle;padding:3px 0 3px 0;font-size:8pt;} .battle-log .chat strong {color:#40576A;} .battle-log .chat em {padding:1px 4px 1px 3px;color:#000000;font-style:normal;} .chat.mine {background:rgba(0,0,0,0.05);margin-left:-8px;margin-right:-8px;padding-left:8px;padding-right:8px;} .spoiler {color:#BBBBBB;background:#BBBBBB;padding:0px 3px;} .spoiler:hover, .spoiler:active, .spoiler-shown {color:#000000;background:#E2E2E2;padding:0px 3px;} .spoiler a {color:#BBBBBB;} .spoiler:hover a, .spoiler:active a, .spoiler-shown a {color:#2288CC;} .chat code, .chat .spoiler:hover code, .chat .spoiler:active code, .chat .spoiler-shown code {border:1px solid #C0C0C0;background:#EEEEEE;color:black;padding:0 2px;} .chat .spoiler code {border:1px solid #CCCCCC;background:#CCCCCC;color:#CCCCCC;} .battle-log .rated {padding:3px 4px;} .battle-log .rated strong {color:white;background:#89A;padding:1px 4px;border-radius:4px;} .spacer {margin-top:0.5em;} .message-announce {background:#6688AA;color:white;padding:1px 4px 2px;} .message-announce a, .broadcast-green a, .broadcast-blue a, .broadcast-red a {color:#DDEEFF;} .broadcast-green {background-color:#559955;color:white;padding:2px 4px;} .broadcast-blue {background-color:#6688AA;color:white;padding:2px 4px;} .infobox {border:1px solid #6688AA;padding:2px 4px;} .infobox-limited {max-height:200px;overflow:auto;overflow-x:hidden;} .broadcast-red {background-color:#AA5544;color:white;padding:2px 4px;} .message-learn-canlearn {font-weight:bold;color:#228822;text-decoration:underline;} .message-learn-cannotlearn {font-weight:bold;color:#CC2222;text-decoration:underline;} .message-effect-weak {font-weight:bold;color:#CC2222;} .message-effect-resist {font-weight:bold;color:#6688AA;} .message-effect-immune {font-weight:bold;color:#666666;} .message-learn-list {margin-top:0;margin-bottom:0;} .message-throttle-notice, .message-error {color:#992222;} .message-overflow, .chat small.message-overflow {font-size:0pt;} .message-overflow::before {font-size:9pt;content:'...';} .subtle {color:#3A4A66;}
</style>
<div class="wrapper replay-wrapper" style="max-width:1180px;margin:0 auto">
<input type="hidden" name="replayid" value="nu-555153300" />
<div class="battle"></div><div class="battle-log"></div><div class="replay-controls"></div><div class="replay-controls-2"></div>
<h1 style="font-weight:normal;text-align:center"><strong>NU</strong><br /><a href="http://pokemonshowdown.com/users/cyanize" class="subtle" target="_blank">cyanize!</a> vs. <a href="http://pokemonshowdown.com/users/a" class="subtle" target="_blank">A</a></h1>
<script type="text/plain" class="battle-log-data">|j|cyanize!
|j|A
|player|p1|cyanize!|134
|player|p2|A|7
|gametype|singles
|gen|6
|tier|NU
|seed|40979,34322,63,6410
|rule|Sleep Clause Mod: Limit one foe put to sleep
|rule|Species Clause: Limit one of each Pokémon
|rule|OHKO Clause: OHKO moves are banned
|rule|Moody Clause: Moody is banned
|rule|Evasion Moves Clause: Evasion moves are banned
|rule|Endless Battle Clause: Forcing endless battles is banned
|rule|HP Percentage Mod: HP is shown in percentages
|clearpoke
|poke|p1|Bronzor|item
|poke|p1|Altaria, F|item
|poke|p1|Monferno, M|item
|poke|p1|Swellow, F|item
|poke|p1|Arbok, M|item
|poke|p1|Liepard, F|item
|poke|p2|Articuno, shiny|item
|poke|p2|Stoutland, M, shiny|item
|poke|p2|Mesprit, shiny|item
|poke|p2|Sandslash, M, shiny|item
|poke|p2|Gastrodon-East, M, shiny|item
|poke|p2|Hippopotas, M, shiny|item
|rule|Swagger Clause: Swagger is banned
|rule|Baton Pass Clause: Limit one Baton Passer, can't pass Spe and other stats simultaneously
|teampreview
|c|☆A|i have not played
|c|☆A|in 3 years
|j|carcy
|c|☆A|how does this tier even work
|c|☆A|hf
|c|☆cyanize!|u2
|j|egalvanc
|choice|team 3, team 2, team 1, team 4, team 5, team 6|team 1, team 2, team 3, team 4, team 5, team 6
|
|start
|switch|p1a: harambaby|Monferno, M|332\/332
|switch|p2a: BIRB|Articuno, shiny|325\/325
|-ability|p2a: BIRB|Pressure
|turn|1
|choice|switch 3|move sandstorm
|
|switch|p1a: Bronzor|Bronzor|318\/318
|move|p2a: BIRB|Sandstorm|p2a: BIRB
|-weather|Sandstorm
|
|-weather|Sandstorm|[upkeep]
|-damage|p2a: BIRB|305\/325|[from] sandstorm
|upkeep
|turn|2
|choice|move toxic|move uturn
|
|move|p2a: BIRB|U-turn|p1a: Bronzor
|-damage|p1a: Bronzor|295\/318
|choice||switch 4
|
|switch|p2a: I STILL SPIN|Sandslash, M, shiny|291\/291
|move|p1a: Bronzor|Toxic|p2a: I STILL SPIN
|-status|p2a: I STILL SPIN|tox
|
|-weather|Sandstorm|[upkeep]
|-damage|p2a: I STILL SPIN|273\/291 tox|[from] psn
|upkeep
|turn|3
|choice|switch 2|move swordsdance
|
|switch|p1a: altocumulus|Altaria, F|291\/291
|move|p2a: I STILL SPIN|Swords Dance|p2a: I STILL SPIN
|-boost|p2a: I STILL SPIN|atk|2
|
|-weather|Sandstorm|[upkeep]
|-damage|p1a: altocumulus|273\/291|[from] sandstorm
|-damage|p2a: I STILL SPIN|237\/291 tox|[from] psn
|upkeep
|turn|4
|choice|move dracometeor|move stoneedge
|
|move|p2a: I STILL SPIN|Stone Edge|p1a: altocumulus
|-supereffective|p1a: altocumulus
|-damage|p1a: altocumulus|0 fnt
|-damage|p2a: I STILL SPIN|208\/291 tox|[from] item: Life Orb
|faint|p1a: altocumulus
|
|-weather|Sandstorm|[upkeep]
|-damage|p2a: I STILL SPIN|154\/291 tox|[from] psn
|upkeep
|choice|switch 5|
|
|switch|p1a: chaaaaa|Arbok, M|261\/261
|turn|5
|choice|move suckerpunch|move knockoff
|
|move|p1a: chaaaaa|Sucker Punch|p2a: I STILL SPIN
|-damage|p2a: I STILL SPIN|75\/291 tox
|move|p2a: I STILL SPIN|Knock Off|p1a: chaaaaa
|-damage|p1a: chaaaaa|0 fnt
|-enditem|p1a: chaaaaa|Black Sludge|[from] move: Knock Off|[of] p2a: I STILL SPIN
|-damage|p2a: I STILL SPIN|46\/291 tox|[from] item: Life Orb
|faint|p1a: chaaaaa
|
|-weather|Sandstorm|[upkeep]
|-damage|p2a: I STILL SPIN|0 fnt|[from] psn
|upkeep
|faint|p2a: I STILL SPIN
|choice|switch 2|switch 2
|
|switch|p2a: (dog)|Stoutland, M, shiny|315\/315
|switch|p1a: Bronzor|Bronzor|295\/318
|turn|6
|choice|switch 3|move crunch
|
|switch|p1a: harambaby|Monferno, M|332\/332
|move|p2a: (dog)|Crunch|p1a: harambaby
|-resisted|p1a: harambaby
|-damage|p1a: harambaby|257\/332
|
|-weather|Sandstorm|[upkeep]
|-damage|p1a: harambaby|237\/332|[from] sandstorm
|upkeep
|turn|7
|choice|move willowisp|switch 5
|
|switch|p2a: WEAST|Gastrodon-East, M, shiny|400\/400
|move|p1a: harambaby|Will-O-Wisp|p2a: WEAST|[miss]
|-miss|p1a: harambaby|p2a: WEAST
|
|-weather|Sandstorm|[upkeep]
|-damage|p1a: harambaby|217\/332|[from] sandstorm
|upkeep
|turn|8
|c|☆A|o rip
|choice|move stealthrock|move scald
|
|move|p1a: harambaby|Stealth Rock|p2a: WEAST
|-sidestart|p2: A|move: Stealth Rock
|move|p2a: WEAST|Scald|p1a: harambaby
|-supereffective|p1a: harambaby
|-crit|p1a: harambaby
|-damage|p1a: harambaby|0 fnt
|-damage|p2a: WEAST|360\/400|[from] item: Life Orb
|faint|p1a: harambaby
|
|-weather|none
|upkeep
|choice|switch 4|
|
|switch|p1a: stonebank|Swellow, F|261\/261
|turn|9
|l|egalvanc
|choice|move substitute|move icebeam
|
|move|p1a: stonebank|Substitute|p1a: stonebank
|-start|p1a: stonebank|Substitute
|-damage|p1a: stonebank|196\/261
|move|p2a: WEAST|Ice Beam|p1a: stonebank
|-supereffective|p1a: stonebank
|-end|p1a: stonebank|Substitute
|-damage|p2a: WEAST|320\/400|[from] item: Life Orb
|
|upkeep
|turn|10
|choice|move substitute|move icebeam
|
|move|p1a: stonebank|Substitute|p1a: stonebank
|-start|p1a: stonebank|Substitute
|-damage|p1a: stonebank|131\/261
|move|p2a: WEAST|Ice Beam|p1a: stonebank
|-supereffective|p1a: stonebank
|-end|p1a: stonebank|Substitute
|-damage|p2a: WEAST|280\/400|[from] item: Life Orb
|
|upkeep
|turn|11
|choice|move substitute|move scald
|
|move|p1a: stonebank|Substitute|p1a: stonebank
|-start|p1a: stonebank|Substitute
|-damage|p1a: stonebank|66\/261
|move|p2a: WEAST|Scald|p1a: stonebank
|-end|p1a: stonebank|Substitute
|-damage|p2a: WEAST|240\/400|[from] item: Life Orb
|
|upkeep
|turn|12
|j|parivard☎☀️
|choice|move substitute|move recover
|
|move|p1a: stonebank|Substitute|p1a: stonebank
|-start|p1a: stonebank|Substitute
|-damage|p1a: stonebank|1\/261
|move|p2a: WEAST|Recover|p2a: WEAST
|-heal|p2a: WEAST|400\/400
|
|upkeep
|turn|13
|choice|move endeavor|switch 6
|
|switch|p2a: TAS|Hippopotas, M, shiny|339\/339
|-damage|p2a: TAS|318\/339|[from] Stealth Rock
|-weather|Sandstorm|[from] ability: Sand Stream|[of] p2a: TAS
|move|p1a: stonebank|Endeavor|p2a: TAS
|-damage|p2a: TAS|1\/339
|
|-weather|Sandstorm|[upkeep]
|-damage|p1a: stonebank|0 fnt|[from] sandstorm
|upkeep
|faint|p1a: stonebank
|choice|switch 6|
|
|switch|p1a: typical ladder shi|Liepard, F|269\/269
|turn|14
|choice|move uturn|move stealthrock
|
|move|p1a: typical ladder shi|U-turn|p2a: TAS
|-damage|p2a: TAS|0 fnt
|faint|p2a: TAS
|c|☆cyanize!|dw
|j|Gyslexic Duy
|c|☆cyanize!|god mon bronzor wins
|choice|switch 3|
|
|switch|p1a: Bronzor|Bronzor|295\/318
|
|-weather|Sandstorm|[upkeep]
|upkeep
|choice||switch 5
|
|switch|p2a: (dog)|Stoutland, M, shiny|315\/315
|-damage|p2a: (dog)|276\/315|[from] Stealth Rock
|turn|15
|choice|move psywave|move crunch
|
|move|p2a: (dog)|Crunch|p1a: Bronzor
|-supereffective|p1a: Bronzor
|-damage|p1a: Bronzor|141\/318
|move|p1a: Bronzor|Psywave|p2a: (dog)
|-damage|p2a: (dog)|155\/315
|
|-weather|Sandstorm|[upkeep]
|upkeep
|turn|16
|c| Gyslexic Duy|is this doggo banded
|l|parivard☎☀️
|choice|switch 3|move crunch
|
|switch|p1a: typical ladder shi|Liepard, F|269\/269
|move|p2a: (dog)|Crunch|p1a: typical ladder shi
|-resisted|p1a: typical ladder shi
|-damage|p1a: typical ladder shi|142\/269
|
|-weather|Sandstorm|[upkeep]
|-damage|p1a: typical ladder shi|126\/269|[from] sandstorm
|upkeep
|turn|17
|choice|move knockoff|switch 4
|
|switch|p2a: BIRB|Articuno, shiny|305\/325
|-damage|p2a: BIRB|143\/325|[from] Stealth Rock
|-ability|p2a: BIRB|Pressure
|move|p1a: typical ladder shi|Knock Off|p2a: BIRB
|-damage|p2a: BIRB|0 fnt
|-enditem|p2a: BIRB|Smooth Rock|[from] move: Knock Off|[of] p1a: typical ladder shi
|faint|p2a: BIRB
|
|-weather|Sandstorm|[upkeep]
|-damage|p1a: typical ladder shi|110\/269|[from] sandstorm
|upkeep
|c|☆A|wheres the sucker
|choice||switch 6
|
|switch|p2a: WEAST|Gastrodon-East, M, shiny|400\/400
|-damage|p2a: WEAST|375\/400|[from] Stealth Rock
|turn|18
|choice|move knockoff|move scald
|
|move|p1a: typical ladder shi|Knock Off|p2a: WEAST
|-damage|p2a: WEAST|189\/400
|-enditem|p2a: WEAST|Life Orb|[from] move: Knock Off|[of] p1a: typical ladder shi
|move|p2a: WEAST|Scald|p1a: typical ladder shi
|-damage|p1a: typical ladder shi|0 fnt
|faint|p1a: typical ladder shi
|
|-weather|Sandstorm|[upkeep]
|upkeep
|choice|switch 3|
|
|switch|p1a: Bronzor|Bronzor|141\/318
|turn|19
|choice|move rest|move scald
|
|move|p2a: WEAST|Scald|p1a: Bronzor
|-damage|p1a: Bronzor|50\/318
|-status|p1a: Bronzor|brn
|move|p1a: Bronzor|Rest|p1a: Bronzor
|-status|p1a: Bronzor|slp
|-heal|p1a: Bronzor|318\/318 slp|[silent]
|-status|p1a: Bronzor|slp|[from] move: Rest
|
|-weather|Sandstorm|[upkeep]
|upkeep
|turn|20
|c|☆cyanize!|god mon bronzor
|c|☆cyanize!|inc
|choice|move sleeptalk|move recover
|
|move|p2a: WEAST|Recover|p2a: WEAST
|-heal|p2a: WEAST|389\/400
|cant|p1a: Bronzor|slp
|move|p1a: Bronzor|Sleep Talk|p1a: Bronzor
|move|p1a: Bronzor|Psywave|p2a: WEAST|[from]Sleep Talk
|-damage|p2a: WEAST|320\/400
|
|-weather|none
|upkeep
|turn|21
|choice|move sleeptalk|switch 3
|
|switch|p2a: tennis rain pls|Mesprit, shiny|363\/363
|-damage|p2a: tennis rain pls|318\/363|[from] Stealth Rock
|cant|p1a: Bronzor|slp
|move|p1a: Bronzor|Sleep Talk|p1a: Bronzor
|move|p1a: Bronzor|Psywave|p2a: tennis rain pls|[from]Sleep Talk
|-damage|p2a: tennis rain pls|243\/363
|
|upkeep
|turn|22
|choice|move toxic|move sandstorm
|
|move|p2a: tennis rain pls|Sandstorm|p2a: tennis rain pls
|-weather|Sandstorm
|-curestatus|p1a: Bronzor|slp|[msg]
|move|p1a: Bronzor|Toxic|p2a: tennis rain pls
|-status|p2a: tennis rain pls|tox
|
|-weather|Sandstorm|[upkeep]
|-damage|p2a: tennis rain pls|221\/363 tox|[from] sandstorm
|-damage|p2a: tennis rain pls|199\/363 tox|[from] psn
|upkeep
|turn|23
|choice|move psywave|move healingwish
|
|move|p2a: tennis rain pls|Healing Wish|p2a: tennis rain pls
|faint|p2a: tennis rain pls
|move|p1a: Bronzor|Psywave|p2: tennis rain pls|[notarget]
|-notarget
|
|-weather|Sandstorm|[upkeep]
|upkeep
|choice||switch 4
|
|switch|p2a: (dog)|Stoutland, M, shiny|155\/315
|-heal|p2a: (dog)|315\/315|[from] move: Healing Wish
|-damage|p2a: (dog)|276\/315|[from] Stealth Rock
|turn|24
|choice|move toxic|move crunch
|
|move|p2a: (dog)|Crunch|p1a: Bronzor
|-supereffective|p1a: Bronzor
|-damage|p1a: Bronzor|176\/318
|move|p1a: Bronzor|Toxic|p2a: (dog)
|-status|p2a: (dog)|tox
|
|-weather|Sandstorm|[upkeep]
|-damage|p2a: (dog)|257\/315 tox|[from] psn
|upkeep
|turn|25
|choice|move rest|move crunch
|
|move|p2a: (dog)|Crunch|p1a: Bronzor
|-supereffective|p1a: Bronzor
|-damage|p1a: Bronzor|28\/318
|-unboost|p1a: Bronzor|def|1
|move|p1a: Bronzor|Rest|p1a: Bronzor
|-status|p1a: Bronzor|slp
|-heal|p1a: Bronzor|318\/318 slp|[silent]
|-status|p1a: Bronzor|slp|[from] move: Rest
|
|-weather|Sandstorm|[upkeep]
|-damage|p2a: (dog)|219\/315 tox|[from] psn
|upkeep
|turn|26
|c| Gyslexic Duy|crit wins
|c|☆A|def drop
|c|☆cyanize!|noo
|c| Gyslexic Duy|this wins
|c|☆cyanize!|:((
|choice|move sleeptalk|move crunch
|
|move|p2a: (dog)|Crunch|p1a: Bronzor
|-supereffective|p1a: Bronzor
|-damage|p1a: Bronzor|82\/318 slp
|cant|p1a: Bronzor|slp
|move|p1a: Bronzor|Sleep Talk|p1a: Bronzor
|move|p1a: Bronzor|Toxic|p2a: (dog)|[from]Sleep Talk
|-fail|p2a: (dog)|tox
|
|-weather|Sandstorm|[upkeep]
|-damage|p2a: (dog)|162\/315 tox|[from] psn
|upkeep
|turn|27
|j|quziel くコ彡
|c|☆cyanize!|:((((
|c|☆cyanize!|gg
|c|@quziel くコ彡|doge
|c|☆A|gg
|-message|cyanize! forfeited.
|
|win|A
|l|cyanize!
|l|Gyslexic Duy</script>
</div>
<div class="battle-log battle-log-inline"><div class="inner"><div class="battle-options"></div><div class="inner"><div class="chat"><small>cyanize! joined.</small></div><div class="chat"><small>A joined.</small></div><div class=""><small>Format:</small> <br><strong>NU</strong></div><div class=""><small><em>Sleep Clause Mod:</em> Limit one foe put to sleep</small></div><div class=""><small><em>Species Clause:</em> Limit one of each Pokémon</small></div><div class=""><small><em>OHKO Clause:</em> OHKO moves are banned</small></div><div class=""><small><em>Moody Clause:</em> Moody is banned</small></div><div class=""><small><em>Evasion Moves Clause:</em> Evasion moves are banned</small></div><div class=""><small><em>Endless Battle Clause:</em> Forcing endless battles is banned</small></div><div class=""><small><em>HP Percentage Mod:</em> HP is shown in percentages</small></div><div class=""><small><em>Swagger Clause:</em> Swagger is banned</small></div><div class=""><small><em>Baton Pass Clause:</em> Limit one Baton Passer, can't pass Spe and other stats simultaneously</small></div><div class="chat battle-history"><strong>cyanize!'s team:</strong> <em style="color:#445566;display:block;">Bronzor / Altaria / Monferno / Swellow / Arbok / Liepard</em></div><div class="chat battle-history"><strong>A's team:</strong> <em style="color:#445566;display:block;">Articuno / Stoutland / Mesprit / Sandslash / Gastrodon-East / Hippopotas</em></div><div class="chat chatmessage-a"><strong style="color:hsl(257,55%,60.23978216885854%)"><small>☆</small><span class="username" data-name="A">A</span>:</strong> <em>i have not played</em></div><div class="chat chatmessage-a"><strong style="color:hsl(257,55%,60.23978216885854%)"><small>☆</small><span class="username" data-name="A">A</span>:</strong> <em>in 3 years</em></div><div class="chat"><small>carcy joined.</small></div><div class="chat chatmessage-a"><strong style="color:hsl(257,55%,60.23978216885854%)"><small>☆</small><span class="username" data-name="A">A</span>:</strong> <em>how does this tier even work</em></div><div class="chat chatmessage-a"><strong style="color:hsl(257,55%,60.23978216885854%)"><small>☆</small><span class="username" data-name="A">A</span>:</strong> <em>hf</em></div><div class="chat chatmessage-cyanize"><strong style="color:hsl(262,69%,57.508913061721%)"><small>☆</small><span class="username" data-name="cyanize!">cyanize!</span>:</strong> <em>u2</em></div><div class="chat"><small>egalvanc joined.</small></div><div class="spacer battle-history"><br></div><div class="battle-history">Battle started between cyanize! and A!<br></div><div class="spacer battle-history"><br></div><div class="battle-history">Go! harambaby (<strong>Monferno</strong>)!<br></div><div class="spacer battle-history"><br></div><div class="battle-history">A sent out BIRB (<strong>Articuno</strong>)!<br></div><div class="battle-history"><small>[The opposing BIRB's Pressure]</small><br><small>The opposing BIRB is exerting its pressure!</small><br></div><div class="spacer battle-history"><br></div><h2 class="battle-history">Turn 1</h2><div class="spacer battle-history"><br></div><div class="battle-history">harambaby, come back!<br></div><div class="battle-history">Go! <strong>Bronzor</strong>!<br></div><div class="spacer battle-history"><br></div><div class="battle-history">The opposing BIRB used <strong>Sandstorm</strong>!<br></div><div class="battle-history"><small>A sandstorm kicked up!</small><br></div><div class="spacer battle-history"><br></div><div class="battle-history"><small>The sandstorm is raging.</small><br></div><div class="battle-history"><small>The opposing BIRB is buffeted by the sandstorm!</small><br></div><div class="spacer battle-history"><br></div><h2 class="battle-history">Turn 2</h2><div class="spacer battle-history"><br></div><div class="battle-history">The opposing BIRB used <strong>U-turn</strong>!<br></div><div class="battle-history"><small>(Bronzor lost <abbr title="−23/318">7.2%</abbr> of its health!)</small><br></div><div class="spacer battle-history"><br></div><div class="battle-history">The opposing BIRB went back to A!<br></div><div class="battle-history">A sent out I STILL SPIN (<strong>Sandslash</strong>)!<br></div><div class="spacer battle-history"><br></div><div class="battle-history">Bronzor used <strong>Toxic</strong>!<br></div><div class="battle-history"><small>The opposing I STILL SPIN was badly poisoned!</small><br></div><div class="spacer battle-history"><br></div><div class="battle-history"><small>The sandstorm is raging.</small><br></div><div class="battle-history"><small>The opposing I STILL SPIN was hurt by poison!</small><br></div><div class="spacer battle-history"><br></div><h2 class="battle-history">Turn 3</h2><div class="spacer battle-history"><br></div><div class="battle-history">Bronzor, come back!<br></div><div class="battle-history">Go! altocumulus (<strong>Altaria</strong>)!<br></div><div class="spacer battle-history"><br></div><div class="battle-history">The opposing I STILL SPIN used <strong>Swords Dance</strong>!<br></div><div class="battle-history"><small>The opposing I STILL SPIN's Attack rose sharply!</small><br></div><div class="spacer battle-history"><br></div><div class="battle-history"><small>The sandstorm is raging.</small><br></div><div class="battle-history"><small>altocumulus is buffeted by the sandstorm!</small><br></div><div class="battle-history"><small>The opposing I STILL SPIN was hurt by poison!</small><br></div><div class="spacer battle-history"><br></div><h2 class="battle-history">Turn 4</h2><div class="spacer battle-history"><br></div><div class="battle-history">The opposing I STILL SPIN used <strong>Stone Edge</strong>!<br></div><div class="battle-history"><small>It's super effective!</small><br></div><div class="battle-history"><small>(altocumulus lost <abbr title="−273/291">93.8%</abbr> of its health!)</small><br></div><div class="battle-history"><small>The opposing I STILL SPIN lost some of its HP!</small><br></div><div class="spacer battle-history"><br></div><div class="battle-history">altocumulus fainted!<br></div><div class="spacer battle-history"><br></div><div class="battle-history"><small>The sandstorm is raging.</small><br></div><div class="battle-history"><small>The opposing I STILL SPIN was hurt by poison!</small><br></div><div class="spacer battle-history"><br></div><div class="battle-history">Go! chaaaaa (<strong>Arbok</strong>)!<br></div><div class="spacer battle-history"><br></div><h2 class="battle-history">Turn 5</h2><div class="spacer battle-history"><br></div><div class="battle-history">chaaaaa used <strong>Sucker Punch</strong>!<br></div><div class="battle-history"><small>(The opposing I STILL SPIN lost <abbr title="−79/291">27.1%</abbr> of its health!)</small><br></div><div class="spacer battle-history"><br></div><div class="battle-history">The opposing I STILL SPIN used <strong>Knock Off</strong>!<br></div><div class="battle-history"><small>(chaaaaa lost <abbr title="−261/261">100%</abbr> of its health!)</small><br></div><div class="battle-history"><small>The opposing I STILL SPIN knocked off chaaaaa's Black Sludge!</small><br></div><div class="battle-history"><small>The opposing I STILL SPIN lost some of its HP!</small><br></div><div class="spacer battle-history"><br></div><div class="battle-history">chaaaaa fainted!<br></div><div class="spacer battle-history"><br></div><div class="battle-history"><small>The sandstorm is raging.</small><br></div><div class="battle-history"><small>The opposing I STILL SPIN was hurt by poison!</small><br></div><div class="spacer battle-history"><br></div><div class="battle-history">The opposing I STILL SPIN fainted!<br></div><div class="spacer battle-history"><br></div><div class="battle-history">A sent out (dog) (<strong>Stoutland</strong>)!<br></div><div class="spacer battle-history"><br></div><div class="battle-history">Go! <strong>Bronzor</strong>!<br></div><div class="spacer battle-history"><br></div><h2 class="battle-history">Turn 6</h2><div class="spacer battle-history"><br></div><div class="battle-history">Bronzor, come back!<br></div><div class="battle-history">Go! harambaby (<strong>Monferno</strong>)!<br></div><div class="spacer battle-history"><br></div><div class="battle-history">The opposing (dog) used <strong>Crunch</strong>!<br></div><div class="battle-history"><small>It's not very effective...</small><br></div><div class="battle-history"><small>(harambaby lost <abbr title="−75/332">22.6%</abbr> of its health!)</small><br></div><div class="spacer battle-history"><br></div><div class="battle-history"><small>The sandstorm is raging.</small><br></div><div class="battle-history"><small>harambaby is buffeted by the sandstorm!</small><br></div><div class="spacer battle-history"><br></div><h2 class="battle-history">Turn 7</h2><div class="spacer battle-history"><br></div><div class="battle-history">A withdrew (dog)!<br></div><div class="battle-history">A sent out WEAST (<strong>Gastrodon-East</strong>)!<br></div><div class="spacer battle-history"><br></div><div class="battle-history">harambaby used <strong>Will-O-Wisp</strong>!<br></div><div class="battle-history"><small>The opposing WEAST avoided the attack!</small><br></div><div class="spacer battle-history"><br></div><div class="battle-history"><small>The sandstorm is raging.</small><br></div><div class="battle-history"><small>harambaby is buffeted by the sandstorm!</small><br></div><div class="spacer battle-history"><br></div><h2 class="battle-history">Turn 8</h2><div class="chat chatmessage-a"><strong style="color:hsl(257,55%,60.23978216885854%)"><small>☆</small><span class="username" data-name="A">A</span>:</strong> <em>o rip</em></div><div class="spacer battle-history"><br></div><div class="battle-history">harambaby used <strong>Stealth Rock</strong>!<br></div><div class="battle-history"><small>Pointed stones float in the air around the opposing team!</small><br></div><div class="spacer battle-history"><br></div><div class="battle-history">The opposing WEAST used <strong>Scald</strong>!<br></div><div class="battle-history"><small>It's super effective!</small><br></div><div class="battle-history"><small>A critical hit!</small><br></div><div class="battle-history"><small>(harambaby lost <abbr title="−217/332">65.4%</abbr> of its health!)</small><br></div><div class="battle-history"><small>The opposing WEAST lost some of its HP!</small><br></div><div class="spacer battle-history"><br></div><div class="battle-history">harambaby fainted!<br></div><div class="spacer battle-history"><br></div><div class="battle-history"><small>The sandstorm subsided.</small><br></div><div class="spacer battle-history"><br></div><div class="battle-history">Go! stonebank (<strong>Swellow</strong>)!<br></div><div class="spacer battle-history"><br></div><h2 class="battle-history">Turn 9</h2><div class="chat"><small>egalvanc left.</small></div><div class="spacer battle-history"><br></div><div class="battle-history">stonebank used <strong>Substitute</strong>!<br></div><div class="battle-history"><small>stonebank put in a substitute!</small><br></div><div class="battle-history"><small>(stonebank lost <abbr title="−65/261">24.9%</abbr> of its health!)</small><br></div><div class="spacer battle-history"><br></div><div class="battle-history">The opposing WEAST used <strong>Ice Beam</strong>!<br></div><div class="battle-history"><small>It's super effective!</small><br></div><div class="battle-history"><small>stonebank's substitute faded!</small><br></div><div class="battle-history"><small>The opposing WEAST lost some of its HP!</small><br></div><div class="spacer battle-history"><br></div><h2 class="battle-history">Turn 10</h2><div class="spacer battle-history"><br></div><div class="battle-history">stonebank used <strong>Substitute</strong>!<br></div><div class="battle-history"><small>stonebank put in a substitute!</small><br></div><div class="battle-history"><small>(stonebank lost <abbr title="−65/261">24.9%</abbr> of its health!)</small><br></div><div class="spacer battle-history"><br></div><div class="battle-history">The opposing WEAST used <strong>Ice Beam</strong>!<br></div><div class="battle-history"><small>It's super effective!</small><br></div><div class="battle-history"><small>stonebank's substitute faded!</small><br></div><div class="battle-history"><small>The opposing WEAST lost some of its HP!</small><br></div><div class="spacer battle-history"><br></div><h2 class="battle-history">Turn 11</h2><div class="spacer battle-history"><br></div><div class="battle-history">stonebank used <strong>Substitute</strong>!<br></div><div class="battle-history"><small>stonebank put in a substitute!</small><br></div><div class="battle-history"><small>(stonebank lost <abbr title="−65/261">24.9%</abbr> of its health!)</small><br></div><div class="spacer battle-history"><br></div><div class="battle-history">The opposing WEAST used <strong>Scald</strong>!<br></div><div class="battle-history"><small>stonebank's substitute faded!</small><br></div><div class="battle-history"><small>The opposing WEAST lost some of its HP!</small><br></div><div class="spacer battle-history"><br></div><h2 class="battle-history">Turn 12</h2><div class="chat"><small>parivard☎☀️ joined.</small></div><div class="spacer battle-history"><br></div><div class="battle-history">stonebank used <strong>Substitute</strong>!<br></div><div class="battle-history"><small>stonebank put in a substitute!</small><br></div><div class="battle-history"><small>(stonebank lost <abbr title="−65/261">24.9%</abbr> of its health!)</small><br></div><div class="spacer battle-history"><br></div><div class="battle-history">The opposing WEAST used <strong>Recover</strong>!<br></div><div class="battle-history"><small>The opposing WEAST restored its HP.</small><br></div><div class="spacer battle-history"><br></div><h2 class="battle-history">Turn 13</h2><div class="spacer battle-history"><br></div><div class="battle-history">A withdrew WEAST!<br></div><div class="battle-history">A sent out TAS (<strong>Hippopotas</strong>)!<br></div><div class="battle-history"><small>Pointed stones dug into the opposing TAS!</small><br></div><div class="battle-history"><small>[The opposing TAS's Sand Stream]</small><br><small>A sandstorm kicked up!</small><br></div><div class="spacer battle-history"><br></div><div class="battle-history">stonebank used <strong>Endeavor</strong>!<br></div><div class="battle-history"><small>(The opposing TAS lost <abbr title="−317/339">93.5%</abbr> of its health!)</small><br></div><div class="spacer battle-history"><br></div><div class="battle-history"><small>The sandstorm is raging.</small><br></div><div class="battle-history"><small>stonebank is buffeted by the sandstorm!</small><br></div><div class="spacer battle-history"><br></div><div class="battle-history">stonebank fainted!<br></div><div class="spacer battle-history"><br></div><div class="battle-history">Go! typical ladder shi (<strong>Liepard</strong>)!<br></div><div class="spacer battle-history"><br></div><h2 class="battle-history">Turn 14</h2><div class="spacer battle-history"><br></div><div class="battle-history">typical ladder shi used <strong>U-turn</strong>!<br></div><div class="battle-history"><small>(The opposing TAS lost <abbr title="−1/339">0.3%</abbr> of its health!)</small><br></div><div class="spacer battle-history"><br></div><div class="battle-history">The opposing TAS fainted!<br></div><div class="chat chatmessage-cyanize"><strong style="color:hsl(262,69%,57.508913061721%)"><small>☆</small><span class="username" data-name="cyanize!">cyanize!</span>:</strong> <em>dw</em></div><div class="chat"><small>Gyslexic Duy joined.</small></div><div class="chat chatmessage-cyanize"><strong style="color:hsl(262,69%,57.508913061721%)"><small>☆</small><span class="username" data-name="cyanize!">cyanize!</span>:</strong> <em>god mon bronzor wins</em></div><div class="spacer battle-history"><br></div><div class="battle-history">typical ladder shi went back to cyanize!!<br></div><div class="battle-history">Go! <strong>Bronzor</strong>!<br></div><div class="spacer battle-history"><br></div><div class="battle-history"><small>The sandstorm is raging.</small><br></div><div class="spacer battle-history"><br></div><div class="battle-history">A sent out (dog) (<strong>Stoutland</strong>)!<br></div><div class="battle-history"><small>Pointed stones dug into the opposing (dog)!</small><br></div><div class="spacer battle-history"><br></div><h2 class="battle-history">Turn 15</h2><div class="spacer battle-history"><br></div><div class="battle-history">The opposing (dog) used <strong>Crunch</strong>!<br></div><div class="battle-history"><small>It's super effective!</small><br></div><div class="battle-history"><small>(Bronzor lost <abbr title="−154/318">48.4%</abbr> of its health!)</small><br></div><div class="spacer battle-history"><br></div><div class="battle-history">Bronzor used <strong>Psywave</strong>!<br></div><div class="battle-history"><small>(The opposing (dog) lost <abbr title="−121/315">38.4%</abbr> of its health!)</small><br></div><div class="spacer battle-history"><br></div><div class="battle-history"><small>The sandstorm is raging.</small><br></div><div class="spacer battle-history"><br></div><h2 class="battle-history">Turn 16</h2><div class="chat chatmessage-gyslexicduy"><strong style="color:hsl(324,43%,48.478580508675975%)"><small> </small><span class="username" data-name="Gyslexic Duy">Gyslexic Duy</span>:</strong> <em>is this doggo banded</em></div><div class="chat"><small>parivard☎☀️ left.</small></div><div class="spacer battle-history"><br></div><div class="battle-history">Bronzor, come back!<br></div><div class="battle-history">Go! typical ladder shi (<strong>Liepard</strong>)!<br></div><div class="spacer battle-history"><br></div><div class="battle-history">The opposing (dog) used <strong>Crunch</strong>!<br></div><div class="battle-history"><small>It's not very effective...</small><br></div><div class="battle-history"><small>(typical ladder shi lost <abbr title="−127/269">47.2%</abbr> of its health!)</small><br></div><div class="spacer battle-history"><br></div><div class="battle-history"><small>The sandstorm is raging.</small><br></div><div class="battle-history"><small>typical ladder shi is buffeted by the sandstorm!</small><br></div><div class="spacer battle-history"><br></div><h2 class="battle-history">Turn 17</h2><div class="spacer battle-history"><br></div><div class="battle-history">A withdrew (dog)!<br></div><div class="battle-history">A sent out BIRB (<strong>Articuno</strong>)!<br></div><div class="battle-history"><small>Pointed stones dug into the opposing BIRB!</small><br></div><div class="battle-history"><small>[The opposing BIRB's Pressure]</small><br><small>The opposing BIRB is exerting its pressure!</small><br></div><div class="spacer battle-history"><br></div><div class="battle-history">typical ladder shi used <strong>Knock Off</strong>!<br></div><div class="battle-history"><small>(The opposing BIRB lost <abbr title="−143/325">44%</abbr> of its health!)</small><br></div><div class="battle-history"><small>typical ladder shi knocked off the opposing BIRB's Smooth Rock!</small><br></div><div class="spacer battle-history"><br></div><div class="battle-history">The opposing BIRB fainted!<br></div><div class="spacer battle-history"><br></div><div class="battle-history"><small>The sandstorm is raging.</small><br></div><div class="battle-history"><small>typical ladder shi is buffeted by the sandstorm!</small><br></div><div class="chat chatmessage-a"><strong style="color:hsl(257,55%,60.23978216885854%)"><small>☆</small><span class="username" data-name="A">A</span>:</strong> <em>wheres the sucker</em></div><div class="spacer battle-history"><br></div><div class="battle-history">A sent out WEAST (<strong>Gastrodon-East</strong>)!<br></div><div class="battle-history"><small>Pointed stones dug into the opposing WEAST!</small><br></div><div class="spacer battle-history"><br></div><h2 class="battle-history">Turn 18</h2><div class="spacer battle-history"><br></div><div class="battle-history">typical ladder shi used <strong>Knock Off</strong>!<br></div><div class="battle-history"><small>(The opposing WEAST lost <abbr title="−186/400">46.5%</abbr> of its health!)</small><br></div><div class="battle-history"><small>typical ladder shi knocked off the opposing WEAST's Life Orb!</small><br></div><div class="spacer battle-history"><br></div><div class="battle-history">The opposing WEAST used <strong>Scald</strong>!<br></div><div class="battle-history"><small>(typical ladder shi lost <abbr title="−110/269">40.9%</abbr> of its health!)</small><br></div><div class="spacer battle-history"><br></div><div class="battle-history">typical ladder shi fainted!<br></div><div class="spacer battle-history"><br></div><div class="battle-history"><small>The sandstorm is raging.</small><br></div><div class="spacer battle-history"><br></div><div class="battle-history">Go! <strong>Bronzor</strong>!<br></div><div class="spacer battle-history"><br></div><h2 class="battle-history">Turn 19</h2><div class="spacer battle-history"><br></div><div class="battle-history">The opposing WEAST used <strong>Scald</strong>!<br></div><div class="battle-history"><small>(Bronzor lost <abbr title="−91/318">28.6%</abbr> of its health!)</small><br></div><div class="battle-history"><small>Bronzor was burned!</small><br></div><div class="spacer battle-history"><br></div><div class="battle-history">Bronzor used <strong>Rest</strong>!<br></div><div class="battle-history"><small>Bronzor fell asleep!</small><br></div><div class="battle-history"><small>Bronzor slept and became healthy!</small><br></div><div class="spacer battle-history"><br></div><div class="battle-history"><small>The sandstorm is raging.</small><br></div><div class="spacer battle-history"><br></div><h2 class="battle-history">Turn 20</h2><div class="chat chatmessage-cyanize"><strong style="color:hsl(262,69%,57.508913061721%)"><small>☆</small><span class="username" data-name="cyanize!">cyanize!</span>:</strong> <em>god mon bronzor</em></div><div class="chat chatmessage-cyanize"><strong style="color:hsl(262,69%,57.508913061721%)"><small>☆</small><span class="username" data-name="cyanize!">cyanize!</span>:</strong> <em>inc</em></div><div class="spacer battle-history"><br></div><div class="battle-history">The opposing WEAST used <strong>Recover</strong>!<br></div><div class="battle-history"><small>The opposing WEAST restored its HP.</small><br></div><div class="spacer battle-history"><br></div><div class="battle-history">Bronzor is fast asleep.<br></div><div class="spacer battle-history"><br></div><div class="battle-history">Bronzor used <strong>Sleep Talk</strong>!<br></div><div class="spacer battle-history"><br></div><div class="battle-history">Bronzor used <strong>Psywave</strong>!<br></div><div class="battle-history"><small>(The opposing WEAST lost <abbr title="−69/400">17.3%</abbr> of its health!)</small><br></div><div class="spacer battle-history"><br></div><div class="battle-history"><small>The sandstorm subsided.</small><br></div><div class="spacer battle-history"><br></div><h2 class="battle-history">Turn 21</h2><div class="spacer battle-history"><br></div><div class="battle-history">A withdrew WEAST!<br></div><div class="battle-history">A sent out tennis rain pls (<strong>Mesprit</strong>)!<br></div><div class="battle-history"><small>Pointed stones dug into the opposing tennis rain pls!</small><br></div><div class="spacer battle-history"><br></div><div class="battle-history">Bronzor is fast asleep.<br></div><div class="spacer battle-history"><br></div><div class="battle-history">Bronzor used <strong>Sleep Talk</strong>!<br></div><div class="spacer battle-history"><br></div><div class="battle-history">Bronzor used <strong>Psywave</strong>!<br></div><div class="battle-history"><small>(The opposing tennis rain pls lost <abbr title="−75/363">20.7%</abbr> of its health!)</small><br></div><div class="spacer battle-history"><br></div><h2 class="battle-history">Turn 22</h2><div class="spacer battle-history"><br></div><div class="battle-history">The opposing tennis rain pls used <strong>Sandstorm</strong>!<br></div><div class="battle-history"><small>A sandstorm kicked up!</small><br></div><div class="battle-history"><small>Bronzor woke up!</small><br></div><div class="spacer battle-history"><br></div><div class="battle-history">Bronzor used <strong>Toxic</strong>!<br></div><div class="battle-history"><small>The opposing tennis rain pls was badly poisoned!</small><br></div><div class="spacer battle-history"><br></div><div class="battle-history"><small>The sandstorm is raging.</small><br></div><div class="battle-history"><small>The opposing tennis rain pls is buffeted by the sandstorm!</small><br></div><div class="battle-history"><small>The opposing tennis rain pls was hurt by poison!</small><br></div><div class="spacer battle-history"><br></div><h2 class="battle-history">Turn 23</h2><div class="spacer battle-history"><br></div><div class="battle-history">The opposing tennis rain pls used <strong>Healing Wish</strong>!<br></div><div class="spacer battle-history"><br></div><div class="battle-history">The opposing tennis rain pls fainted!<br></div><div class="battle-history">Bronzor used <strong>Psywave</strong>!<br></div><div class="battle-history"><small>But there was no target...</small><br></div><div class="spacer battle-history"><br></div><div class="battle-history"><small>The sandstorm is raging.</small><br></div><div class="spacer battle-history"><br></div><div class="battle-history">A sent out (dog) (<strong>Stoutland</strong>)!<br></div><div class="battle-history"><small>The healing wish came true for the opposing (dog)!</small><br></div><div class="battle-history"><small>Pointed stones dug into the opposing (dog)!</small><br></div><div class="spacer battle-history"><br></div><h2 class="battle-history">Turn 24</h2><div class="spacer battle-history"><br></div><div class="battle-history">The opposing (dog) used <strong>Crunch</strong>!<br></div><div class="battle-history"><small>It's super effective!</small><br></div><div class="battle-history"><small>(Bronzor lost <abbr title="−142/318">44.7%</abbr> of its health!)</small><br></div><div class="spacer battle-history"><br></div><div class="battle-history">Bronzor used <strong>Toxic</strong>!<br></div><div class="battle-history"><small>The opposing (dog) was badly poisoned!</small><br></div><div class="spacer battle-history"><br></div><div class="battle-history"><small>The sandstorm is raging.</small><br></div><div class="battle-history"><small>The opposing (dog) was hurt by poison!</small><br></div><div class="spacer battle-history"><br></div><h2 class="battle-history">Turn 25</h2><div class="spacer battle-history"><br></div><div class="battle-history">The opposing (dog) used <strong>Crunch</strong>!<br></div><div class="battle-history"><small>It's super effective!</small><br></div><div class="battle-history"><small>(Bronzor lost <abbr title="−148/318">46.5%</abbr> of its health!)</small><br></div><div class="battle-history"><small>Bronzor's Defense fell!</small><br></div><div class="spacer battle-history"><br></div><div class="battle-history">Bronzor used <strong>Rest</strong>!<br></div><div class="battle-history"><small>Bronzor fell asleep!</small><br></div><div class="battle-history"><small>Bronzor slept and became healthy!</small><br></div><div class="spacer battle-history"><br></div><div class="battle-history"><small>The sandstorm is raging.</small><br></div><div class="battle-history"><small>The opposing (dog) was hurt by poison!</small><br></div><div class="spacer battle-history"><br></div><h2 class="battle-history">Turn 26</h2><div class="chat chatmessage-gyslexicduy"><strong style="color:hsl(324,43%,48.478580508675975%)"><small> </small><span class="username" data-name="Gyslexic Duy">Gyslexic Duy</span>:</strong> <em>crit wins</em></div><div class="chat chatmessage-a"><strong style="color:hsl(257,55%,60.23978216885854%)"><small>☆</small><span class="username" data-name="A">A</span>:</strong> <em>def drop</em></div><div class="chat chatmessage-cyanize"><strong style="color:hsl(262,69%,57.508913061721%)"><small>☆</small><span class="username" data-name="cyanize!">cyanize!</span>:</strong> <em>noo</em></div><div class="chat chatmessage-gyslexicduy"><strong style="color:hsl(324,43%,48.478580508675975%)"><small> </small><span class="username" data-name="Gyslexic Duy">Gyslexic Duy</span>:</strong> <em>this wins</em></div><div class="chat chatmessage-cyanize"><strong style="color:hsl(262,69%,57.508913061721%)"><small>☆</small><span class="username" data-name="cyanize!">cyanize!</span>:</strong> <em>:((</em></div><div class="spacer battle-history"><br></div><div class="battle-history">The opposing (dog) used <strong>Crunch</strong>!<br></div><div class="battle-history"><small>It's super effective!</small><br></div><div class="battle-history"><small>(Bronzor lost <abbr title="−236/318">74.2%</abbr> of its health!)</small><br></div><div class="spacer battle-history"><br></div><div class="battle-history">Bronzor is fast asleep.<br></div><div class="spacer battle-history"><br></div><div class="battle-history">Bronzor used <strong>Sleep Talk</strong>!<br></div><div class="spacer battle-history"><br></div><div class="battle-history">Bronzor used <strong>Toxic</strong>!<br></div><div class="battle-history"><small>But it failed!</small><br></div><div class="spacer battle-history"><br></div><div class="battle-history"><small>The sandstorm is raging.</small><br></div><div class="battle-history"><small>The opposing (dog) was hurt by poison!</small><br></div><div class="spacer battle-history"><br></div><h2 class="battle-history">Turn 27</h2><div class="chat"><small>quziel くコ彡 joined.</small></div><div class="chat chatmessage-cyanize"><strong style="color:hsl(262,69%,57.508913061721%)"><small>☆</small><span class="username" data-name="cyanize!">cyanize!</span>:</strong> <em>:((((</em></div><div class="chat chatmessage-cyanize"><strong style="color:hsl(262,69%,57.508913061721%)"><small>☆</small><span class="username" data-name="cyanize!">cyanize!</span>:</strong> <em>gg</em></div><div class="chat chatmessage-quziel"><strong style="color:hsl(6,87%,49%)"><small>@</small><span class="username" data-name="quziel くコ彡">quziel くコ彡</span>:</strong> <em>doge</em></div><div class="chat chatmessage-a"><strong style="color:hsl(257,55%,60.23978216885854%)"><small>☆</small><span class="username" data-name="A">A</span>:</strong> <em>gg</em></div><div class="spacer battle-history"><br></div><div class="battle-history"><small>cyanize! forfeited.</small><br></div><div class="spacer battle-history"><br></div><div class="battle-history"><strong>A</strong> won the battle!<br></div><div class="chat"><small>cyanize! left.</small></div><div class="chat"><small>Gyslexic Duy left.</small></div></div><div class="inner-preempt"></div></div></div>
</div>
<script>
let daily = Math.floor(Date.now()/1000/60/60/24);document.write('<script src="https://play.pokemonshowdown.com/js/replay-embed.js?version'+daily+'"></'+'script>');
</script>
