<!DOCTYPE html>
<meta charset="utf-8" />
<!-- version 1 -->
<title>NU replay: xShirex vs. Smurphisto</title>
<style>
html,body {font-family:Verdana, sans-serif;font-size:10pt;margin:0;padding:0;}body{padding:12px 0;} .battle-log {font-family:Verdana, sans-serif;font-size:10pt;} .battle-log-inline {border:1px solid #AAAAAA;background:#EEF2F5;color:black;max-width:640px;margin:0 auto 80px;padding-bottom:5px;} .battle-log .inner {padding:4px 8px 0px 8px;} .battle-log .inner-preempt {padding:0 8px 4px 8px;} .battle-log .inner-after {margin-top:0.5em;} .battle-log h2 {margin:0.5em -8px;padding:4px 8px;border:1px solid #AAAAAA;background:#E0E7EA;border-left:0;border-right:0;font-family:Verdana, sans-serif;font-size:13pt;} .battle-log .chat {vertical-align:middle;padding:3px 0 3px 0;font-size:8pt;} .battle-log .chat strong {color:#40576A;} .battle-log .chat em {padding:1px 4px 1px 3px;color:#000000;font-style:normal;} .chat.mine {background:rgba(0,0,0,0.05);margin-left:-8px;margin-right:-8px;padding-left:8px;padding-right:8px;} .spoiler {color:#BBBBBB;background:#BBBBBB;padding:0px 3px;} .spoiler:hover, .spoiler:active, .spoiler-shown {color:#000000;background:#E2E2E2;padding:0px 3px;} .spoiler a {color:#BBBBBB;} .spoiler:hover a, .spoiler:active a, .spoiler-shown a {color:#2288CC;} .chat code, .chat .spoiler:hover code, .chat .spoiler:active code, .chat .spoiler-shown code {border:1px solid #C0C0C0;background:#EEEEEE;color:black;padding:0 2px;} .chat .spoiler code {border:1px solid #CCCCCC;background:#CCCCCC;color:#CCCCCC;} .battle-log .rated {padding:3px 4px;} .battle-log .rated strong {color:white;background:#89A;padding:1px 4px;border-radius:4px;} .spacer {margin-top:0.5em;} .message-announce {background:#6688AA;color:white;padding:1px 4px 2px;} .message-announce a, .broadcast-green a, .broadcast-blue a, .broadcast-red a {color:#DDEEFF;} .broadcast-green {background-color:#559955;color:white;padding:2px 4px;} .broadcast-blue {background-color:#6688AA;color:white;padding:2px 4px;} .infobox {border:1px solid #6688AA;padding:2px 4px;} .infobox-limited {max-height:200px;overflow:auto;overflow-x:hidden;} .broadcast-red {background-color:#AA5544;color:white;padding:2px 4px;} .message-learn-canlearn {font-weight:bold;color:#228822;text-decoration:underline;} .message-learn-cannotlearn {font-weight:bold;color:#CC2222;text-decoration:underline;} .message-effect-weak {font-weight:bold;color:#CC2222;} .message-effect-resist {font-weight:bold;color:#6688AA;} .message-effect-immune {font-weight:bold;color:#666666;} .message-learn-list {margin-top:0;margin-bottom:0;} .message-throttle-notice, .message-error {color:#992222;} .message-overflow, .chat small.message-overflow {font-size:0pt;} .message-overflow::before {font-size:9pt;content:'...';} .subtle {color:#3A4A66;}
</style>
<div class="wrapper replay-wrapper" style="max-width:1180px;margin:0 auto">
<input type="hidden" name="replayid" value="nu-509803963" />
<div class="battle"></div><div class="battle-log"></div><div class="replay-controls"></div><div class="replay-controls-2"></div>
<h1 style="font-weight:normal;text-align:center"><strong>NU</strong><br /><a href="http://pokemonshowdown.com/users/xshirex" class="subtle" target="_blank">xShirex</a> vs. <a href="http://pokemonshowdown.com/users/smurphisto" class="subtle" target="_blank">Smurphisto</a></h1>
<script type="text/plain" class="battle-log-data">|j|xShirex
|j|Smurphisto
|player|p1|xShirex|153
|player|p2|Smurphisto|265
|gametype|singles
|gen|6
|tier|NU
|rated
|seed|45897,42233,45990,16662
|rule|Sleep Clause Mod: Limit one foe put to sleep
|rule|Species Clause: Limit one of each Pokémon
|rule|OHKO Clause: OHKO moves are banned
|rule|Moody Clause: Moody is banned
|rule|Evasion Moves Clause: Evasion moves are banned
|rule|Endless Battle Clause: Forcing endless battles is banned
|rule|HP Percentage Mod: HP is shown in percentages
|clearpoke
|poke|p1|Mismagius, F|item
|poke|p1|Magmortar, M|item
|poke|p1|Audino, M|item
|poke|p1|Mesprit|item
|poke|p1|Rhydon, M|item
|poke|p1|Barbaracle, M, shiny|item
|poke|p2|Scyther, M|item
|poke|p2|Aggron, M|item
|poke|p2|Mantine, M|item
|poke|p2|Torterra, M|item
|poke|p2|Pyroar, M|item
|poke|p2|Malamar, F|item
|rule|Swagger Clause: Swagger is banned
|rule|Baton Pass Clause: Limit one Baton Passer, can't pass Spe and other stats simultaneously
|teampreview
|choice|team 4, team 2, team 3, team 1, team 5, team 6|team 4, team 2, team 3, team 1, team 5, team 6
|
|start
|switch|p1a: Mesprit|Mesprit|364\/364
|switch|p2a: Torterra|Torterra, M|394\/394
|turn|1
|choice|move stealthrock|move leechseed
|
|move|p1a: Mesprit|Stealth Rock|p2a: Torterra
|-sidestart|p2: Smurphisto|move: Stealth Rock
|move|p2a: Torterra|Leech Seed|p1a: Mesprit
|-start|p1a: Mesprit|move: Leech Seed
|
|-damage|p1a: Mesprit|319\/364|[from] Leech Seed|[of] p2a: Torterra
|upkeep
|turn|2
|choice|move uturn|move gigadrain
|
|move|p1a: Mesprit|U-turn|p2a: Torterra
|-supereffective|p2a: Torterra
|-damage|p2a: Torterra|326\/394
|choice|switch 4|
|
|switch|p1a: Mismagius|Mismagius, F|324\/324
|move|p2a: Torterra|Giga Drain|p1a: Mismagius
|-damage|p1a: Mismagius|255\/324
|-heal|p2a: Torterra|361\/394|[from] drain|[of] p1a: Mismagius
|
|-heal|p2a: Torterra|385\/394|[from] item: Leftovers
|upkeep
|turn|3
|choice|move taunt|move leechseed
|
|move|p1a: Mismagius|Taunt|p2a: Torterra
|-start|p2a: Torterra|move: Taunt
|cant|p2a: Torterra|move: Taunt|Leech Seed
|
|-heal|p2a: Torterra|394\/394|[from] item: Leftovers
|upkeep
|turn|4
|choice|move willowisp|switch 5
|
|switch|p2a: Pyroar|Pyroar, M|313\/313
|-ability|p2a: Pyroar|Unnerve|p1: xShirex
|-damage|p2a: Pyroar|235\/313|[from] Stealth Rock
|move|p1a: Mismagius|Will-O-Wisp|p2a: Pyroar
|-immune|p2a: Pyroar|[msg]
|
|upkeep
|turn|5
|choice|move thunderwave|move darkpulse
|
|move|p2a: Pyroar|Dark Pulse|p1a: Mismagius
|-supereffective|p1a: Mismagius
|-damage|p1a: Mismagius|9\/324
|cant|p1a: Mismagius|flinch
|
|upkeep
|turn|6
|choice|switch 6|move darkpulse
|
|switch|p1a: Barbaracle|Barbaracle, M, shiny|285\/285
|move|p2a: Pyroar|Dark Pulse|p1a: Barbaracle
|-damage|p1a: Barbaracle|147\/285
|
|upkeep
|turn|7
|choice|move substitute|move darkpulse
|
|move|p2a: Pyroar|Dark Pulse|p1a: Barbaracle
|-damage|p1a: Barbaracle|0 fnt
|faint|p1a: Barbaracle
|
|upkeep
|choice|switch 5|
|
|switch|p1a: Rhydon|Rhydon, M|351\/351
|turn|8
|choice|move rockpolish|move darkpulse
|
|move|p2a: Pyroar|Dark Pulse|p1a: Rhydon
|-damage|p1a: Rhydon|202\/351
|move|p1a: Rhydon|Rock Polish|p1a: Rhydon
|-boost|p1a: Rhydon|spe|2
|
|upkeep
|turn|9
|choice|move earthquake|move darkpulse
|
|move|p1a: Rhydon|Earthquake|p2a: Pyroar
|-supereffective|p2a: Pyroar
|-damage|p2a: Pyroar|0 fnt
|faint|p2a: Pyroar
|
|upkeep
|choice||switch 2
|
|switch|p2a: Aggron|Aggron, M|281\/281
|-damage|p2a: Aggron|264\/281|[from] Stealth Rock
|turn|10
|choice|move earthquake|switch 3
|
|switch|p2a: Mantine|Mantine, M|334\/334
|-damage|p2a: Mantine|251\/334|[from] Stealth Rock
|move|p1a: Rhydon|Earthquake|p2a: Mantine
|-immune|p2a: Mantine|[msg]
|
|-heal|p2a: Mantine|271\/334|[from] item: Leftovers
|upkeep
|turn|11
|choice|move stoneedge|move protect
|
|move|p2a: Mantine|Protect|p2a: Mantine
|-singleturn|p2a: Mantine|Protect
|move|p1a: Rhydon|Stone Edge|p2a: Mantine
|-activate|p2a: Mantine|move: Protect
|
|-heal|p2a: Mantine|291\/334|[from] item: Leftovers
|upkeep
|turn|12
|choice|move stoneedge|switch 5
|
|switch|p2a: Torterra|Torterra, M|394\/394
|-damage|p2a: Torterra|370\/394|[from] Stealth Rock
|move|p1a: Rhydon|Stone Edge|p2a: Torterra
|-resisted|p2a: Torterra
|-damage|p2a: Torterra|313\/394
|
|-heal|p2a: Torterra|337\/394|[from] item: Leftovers
|upkeep
|turn|13
|choice|move megahorn|move gigadrain
|
|move|p1a: Rhydon|Megahorn|p2a: Torterra
|-supereffective|p2a: Torterra
|-damage|p2a: Torterra|129\/394
|move|p2a: Torterra|Giga Drain|p1a: Rhydon
|-supereffective|p1a: Rhydon
|-damage|p1a: Rhydon|0 fnt
|-heal|p2a: Torterra|230\/394|[from] drain|[of] p1a: Rhydon
|faint|p1a: Rhydon
|
|-heal|p2a: Torterra|254\/394|[from] item: Leftovers
|upkeep
|choice|switch 2|
|
|switch|p1a: Magmortar|Magmortar, M|307\/307
|turn|14
|choice|move focusblast|switch 5
|
|switch|p2a: Mantine|Mantine, M|291\/334
|-damage|p2a: Mantine|208\/334|[from] Stealth Rock
|move|p1a: Magmortar|Focus Blast|p2a: Mantine|[miss]
|-miss|p1a: Magmortar|p2a: Mantine
|
|-heal|p2a: Mantine|228\/334|[from] item: Leftovers
|upkeep
|turn|15
|choice|move thunderbolt|move defog
|
|move|p1a: Magmortar|Thunderbolt|p2a: Mantine
|-supereffective|p2a: Mantine
|-damage|p2a: Mantine|0 fnt
|faint|p2a: Mantine
|
|upkeep
|choice||switch 6
|
|switch|p2a: Malamar|Malamar, F|375\/375
|-damage|p2a: Malamar|329\/375|[from] Stealth Rock
|turn|16
|choice|switch 3|move superpower
|
|switch|p1a: Audino|Audino, M|410\/410
|move|p2a: Malamar|Superpower|p1a: Audino
|-supereffective|p1a: Audino
|-damage|p1a: Audino|222\/410
|-boost|p2a: Malamar|atk|1
|-boost|p2a: Malamar|def|1
|
|-heal|p2a: Malamar|352\/375|[from] item: Leftovers
|upkeep
|turn|17
|choice|move dazzlinggleam mega|move superpower
|
|detailschange|p1a: Audino|Audino-Mega, M
|-mega|p1a: Audino|Audino|Audinite
|move|p2a: Malamar|Superpower|p1a: Audino
|-damage|p1a: Audino|130\/410
|-boost|p2a: Malamar|atk|1
|-boost|p2a: Malamar|def|1
|move|p1a: Audino|Dazzling Gleam|p2a: Malamar
|-supereffective|p2a: Malamar
|-damage|p2a: Malamar|170\/375
|
|-heal|p2a: Malamar|193\/375|[from] item: Leftovers
|upkeep
|turn|18
|choice|move dazzlinggleam|move superpower
|
|move|p2a: Malamar|Superpower|p1a: Audino
|-damage|p1a: Audino|6\/410
|-boost|p2a: Malamar|atk|1
|-boost|p2a: Malamar|def|1
|move|p1a: Audino|Dazzling Gleam|p2a: Malamar
|-supereffective|p2a: Malamar
|-damage|p2a: Malamar|0 fnt
|faint|p2a: Malamar
|
|upkeep
|choice||switch 3
|
|switch|p2a: Aggron|Aggron, M|264\/281
|-damage|p2a: Aggron|247\/281|[from] Stealth Rock
|turn|19
|choice|move wish|move rockpolish
|
|move|p2a: Aggron|Rock Polish|p2a: Aggron
|-boost|p2a: Aggron|spe|2
|move|p1a: Audino|Wish|p1a: Audino
|
|upkeep
|turn|20
|choice|move protect|move rockpolish
|
|move|p1a: Audino|Protect|p1a: Audino
|-singleturn|p1a: Audino|Protect
|move|p2a: Aggron|Rock Polish|p2a: Aggron
|-boost|p2a: Aggron|spe|2
|
|-heal|p1a: Audino|211\/410|[from] move: Wish|[wisher] Audino
|upkeep
|turn|21
|j|KoreanSeed
|choice|move wish|move heavyslam
|
|move|p2a: Aggron|Heavy Slam|p1a: Audino
|-supereffective|p1a: Audino
|-damage|p1a: Audino|0 fnt
|faint|p1a: Audino
|
|upkeep
|choice|switch 3|
|
|switch|p1a: Magmortar|Magmortar, M|307\/307
|turn|22
|choice|move focusblast|move stoneedge
|
|move|p2a: Aggron|Stone Edge|p1a: Magmortar|[miss]
|-miss|p2a: Aggron|p1a: Magmortar
|move|p1a: Magmortar|Focus Blast|p2a: Aggron
|-supereffective|p2a: Aggron
|-damage|p2a: Aggron|0 fnt
|faint|p2a: Aggron
|
|upkeep
|choice||switch 4
|
|switch|p2a: Scyther|Scyther, M|344\/344
|-damage|p2a: Scyther|172\/344|[from] Stealth Rock
|turn|23
|choice|move thunderbolt|move aerialace
|
|move|p2a: Scyther|Aerial Ace|p1a: Magmortar
|-damage|p1a: Magmortar|123\/307
|move|p1a: Magmortar|Thunderbolt|p2a: Scyther
|-supereffective|p2a: Scyther
|-damage|p2a: Scyther|0 fnt
|faint|p2a: Scyther
|
|upkeep
|choice||switch 5
|
|switch|p2a: Torterra|Torterra, M|254\/394
|-damage|p2a: Torterra|230\/394|[from] Stealth Rock
|turn|24
|choice|move fireblast|move leechseed
|
|move|p1a: Magmortar|Fire Blast|p2a: Torterra
|-supereffective|p2a: Torterra
|-damage|p2a: Torterra|0 fnt
|faint|p2a: Torterra
|
|win|xShirex
|player|p1
|player|p2
|raw|xShirex's rating: 1166 &rarr; <strong>1185<\/strong><br \/>(+19 for winning)
|raw|Smurphisto's rating: 1075 &rarr; <strong>1059<\/strong><br \/>(-16 for losing)
|l|Smurphisto</script>
</div>
<div class="battle-log battle-log-inline"><div class="inner"><div class="battle-options"></div><div class="inner"><div class="chat"><small>xShirex joined.</small></div><div class="chat"><small>Smurphisto joined.</small></div><div class=""><small>Format:</small> <br><strong>NU</strong></div><div class="rated"><strong>Rated battle</strong></div><div class=""><small><em>Sleep Clause Mod:</em> Limit one foe put to sleep</small></div><div class=""><small><em>Species Clause:</em> Limit one of each Pokémon</small></div><div class=""><small><em>OHKO Clause:</em> OHKO moves are banned</small></div><div class=""><small><em>Moody Clause:</em> Moody is banned</small></div><div class=""><small><em>Evasion Moves Clause:</em> Evasion moves are banned</small></div><div class=""><small><em>Endless Battle Clause:</em> Forcing endless battles is banned</small></div><div class=""><small><em>HP Percentage Mod:</em> HP is shown in percentages</small></div><div class=""><small><em>Swagger Clause:</em> Swagger is banned</small></div><div class=""><small><em>Baton Pass Clause:</em> Limit one Baton Passer, can't pass Spe and other stats simultaneously</small></div><div class="chat battle-history"><strong>xShirex's team:</strong> <em style="color:#445566;display:block;">Mismagius / Magmortar / Audino / Mesprit / Rhydon / Barbaracle</em></div><div class="chat battle-history"><strong>Smurphisto's team:</strong> <em style="color:#445566;display:block;">Scyther / Aggron / Mantine / Torterra / Pyroar / Malamar</em></div><div class="spacer battle-history"><br></div><div class="battle-history">Battle started between xShirex and Smurphisto!<br></div><div class="spacer battle-history"><br></div><div class="battle-history">Go! <strong>Mesprit</strong>!<br></div><div class="spacer battle-history"><br></div><div class="battle-history">Smurphisto sent out <strong>Torterra</strong>!<br></div><div class="spacer battle-history"><br></div><h2 class="battle-history">Turn 1</h2><div class="spacer battle-history"><br></div><div class="battle-history">Mesprit used <strong>Stealth Rock</strong>!<br></div><div class="battle-history"><small>Pointed stones float in the air around the opposing team!</small><br></div><div class="spacer battle-history"><br></div><div class="battle-history">The opposing Torterra used <strong>Leech Seed</strong>!<br></div><div class="battle-history"><small>Mesprit was seeded!</small><br></div><div class="spacer battle-history"><br></div><div class="battle-history"><small>Mesprit's health is sapped by Leech Seed!</small><br></div><div class="spacer battle-history"><br></div><h2 class="battle-history">Turn 2</h2><div class="spacer battle-history"><br></div><div class="battle-history">Mesprit used <strong>U-turn</strong>!<br></div><div class="battle-history"><small>It's super effective!</small><br></div><div class="battle-history"><small>(The opposing Torterra lost <abbr title="−68/394">17.3%</abbr> of its health!)</small><br></div><div class="spacer battle-history"><br></div><div class="battle-history">Mesprit went back to xShirex!<br></div><div class="battle-history">Go! <strong>Mismagius</strong>!<br></div><div class="spacer battle-history"><br></div><div class="battle-history">The opposing Torterra used <strong>Giga Drain</strong>!<br></div><div class="battle-history"><small>(Mismagius lost <abbr title="−69/324">21.3%</abbr> of its health!)</small><br></div><div class="battle-history"><small>Mismagius had its energy drained!</small><br></div><div class="spacer battle-history"><br></div><div class="battle-history"><small>The opposing Torterra restored a little HP using its Leftovers!</small><br></div><div class="spacer battle-history"><br></div><h2 class="battle-history">Turn 3</h2><div class="spacer battle-history"><br></div><div class="battle-history">Mismagius used <strong>Taunt</strong>!<br></div><div class="battle-history"><small>The opposing Torterra fell for the taunt!</small><br></div><div class="spacer battle-history"><br></div><div class="battle-history">The opposing Torterra can't use Leech Seed after the taunt!<br></div><div class="spacer battle-history"><br></div><div class="battle-history"><small>The opposing Torterra restored a little HP using its Leftovers!</small><br></div><div class="spacer battle-history"><br></div><h2 class="battle-history">Turn 4</h2><div class="spacer battle-history"><br></div><div class="battle-history">Smurphisto withdrew Torterra!<br></div><div class="battle-history">Smurphisto sent out <strong>Pyroar</strong>!<br></div><div class="battle-history"><small>[The opposing Pyroar's Unnerve]</small><br><small>Your team is too nervous to eat Berries!</small><br></div><div class="battle-history"><small>Pointed stones dug into the opposing Pyroar!</small><br></div><div class="spacer battle-history"><br></div><div class="battle-history">Mismagius used <strong>Will-O-Wisp</strong>!<br></div><div class="battle-history"><small>It doesn't affect the opposing Pyroar...</small><br></div><div class="spacer battle-history"><br></div><h2 class="battle-history">Turn 5</h2><div class="spacer battle-history"><br></div><div class="battle-history">The opposing Pyroar used <strong>Dark Pulse</strong>!<br></div><div class="battle-history"><small>It's super effective!</small><br></div><div class="battle-history"><small>(Mismagius lost <abbr title="−246/324">75.9%</abbr> of its health!)</small><br></div><div class="spacer battle-history"><br></div><div class="battle-history">Mismagius flinched and couldn't move!<br></div><div class="spacer battle-history"><br></div><h2 class="battle-history">Turn 6</h2><div class="spacer battle-history"><br></div><div class="battle-history">Mismagius, come back!<br></div><div class="battle-history">Go! <strong>Barbaracle</strong>!<br></div><div class="spacer battle-history"><br></div><div class="battle-history">The opposing Pyroar used <strong>Dark Pulse</strong>!<br></div><div class="battle-history"><small>(Barbaracle lost <abbr title="−138/285">48.4%</abbr> of its health!)</small><br></div><div class="spacer battle-history"><br></div><h2 class="battle-history">Turn 7</h2><div class="spacer battle-history"><br></div><div class="battle-history">The opposing Pyroar used <strong>Dark Pulse</strong>!<br></div><div class="battle-history"><small>(Barbaracle lost <abbr title="−147/285">51.6%</abbr> of its health!)</small><br></div><div class="spacer battle-history"><br></div><div class="battle-history">Barbaracle fainted!<br></div><div class="spacer battle-history"><br></div><div class="battle-history">Go! <strong>Rhydon</strong>!<br></div><div class="spacer battle-history"><br></div><h2 class="battle-history">Turn 8</h2><div class="spacer battle-history"><br></div><div class="battle-history">The opposing Pyroar used <strong>Dark Pulse</strong>!<br></div><div class="battle-history"><small>(Rhydon lost <abbr title="−149/351">42.5%</abbr> of its health!)</small><br></div><div class="spacer battle-history"><br></div><div class="battle-history">Rhydon used <strong>Rock Polish</strong>!<br></div><div class="battle-history"><small>Rhydon's Speed rose sharply!</small><br></div><div class="spacer battle-history"><br></div><h2 class="battle-history">Turn 9</h2><div class="spacer battle-history"><br></div><div class="battle-history">Rhydon used <strong>Earthquake</strong>!<br></div><div class="battle-history"><small>It's super effective!</small><br></div><div class="battle-history"><small>(The opposing Pyroar lost <abbr title="−235/313">75.1%</abbr> of its health!)</small><br></div><div class="spacer battle-history"><br></div><div class="battle-history">The opposing Pyroar fainted!<br></div><div class="spacer battle-history"><br></div><div class="battle-history">Smurphisto sent out <strong>Aggron</strong>!<br></div><div class="battle-history"><small>Pointed stones dug into the opposing Aggron!</small><br></div><div class="spacer battle-history"><br></div><h2 class="battle-history">Turn 10</h2><div class="spacer battle-history"><br></div><div class="battle-history">Smurphisto withdrew Aggron!<br></div><div class="battle-history">Smurphisto sent out <strong>Mantine</strong>!<br></div><div class="battle-history"><small>Pointed stones dug into the opposing Mantine!</small><br></div><div class="spacer battle-history"><br></div><div class="battle-history">Rhydon used <strong>Earthquake</strong>!<br></div><div class="battle-history"><small>It doesn't affect the opposing Mantine...</small><br></div><div class="spacer battle-history"><br></div><div class="battle-history"><small>The opposing Mantine restored a little HP using its Leftovers!</small><br></div><div class="spacer battle-history"><br></div><h2 class="battle-history">Turn 11</h2><div class="spacer battle-history"><br></div><div class="battle-history">The opposing Mantine used <strong>Protect</strong>!<br></div><div class="battle-history"><small>The opposing Mantine protected itself!</small><br></div><div class="spacer battle-history"><br></div><div class="battle-history">Rhydon used <strong>Stone Edge</strong>!<br></div><div class="battle-history"><small>The opposing Mantine protected itself!</small><br></div><div class="spacer battle-history"><br></div><div class="battle-history"><small>The opposing Mantine restored a little HP using its Leftovers!</small><br></div><div class="spacer battle-history"><br></div><h2 class="battle-history">Turn 12</h2><div class="spacer battle-history"><br></div><div class="battle-history">Smurphisto withdrew Mantine!<br></div><div class="battle-history">Smurphisto sent out <strong>Torterra</strong>!<br></div><div class="battle-history"><small>Pointed stones dug into the opposing Torterra!</small><br></div><div class="spacer battle-history"><br></div><div class="battle-history">Rhydon used <strong>Stone Edge</strong>!<br></div><div class="battle-history"><small>It's not very effective...</small><br></div><div class="battle-history"><small>(The opposing Torterra lost <abbr title="−57/394">14.5%</abbr> of its health!)</small><br></div><div class="spacer battle-history"><br></div><div class="battle-history"><small>The opposing Torterra restored a little HP using its Leftovers!</small><br></div><div class="spacer battle-history"><br></div><h2 class="battle-history">Turn 13</h2><div class="spacer battle-history"><br></div><div class="battle-history">Rhydon used <strong>Megahorn</strong>!<br></div><div class="battle-history"><small>It's super effective!</small><br></div><div class="battle-history"><small>(The opposing Torterra lost <abbr title="−208/394">52.8%</abbr> of its health!)</small><br></div><div class="spacer battle-history"><br></div><div class="battle-history">The opposing Torterra used <strong>Giga Drain</strong>!<br></div><div class="battle-history"><small>It's super effective!</small><br></div><div class="battle-history"><small>(Rhydon lost <abbr title="−202/351">57.5%</abbr> of its health!)</small><br></div><div class="battle-history"><small>Rhydon had its energy drained!</small><br></div><div class="spacer battle-history"><br></div><div class="battle-history">Rhydon fainted!<br></div><div class="spacer battle-history"><br></div><div class="battle-history"><small>The opposing Torterra restored a little HP using its Leftovers!</small><br></div><div class="spacer battle-history"><br></div><div class="battle-history">Go! <strong>Magmortar</strong>!<br></div><div class="spacer battle-history"><br></div><h2 class="battle-history">Turn 14</h2><div class="spacer battle-history"><br></div><div class="battle-history">Smurphisto withdrew Torterra!<br></div><div class="battle-history">Smurphisto sent out <strong>Mantine</strong>!<br></div><div class="battle-history"><small>Pointed stones dug into the opposing Mantine!</small><br></div><div class="spacer battle-history"><br></div><div class="battle-history">Magmortar used <strong>Focus Blast</strong>!<br></div><div class="battle-history"><small>The opposing Mantine avoided the attack!</small><br></div><div class="spacer battle-history"><br></div><div class="battle-history"><small>The opposing Mantine restored a little HP using its Leftovers!</small><br></div><div class="spacer battle-history"><br></div><h2 class="battle-history">Turn 15</h2><div class="spacer battle-history"><br></div><div class="battle-history">Magmortar used <strong>Thunderbolt</strong>!<br></div><div class="battle-history"><small>It's super effective!</small><br></div><div class="battle-history"><small>(The opposing Mantine lost <abbr title="−228/334">68.3%</abbr> of its health!)</small><br></div><div class="spacer battle-history"><br></div><div class="battle-history">The opposing Mantine fainted!<br></div><div class="spacer battle-history"><br></div><div class="battle-history">Smurphisto sent out <strong>Malamar</strong>!<br></div><div class="battle-history"><small>Pointed stones dug into the opposing Malamar!</small><br></div><div class="spacer battle-history"><br></div><h2 class="battle-history">Turn 16</h2><div class="spacer battle-history"><br></div><div class="battle-history">Magmortar, come back!<br></div><div class="battle-history">Go! <strong>Audino</strong>!<br></div><div class="spacer battle-history"><br></div><div class="battle-history">The opposing Malamar used <strong>Superpower</strong>!<br></div><div class="battle-history"><small>It's super effective!</small><br></div><div class="battle-history"><small>(Audino lost <abbr title="−188/410">45.9%</abbr> of its health!)</small><br></div><div class="battle-history"><small>The opposing Malamar's Attack rose!</small><br></div><div class="battle-history"><small>The opposing Malamar's Defense rose!</small><br></div><div class="spacer battle-history"><br></div><div class="battle-history"><small>The opposing Malamar restored a little HP using its Leftovers!</small><br></div><div class="spacer battle-history"><br></div><h2 class="battle-history">Turn 17</h2><div class="spacer battle-history"><br></div><div class="battle-history"><small>Audino's Audinite is reacting to xShirex's Mega Bracelet!</small><br>Audino has Mega Evolved into Mega Audino!<br></div><div class="spacer battle-history"><br></div><div class="battle-history">The opposing Malamar used <strong>Superpower</strong>!<br></div><div class="battle-history"><small>(Audino lost <abbr title="−92/410">22.4%</abbr> of its health!)</small><br></div><div class="battle-history"><small>The opposing Malamar's Attack rose!</small><br></div><div class="battle-history"><small>The opposing Malamar's Defense rose!</small><br></div><div class="spacer battle-history"><br></div><div class="battle-history">Audino used <strong>Dazzling Gleam</strong>!<br></div><div class="battle-history"><small>It's super effective!</small><br></div><div class="battle-history"><small>(The opposing Malamar lost <abbr title="−182/375">48.5%</abbr> of its health!)</small><br></div><div class="spacer battle-history"><br></div><div class="battle-history"><small>The opposing Malamar restored a little HP using its Leftovers!</small><br></div><div class="spacer battle-history"><br></div><h2 class="battle-history">Turn 18</h2><div class="spacer battle-history"><br></div><div class="battle-history">The opposing Malamar used <strong>Superpower</strong>!<br></div><div class="battle-history"><small>(Audino lost <abbr title="−124/410">30.2%</abbr> of its health!)</small><br></div><div class="battle-history"><small>The opposing Malamar's Attack rose!</small><br></div><div class="battle-history"><small>The opposing Malamar's Defense rose!</small><br></div><div class="spacer battle-history"><br></div><div class="battle-history">Audino used <strong>Dazzling Gleam</strong>!<br></div><div class="battle-history"><small>It's super effective!</small><br></div><div class="battle-history"><small>(The opposing Malamar lost <abbr title="−193/375">51.5%</abbr> of its health!)</small><br></div><div class="spacer battle-history"><br></div><div class="battle-history">The opposing Malamar fainted!<br></div><div class="spacer battle-history"><br></div><div class="battle-history">Smurphisto sent out <strong>Aggron</strong>!<br></div><div class="battle-history"><small>Pointed stones dug into the opposing Aggron!</small><br></div><div class="spacer battle-history"><br></div><h2 class="battle-history">Turn 19</h2><div class="spacer battle-history"><br></div><div class="battle-history">The opposing Aggron used <strong>Rock Polish</strong>!<br></div><div class="battle-history"><small>The opposing Aggron's Speed rose sharply!</small><br></div><div class="spacer battle-history"><br></div><div class="battle-history">Audino used <strong>Wish</strong>!<br></div><div class="spacer battle-history"><br></div><h2 class="battle-history">Turn 20</h2><div class="spacer battle-history"><br></div><div class="battle-history">Audino used <strong>Protect</strong>!<br></div><div class="battle-history"><small>Audino protected itself!</small><br></div><div class="spacer battle-history"><br></div><div class="battle-history">The opposing Aggron used <strong>Rock Polish</strong>!<br></div><div class="battle-history"><small>The opposing Aggron's Speed rose sharply!</small><br></div><div class="spacer battle-history"><br></div><div class="battle-history"><small>Audino's wish came true!</small><br></div><div class="spacer battle-history"><br></div><h2 class="battle-history">Turn 21</h2><div class="chat"><small>KoreanSeed joined.</small></div><div class="spacer battle-history"><br></div><div class="battle-history">The opposing Aggron used <strong>Heavy Slam</strong>!<br></div><div class="battle-history"><small>It's super effective!</small><br></div><div class="battle-history"><small>(Audino lost <abbr title="−211/410">51.5%</abbr> of its health!)</small><br></div><div class="spacer battle-history"><br></div><div class="battle-history">Audino fainted!<br></div><div class="spacer battle-history"><br></div><div class="battle-history">Go! <strong>Magmortar</strong>!<br></div><div class="spacer battle-history"><br></div><h2 class="battle-history">Turn 22</h2><div class="spacer battle-history"><br></div><div class="battle-history">The opposing Aggron used <strong>Stone Edge</strong>!<br></div><div class="battle-history"><small>Magmortar avoided the attack!</small><br></div><div class="spacer battle-history"><br></div><div class="battle-history">Magmortar used <strong>Focus Blast</strong>!<br></div><div class="battle-history"><small>It's super effective!</small><br></div><div class="battle-history"><small>(The opposing Aggron lost <abbr title="−247/281">87.9%</abbr> of its health!)</small><br></div><div class="spacer battle-history"><br></div><div class="battle-history">The opposing Aggron fainted!<br></div><div class="spacer battle-history"><br></div><div class="battle-history">Smurphisto sent out <strong>Scyther</strong>!<br></div><div class="battle-history"><small>Pointed stones dug into the opposing Scyther!</small><br></div><div class="spacer battle-history"><br></div><h2 class="battle-history">Turn 23</h2><div class="spacer battle-history"><br></div><div class="battle-history">The opposing Scyther used <strong>Aerial Ace</strong>!<br></div><div class="battle-history"><small>(Magmortar lost <abbr title="−184/307">59.9%</abbr> of its health!)</small><br></div><div class="spacer battle-history"><br></div><div class="battle-history">Magmortar used <strong>Thunderbolt</strong>!<br></div><div class="battle-history"><small>It's super effective!</small><br></div><div class="battle-history"><small>(The opposing Scyther lost <abbr title="−172/344">50%</abbr> of its health!)</small><br></div><div class="spacer battle-history"><br></div><div class="battle-history">The opposing Scyther fainted!<br></div><div class="spacer battle-history"><br></div><div class="battle-history">Smurphisto sent out <strong>Torterra</strong>!<br></div><div class="battle-history"><small>Pointed stones dug into the opposing Torterra!</small><br></div><div class="spacer battle-history"><br></div><h2 class="battle-history">Turn 24</h2><div class="spacer battle-history"><br></div><div class="battle-history">Magmortar used <strong>Fire Blast</strong>!<br></div><div class="battle-history"><small>It's super effective!</small><br></div><div class="battle-history"><small>(The opposing Torterra lost <abbr title="−230/394">58.4%</abbr> of its health!)</small><br></div><div class="spacer battle-history"><br></div><div class="battle-history">The opposing Torterra fainted!<br></div><div class="spacer battle-history"><br></div><div class="battle-history"><strong>xShirex</strong> won the battle!<br></div><div class="chat">xShirex's rating: 1166 → <strong>1185</strong><br>(+19 for winning)</div><div class="chat">Smurphisto's rating: 1075 → <strong>1059</strong><br>(-16 for losing)</div><div class="chat"><small>Smurphisto left.</small></div></div><div class="inner-preempt"></div></div></div>
</div>
<script>
let daily = Math.floor(Date.now()/1000/60/60/24);document.write('<script src="https://play.pokemonshowdown.com/js/replay-embed.js?version'+daily+'"></'+'script>');
</script>
