<!DOCTYPE html>
<meta charset="utf-8" />
<!-- version 1 -->
<title>NU replay: tiru vs. WorstPlayerEva</title>
<style>
html,body {font-family:Verdana, sans-serif;font-size:10pt;margin:0;padding:0;}body{padding:12px 0;} .battle-log {font-family:Verdana, sans-serif;font-size:10pt;} .battle-log-inline {border:1px solid #AAAAAA;background:#EEF2F5;color:black;max-width:640px;margin:0 auto 80px;padding-bottom:5px;} .battle-log .inner {padding:4px 8px 0px 8px;} .battle-log .inner-preempt {padding:0 8px 4px 8px;} .battle-log .inner-after {margin-top:0.5em;} .battle-log h2 {margin:0.5em -8px;padding:4px 8px;border:1px solid #AAAAAA;background:#E0E7EA;border-left:0;border-right:0;font-family:Verdana, sans-serif;font-size:13pt;} .battle-log .chat {vertical-align:middle;padding:3px 0 3px 0;font-size:8pt;} .battle-log .chat strong {color:#40576A;} .battle-log .chat em {padding:1px 4px 1px 3px;color:#000000;font-style:normal;} .chat.mine {background:rgba(0,0,0,0.05);margin-left:-8px;margin-right:-8px;padding-left:8px;padding-right:8px;} .spoiler {color:#BBBBBB;background:#BBBBBB;padding:0px 3px;} .spoiler:hover, .spoiler:active, .spoiler-shown {color:#000000;background:#E2E2E2;padding:0px 3px;} .spoiler a {color:#BBBBBB;} .spoiler:hover a, .spoiler:active a, .spoiler-shown a {color:#2288CC;} .chat code, .chat .spoiler:hover code, .chat .spoiler:active code, .chat .spoiler-shown code {border:1px solid #C0C0C0;background:#EEEEEE;color:black;padding:0 2px;} .chat .spoiler code {border:1px solid #CCCCCC;background:#CCCCCC;color:#CCCCCC;} .battle-log .rated {padding:3px 4px;} .battle-log .rated strong {color:white;background:#89A;padding:1px 4px;border-radius:4px;} .spacer {margin-top:0.5em;} .message-announce {background:#6688AA;color:white;padding:1px 4px 2px;} .message-announce a, .broadcast-green a, .broadcast-blue a, .broadcast-red a {color:#DDEEFF;} .broadcast-green {background-color:#559955;color:white;padding:2px 4px;} .broadcast-blue {background-color:#6688AA;color:white;padding:2px 4px;} .infobox {border:1px solid #6688AA;padding:2px 4px;} .infobox-limited {max-height:200px;overflow:auto;overflow-x:hidden;} .broadcast-red {background-color:#AA5544;color:white;padding:2px 4px;} .message-learn-canlearn {font-weight:bold;color:#228822;text-decoration:underline;} .message-learn-cannotlearn {font-weight:bold;color:#CC2222;text-decoration:underline;} .message-effect-weak {font-weight:bold;color:#CC2222;} .message-effect-resist {font-weight:bold;color:#6688AA;} .message-effect-immune {font-weight:bold;color:#666666;} .message-learn-list {margin-top:0;margin-bottom:0;} .message-throttle-notice, .message-error {color:#992222;} .message-overflow, .chat small.message-overflow {font-size:0pt;} .message-overflow::before {font-size:9pt;content:'...';} .subtle {color:#3A4A66;}
</style>
<div class="wrapper replay-wrapper" style="max-width:1180px;margin:0 auto">
<input type="hidden" name="replayid" value="nu-509180801" />
<div class="battle"></div><div class="battle-log"></div><div class="replay-controls"></div><div class="replay-controls-2"></div>
<h1 style="font-weight:normal;text-align:center"><strong>NU</strong><br /><a href="http://pokemonshowdown.com/users/tiru" class="subtle" target="_blank">tiru</a> vs. <a href="http://pokemonshowdown.com/users/worstplayereva" class="subtle" target="_blank">WorstPlayerEva</a></h1>
<script type="text/plain" class="battle-log-data">|j|tiru
|j|WorstPlayerEva
|player|p1|tiru|177
|player|p2|WorstPlayerEva|96
|gametype|singles
|gen|6
|tier|NU
|seed|47380,57851,55339,53954
|rule|Sleep Clause Mod: Limit one foe put to sleep
|rule|Species Clause: Limit one of each Pokémon
|rule|OHKO Clause: OHKO moves are banned
|rule|Moody Clause: Moody is banned
|rule|Evasion Moves Clause: Evasion moves are banned
|rule|Endless Battle Clause: Forcing endless battles is banned
|rule|HP Percentage Mod: HP is shown in percentages
|clearpoke
|poke|p1|Swellow, M|item
|poke|p1|Meowstic, M|item
|poke|p1|Persian, M|item
|poke|p1|Chatot, F|item
|poke|p1|Vibrava, M|item
|poke|p1|Liepard, M|item
|poke|p2|Ludicolo, F|item
|poke|p2|Liepard, F|item
|poke|p2|Poliwrath, M|item
|poke|p2|Regirock|item
|poke|p2|Kabutops, M|item
|poke|p2|Rotom-Fan|item
|rule|Swagger Clause: Swagger is banned
|rule|Baton Pass Clause: Limit one Baton Passer, can't pass Spe and other stats simultaneously
|teampreview
|choice|team 6, team 2, team 3, team 4, team 5, team 1|team 2, team 1, team 3, team 4, team 5, team 6
|
|start
|switch|p1a: Liepard|Liepard, M|332\/332
|switch|p2a: Liepard|Liepard, F|269\/269
|turn|1
|choice|move assist|move uturn
|
|move|p1a: Liepard|Assist|p1a: Liepard
|move|p1a: Liepard|Boomburst|p2a: Liepard|[from]Assist
|-damage|p2a: Liepard|0 fnt
|faint|p2a: Liepard
|
|upkeep
|c|★WorstPlayerEva|O.o
|choice||switch 4
|
|switch|p2a: Regirock|Regirock|364\/364
|turn|2
|choice|switch 5|move drainpunch
|
|switch|p1a: Vibrava|Vibrava, M|277\/277
|move|p2a: Regirock|Drain Punch|p1a: Vibrava
|-damage|p1a: Vibrava|185\/277
|
|upkeep
|turn|3
|j|MortyTheGymLeader
|choice|move dig|move stealthrock
|
|move|p1a: Vibrava|Dig|p2a: Regirock|[still]
|-prepare|p1a: Vibrava|Dig|p2a: Regirock
|move|p2a: Regirock|Stealth Rock|p1a: Vibrava
|-sidestart|p1: tiru|move: Stealth Rock
|
|upkeep
|turn|4
|choice|move dig 1|move thunderwave
|
|move|p1a: Vibrava|Dig|p2a: Regirock|[from]lockedmove
|-supereffective|p2a: Regirock
|-damage|p2a: Regirock|292\/364
|move|p2a: Regirock|Thunder Wave|p1a: Vibrava
|-immune|p1a: Vibrava|[msg]
|
|-heal|p2a: Regirock|314\/364|[from] item: Leftovers
|upkeep
|turn|5
|choice|move boomburst|move drainpunch
|
|move|p1a: Vibrava|Boomburst|p2a: Regirock
|-resisted|p2a: Regirock
|-damage|p2a: Regirock|262\/364
|move|p2a: Regirock|Drain Punch|p1a: Vibrava
|-damage|p1a: Vibrava|86\/277
|-heal|p2a: Regirock|312\/364|[from] drain|[of] p1a: Vibrava
|
|-heal|p2a: Regirock|334\/364|[from] item: Leftovers
|upkeep
|turn|6
|choice|move dig|move drainpunch
|
|move|p1a: Vibrava|Dig|p2a: Regirock|[still]
|-prepare|p1a: Vibrava|Dig|p2a: Regirock
|move|p2a: Regirock|Drain Punch|p1a: Vibrava|[miss]
|-miss|p2a: Regirock|p1a: Vibrava
|
|-heal|p2a: Regirock|356\/364|[from] item: Leftovers
|upkeep
|turn|7
|choice|move dig 1|move drainpunch
|
|move|p1a: Vibrava|Dig|p2a: Regirock|[from]lockedmove
|-supereffective|p2a: Regirock
|-damage|p2a: Regirock|288\/364
|move|p2a: Regirock|Drain Punch|p1a: Vibrava
|-damage|p1a: Vibrava|0 fnt
|-heal|p2a: Regirock|331\/364|[from] drain|[of] p1a: Vibrava
|faint|p1a: Vibrava
|
|-heal|p2a: Regirock|353\/364|[from] item: Leftovers
|upkeep
|choice|switch 2|
|
|switch|p1a: Meowstic|Meowstic, M|289\/289
|-damage|p1a: Meowstic|253\/289|[from] Stealth Rock
|turn|8
|choice|move assist|move thunderwave
|
|move|p1a: Meowstic|Assist|p1a: Meowstic
|move|p1a: Meowstic|Boomburst|p2a: Regirock|[from]Assist
|-resisted|p2a: Regirock
|-crit|p2a: Regirock
|-damage|p2a: Regirock|193\/364
|move|p2a: Regirock|Thunder Wave|p1a: Meowstic
|-status|p1a: Meowstic|par
|
|-heal|p2a: Regirock|215\/364|[from] item: Leftovers
|upkeep
|turn|9
|choice|move assist|switch 2
|
|switch|p2a: Ludicolo|Ludicolo, F|301\/301
|move|p1a: Meowstic|Assist|p1a: Meowstic
|move|p1a: Meowstic|Boomburst|p2a: Ludicolo|[from]Assist
|-damage|p2a: Ludicolo|92\/301
|
|upkeep
|turn|10
|choice|move assist|switch 2
|
|switch|p2a: Regirock|Regirock|215\/364
|move|p1a: Meowstic|Assist|p1a: Meowstic
|move|p1a: Meowstic|Boomburst|p2a: Regirock|[from]Assist
|-resisted|p2a: Regirock
|-damage|p2a: Regirock|114\/364
|
|-heal|p2a: Regirock|136\/364|[from] item: Leftovers
|upkeep
|turn|11
|choice|move assist|move drainpunch
|
|move|p1a: Meowstic|Assist|p1a: Meowstic
|move|p1a: Meowstic|Boomburst|p2a: Regirock|[from]Assist
|-resisted|p2a: Regirock
|-damage|p2a: Regirock|38\/364
|move|p2a: Regirock|Drain Punch|p1a: Meowstic
|-resisted|p1a: Meowstic
|-damage|p1a: Meowstic|205\/289 par
|-heal|p2a: Regirock|62\/364|[from] drain|[of] p1a: Meowstic
|
|-heal|p2a: Regirock|84\/364|[from] item: Leftovers
|upkeep
|turn|12
|choice|move assist|move drainpunch
|
|cant|p1a: Meowstic|par
|move|p2a: Regirock|Drain Punch|p1a: Meowstic
|-resisted|p1a: Meowstic
|-damage|p1a: Meowstic|153\/289 par
|-heal|p2a: Regirock|110\/364|[from] drain|[of] p1a: Meowstic
|
|-heal|p2a: Regirock|132\/364|[from] item: Leftovers
|upkeep
|turn|13
|choice|move assist|move drainpunch
|
|move|p1a: Meowstic|Assist|p1a: Meowstic
|move|p1a: Meowstic|Boomburst|p2a: Regirock|[from]Assist
|-resisted|p2a: Regirock
|-damage|p2a: Regirock|38\/364
|move|p2a: Regirock|Drain Punch|p1a: Meowstic
|-resisted|p1a: Meowstic
|-damage|p1a: Meowstic|100\/289 par
|-heal|p2a: Regirock|65\/364|[from] drain|[of] p1a: Meowstic
|
|-heal|p2a: Regirock|87\/364|[from] item: Leftovers
|upkeep
|turn|14
|choice|move assist|move drainpunch
|
|move|p1a: Meowstic|Assist|p1a: Meowstic
|move|p1a: Meowstic|Boomburst|p2a: Regirock|[from]Assist
|-resisted|p2a: Regirock
|-crit|p2a: Regirock
|-damage|p2a: Regirock|0 fnt
|faint|p2a: Regirock
|
|upkeep
|choice||switch 5
|
|switch|p2a: Kabutops|Kabutops, M|261\/261
|turn|15
|choice|move assist|move waterfall
|
|move|p1a: Meowstic|Assist|p1a: Meowstic
|move|p1a: Meowstic|Boomburst|p2a: Kabutops|[from]Assist
|-resisted|p2a: Kabutops
|-damage|p2a: Kabutops|136\/261
|move|p2a: Kabutops|Waterfall|p1a: Meowstic
|-damage|p1a: Meowstic|0 fnt
|-damage|p2a: Kabutops|110\/261|[from] item: Life Orb
|faint|p1a: Meowstic
|
|upkeep
|choice|switch 5|
|
|switch|p1a: Liepard|Liepard, M|332\/332
|-damage|p1a: Liepard|291\/332|[from] Stealth Rock
|turn|16
|choice|move assist|move stoneedge
|
|move|p1a: Liepard|Assist|p1a: Liepard
|move|p1a: Liepard|Boomburst|p2a: Kabutops|[from]Assist
|-resisted|p2a: Kabutops
|-damage|p2a: Kabutops|0 fnt
|faint|p2a: Kabutops
|
|upkeep
|choice||switch 3
|
|switch|p2a: Poliwrath|Poliwrath, M|321\/321
|turn|17
|choice|move assist|move brickbreak
|
|move|p1a: Liepard|Assist|p1a: Liepard
|move|p1a: Liepard|Boomburst|p2a: Poliwrath|[from]Assist
|-damage|p2a: Poliwrath|74\/321
|-enditem|p2a: Poliwrath|Sitrus Berry|[eat]
|-heal|p2a: Poliwrath|154\/321|[from] item: Sitrus Berry
|move|p2a: Poliwrath|Brick Break|p1a: Liepard
|-supereffective|p1a: Liepard
|-damage|p1a: Liepard|0 fnt
|faint|p1a: Liepard
|
|upkeep
|choice|switch 6|
|
|switch|p1a: Swellow|Swellow, M|324\/324
|-damage|p1a: Swellow|243\/324|[from] Stealth Rock
|turn|18
|choice|move boomburst|move icepunch
|
|move|p1a: Swellow|Boomburst|p2a: Poliwrath
|-damage|p2a: Poliwrath|0 fnt
|faint|p2a: Poliwrath
|
|upkeep
|choice||switch 6
|
|switch|p2a: Rotom|Rotom-Fan|304\/304
|turn|19
|choice|move boomburst|move voltswitch
|
|move|p1a: Swellow|Boomburst|p2a: Rotom
|-damage|p2a: Rotom|151\/304
|move|p2a: Rotom|Volt Switch|p1a: Swellow
|-supereffective|p1a: Swellow
|-damage|p1a: Swellow|0 fnt
|faint|p1a: Swellow
|choice||switch 2
|
|switch|p2a: Ludicolo|Ludicolo, F|92\/301
|
|upkeep
|choice|switch 4|
|
|switch|p1a: Chatot|Chatot, F|320\/320
|-damage|p1a: Chatot|240\/320|[from] Stealth Rock
|turn|20
|choice|move chatter|move icebeam
|
|move|p1a: Chatot|Chatter|p2a: Ludicolo
|-supereffective|p2a: Ludicolo
|-damage|p2a: Ludicolo|0 fnt
|faint|p2a: Ludicolo
|
|upkeep
|choice||switch 2
|
|switch|p2a: Rotom|Rotom-Fan|151\/304
|turn|21
|choice|move chatter|move voltswitch
|
|move|p1a: Chatot|Chatter|p2a: Rotom
|-resisted|p2a: Rotom
|-damage|p2a: Rotom|103\/304
|-start|p2a: Rotom|confusion
|-activate|p2a: Rotom|confusion
|-damage|p2a: Rotom|82\/304|[from] confusion
|
|-heal|p2a: Rotom|101\/304|[from] item: Leftovers
|upkeep
|turn|22
|choice|move chatter|move voltswitch
|
|move|p1a: Chatot|Chatter|p2a: Rotom
|-resisted|p2a: Rotom
|-damage|p2a: Rotom|47\/304
|-activate|p2a: Rotom|confusion
|move|p2a: Rotom|Volt Switch|p1a: Chatot
|-supereffective|p1a: Chatot
|-damage|p1a: Chatot|0 fnt
|faint|p1a: Chatot
|
|-heal|p2a: Rotom|66\/304|[from] item: Leftovers
|upkeep
|choice|switch 3|
|
|switch|p1a: Persian|Persian, M|278\/278
|-damage|p1a: Persian|244\/278|[from] Stealth Rock
|turn|23
|choice|move assist|move airslash
|
|move|p1a: Persian|Assist|p1a: Persian
|move|p1a: Persian|Boomburst|p2a: Rotom|[from]Assist
|-damage|p2a: Rotom|0 fnt
|faint|p2a: Rotom
|
|win|tiru
|player|p1
|player|p2
|c|★WorstPlayerEva|gg
|c|★tiru|gg
|l|WorstPlayerEva
|l|MortyTheGymLeader</script>
</div>
<div class="battle-log battle-log-inline"><div class="inner"><div class="battle-options"></div><div class="inner"><div class="chat"><small>tiru joined.</small></div><div class="chat"><small>WorstPlayerEva joined.</small></div><div class=""><small>Format:</small> <br><strong>NU</strong></div><div class=""><small><em>Sleep Clause Mod:</em> Limit one foe put to sleep</small></div><div class=""><small><em>Species Clause:</em> Limit one of each Pokémon</small></div><div class=""><small><em>OHKO Clause:</em> OHKO moves are banned</small></div><div class=""><small><em>Moody Clause:</em> Moody is banned</small></div><div class=""><small><em>Evasion Moves Clause:</em> Evasion moves are banned</small></div><div class=""><small><em>Endless Battle Clause:</em> Forcing endless battles is banned</small></div><div class=""><small><em>HP Percentage Mod:</em> HP is shown in percentages</small></div><div class=""><small><em>Swagger Clause:</em> Swagger is banned</small></div><div class=""><small><em>Baton Pass Clause:</em> Limit one Baton Passer, can't pass Spe and other stats simultaneously</small></div><div class="chat battle-history"><strong>tiru's team:</strong> <em style="color:#445566;display:block;">Swellow / Meowstic / Persian / Chatot / Vibrava / Liepard</em></div><div class="chat battle-history"><strong>WorstPlayerEva's team:</strong> <em style="color:#445566;display:block;">Ludicolo / Liepard / Poliwrath / Regirock / Kabutops / Rotom-Fan</em></div><div class="spacer battle-history"><br></div><div class="battle-history">Battle started between tiru and WorstPlayerEva!<br></div><div class="spacer battle-history"><br></div><div class="battle-history">Go! <strong>Liepard</strong>!<br></div><div class="spacer battle-history"><br></div><div class="battle-history">WorstPlayerEva sent out <strong>Liepard</strong>!<br></div><div class="spacer battle-history"><br></div><h2 class="battle-history">Turn 1</h2><div class="spacer battle-history"><br></div><div class="battle-history">Liepard used <strong>Assist</strong>!<br></div><div class="spacer battle-history"><br></div><div class="battle-history">Liepard used <strong>Boomburst</strong>!<br></div><div class="battle-history"><small>(The opposing Liepard lost <abbr title="−269/269">100%</abbr> of its health!)</small><br></div><div class="spacer battle-history"><br></div><div class="battle-history">The opposing Liepard fainted!<br></div><div class="chat chatmessage-worstplayereva"><strong style="color:hsl(244,51%,63.19907803092032%)"><small>★</small><span class="username" data-name="WorstPlayerEva">WorstPlayerEva</span>:</strong> <em>O.o</em></div><div class="spacer battle-history"><br></div><div class="battle-history">WorstPlayerEva sent out <strong>Regirock</strong>!<br></div><div class="spacer battle-history"><br></div><h2 class="battle-history">Turn 2</h2><div class="spacer battle-history"><br></div><div class="battle-history">Liepard, come back!<br></div><div class="battle-history">Go! <strong>Vibrava</strong>!<br></div><div class="spacer battle-history"><br></div><div class="battle-history">The opposing Regirock used <strong>Drain Punch</strong>!<br></div><div class="battle-history"><small>(Vibrava lost <abbr title="−92/277">33.2%</abbr> of its health!)</small><br></div><div class="spacer battle-history"><br></div><h2 class="battle-history">Turn 3</h2><div class="chat"><small>MortyTheGymLeader joined.</small></div><div class="spacer battle-history"><br></div><div class="battle-history">Vibrava used <strong>Dig</strong>!<br></div><div class="battle-history">Vibrava burrowed its way under the ground!<br></div><div class="spacer battle-history"><br></div><div class="battle-history">The opposing Regirock used <strong>Stealth Rock</strong>!<br></div><div class="battle-history"><small>Pointed stones float in the air around your team!</small><br></div><div class="spacer battle-history"><br></div><h2 class="battle-history">Turn 4</h2><div class="spacer battle-history"><br></div><div class="battle-history">Vibrava used <strong>Dig</strong>!<br></div><div class="battle-history"><small>It's super effective!</small><br></div><div class="battle-history"><small>(The opposing Regirock lost <abbr title="−72/364">19.8%</abbr> of its health!)</small><br></div><div class="spacer battle-history"><br></div><div class="battle-history">The opposing Regirock used <strong>Thunder Wave</strong>!<br></div><div class="battle-history"><small>It doesn't affect Vibrava...</small><br></div><div class="spacer battle-history"><br></div><div class="battle-history"><small>The opposing Regirock restored a little HP using its Leftovers!</small><br></div><div class="spacer battle-history"><br></div><h2 class="battle-history">Turn 5</h2><div class="spacer battle-history"><br></div><div class="battle-history">Vibrava used <strong>Boomburst</strong>!<br></div><div class="battle-history"><small>It's not very effective...</small><br></div><div class="battle-history"><small>(The opposing Regirock lost <abbr title="−52/364">14.3%</abbr> of its health!)</small><br></div><div class="spacer battle-history"><br></div><div class="battle-history">The opposing Regirock used <strong>Drain Punch</strong>!<br></div><div class="battle-history"><small>(Vibrava lost <abbr title="−99/277">35.7%</abbr> of its health!)</small><br></div><div class="battle-history"><small>Vibrava had its energy drained!</small><br></div><div class="spacer battle-history"><br></div><div class="battle-history"><small>The opposing Regirock restored a little HP using its Leftovers!</small><br></div><div class="spacer battle-history"><br></div><h2 class="battle-history">Turn 6</h2><div class="spacer battle-history"><br></div><div class="battle-history">Vibrava used <strong>Dig</strong>!<br></div><div class="battle-history">Vibrava burrowed its way under the ground!<br></div><div class="spacer battle-history"><br></div><div class="battle-history">The opposing Regirock used <strong>Drain Punch</strong>!<br></div><div class="battle-history"><small>Vibrava avoided the attack!</small><br></div><div class="spacer battle-history"><br></div><div class="battle-history"><small>The opposing Regirock restored a little HP using its Leftovers!</small><br></div><div class="spacer battle-history"><br></div><h2 class="battle-history">Turn 7</h2><div class="spacer battle-history"><br></div><div class="battle-history">Vibrava used <strong>Dig</strong>!<br></div><div class="battle-history"><small>It's super effective!</small><br></div><div class="battle-history"><small>(The opposing Regirock lost <abbr title="−68/364">18.7%</abbr> of its health!)</small><br></div><div class="spacer battle-history"><br></div><div class="battle-history">The opposing Regirock used <strong>Drain Punch</strong>!<br></div><div class="battle-history"><small>(Vibrava lost <abbr title="−86/277">31.0%</abbr> of its health!)</small><br></div><div class="battle-history"><small>Vibrava had its energy drained!</small><br></div><div class="spacer battle-history"><br></div><div class="battle-history">Vibrava fainted!<br></div><div class="spacer battle-history"><br></div><div class="battle-history"><small>The opposing Regirock restored a little HP using its Leftovers!</small><br></div><div class="spacer battle-history"><br></div><div class="battle-history">Go! <strong>Meowstic</strong>!<br></div><div class="battle-history"><small>Pointed stones dug into Meowstic!</small><br></div><div class="spacer battle-history"><br></div><h2 class="battle-history">Turn 8</h2><div class="spacer battle-history"><br></div><div class="battle-history">Meowstic used <strong>Assist</strong>!<br></div><div class="spacer battle-history"><br></div><div class="battle-history">Meowstic used <strong>Boomburst</strong>!<br></div><div class="battle-history"><small>It's not very effective...</small><br></div><div class="battle-history"><small>A critical hit!</small><br></div><div class="battle-history"><small>(The opposing Regirock lost <abbr title="−160/364">44.0%</abbr> of its health!)</small><br></div><div class="spacer battle-history"><br></div><div class="battle-history">The opposing Regirock used <strong>Thunder Wave</strong>!<br></div><div class="battle-history"><small>Meowstic is paralyzed! It may be unable to move!</small><br></div><div class="spacer battle-history"><br></div><div class="battle-history"><small>The opposing Regirock restored a little HP using its Leftovers!</small><br></div><div class="spacer battle-history"><br></div><h2 class="battle-history">Turn 9</h2><div class="spacer battle-history"><br></div><div class="battle-history">WorstPlayerEva withdrew Regirock!<br></div><div class="battle-history">WorstPlayerEva sent out <strong>Ludicolo</strong>!<br></div><div class="spacer battle-history"><br></div><div class="battle-history">Meowstic used <strong>Assist</strong>!<br></div><div class="spacer battle-history"><br></div><div class="battle-history">Meowstic used <strong>Boomburst</strong>!<br></div><div class="battle-history"><small>(The opposing Ludicolo lost <abbr title="−209/301">69.4%</abbr> of its health!)</small><br></div><div class="spacer battle-history"><br></div><h2 class="battle-history">Turn 10</h2><div class="spacer battle-history"><br></div><div class="battle-history">WorstPlayerEva withdrew Ludicolo!<br></div><div class="battle-history">WorstPlayerEva sent out <strong>Regirock</strong>!<br></div><div class="spacer battle-history"><br></div><div class="battle-history">Meowstic used <strong>Assist</strong>!<br></div><div class="spacer battle-history"><br></div><div class="battle-history">Meowstic used <strong>Boomburst</strong>!<br></div><div class="battle-history"><small>It's not very effective...</small><br></div><div class="battle-history"><small>(The opposing Regirock lost <abbr title="−101/364">27.7%</abbr> of its health!)</small><br></div><div class="spacer battle-history"><br></div><div class="battle-history"><small>The opposing Regirock restored a little HP using its Leftovers!</small><br></div><div class="spacer battle-history"><br></div><h2 class="battle-history">Turn 11</h2><div class="spacer battle-history"><br></div><div class="battle-history">Meowstic used <strong>Assist</strong>!<br></div><div class="spacer battle-history"><br></div><div class="battle-history">Meowstic used <strong>Boomburst</strong>!<br></div><div class="battle-history"><small>It's not very effective...</small><br></div><div class="battle-history"><small>(The opposing Regirock lost <abbr title="−98/364">26.9%</abbr> of its health!)</small><br></div><div class="spacer battle-history"><br></div><div class="battle-history">The opposing Regirock used <strong>Drain Punch</strong>!<br></div><div class="battle-history"><small>It's not very effective...</small><br></div><div class="battle-history"><small>(Meowstic lost <abbr title="−48/289">16.6%</abbr> of its health!)</small><br></div><div class="battle-history"><small>Meowstic had its energy drained!</small><br></div><div class="spacer battle-history"><br></div><div class="battle-history"><small>The opposing Regirock restored a little HP using its Leftovers!</small><br></div><div class="spacer battle-history"><br></div><h2 class="battle-history">Turn 12</h2><div class="spacer battle-history"><br></div><div class="battle-history">Meowstic is paralyzed! It can't move!<br></div><div class="spacer battle-history"><br></div><div class="battle-history">The opposing Regirock used <strong>Drain Punch</strong>!<br></div><div class="battle-history"><small>It's not very effective...</small><br></div><div class="battle-history"><small>(Meowstic lost <abbr title="−52/289">18.0%</abbr> of its health!)</small><br></div><div class="battle-history"><small>Meowstic had its energy drained!</small><br></div><div class="spacer battle-history"><br></div><div class="battle-history"><small>The opposing Regirock restored a little HP using its Leftovers!</small><br></div><div class="spacer battle-history"><br></div><h2 class="battle-history">Turn 13</h2><div class="spacer battle-history"><br></div><div class="battle-history">Meowstic used <strong>Assist</strong>!<br></div><div class="spacer battle-history"><br></div><div class="battle-history">Meowstic used <strong>Boomburst</strong>!<br></div><div class="battle-history"><small>It's not very effective...</small><br></div><div class="battle-history"><small>(The opposing Regirock lost <abbr title="−94/364">25.8%</abbr> of its health!)</small><br></div><div class="spacer battle-history"><br></div><div class="battle-history">The opposing Regirock used <strong>Drain Punch</strong>!<br></div><div class="battle-history"><small>It's not very effective...</small><br></div><div class="battle-history"><small>(Meowstic lost <abbr title="−53/289">18.3%</abbr> of its health!)</small><br></div><div class="battle-history"><small>Meowstic had its energy drained!</small><br></div><div class="spacer battle-history"><br></div><div class="battle-history"><small>The opposing Regirock restored a little HP using its Leftovers!</small><br></div><div class="spacer battle-history"><br></div><h2 class="battle-history">Turn 14</h2><div class="spacer battle-history"><br></div><div class="battle-history">Meowstic used <strong>Assist</strong>!<br></div><div class="spacer battle-history"><br></div><div class="battle-history">Meowstic used <strong>Boomburst</strong>!<br></div><div class="battle-history"><small>It's not very effective...</small><br></div><div class="battle-history"><small>A critical hit!</small><br></div><div class="battle-history"><small>(The opposing Regirock lost <abbr title="−87/364">23.9%</abbr> of its health!)</small><br></div><div class="spacer battle-history"><br></div><div class="battle-history">The opposing Regirock fainted!<br></div><div class="spacer battle-history"><br></div><div class="battle-history">WorstPlayerEva sent out <strong>Kabutops</strong>!<br></div><div class="spacer battle-history"><br></div><h2 class="battle-history">Turn 15</h2><div class="spacer battle-history"><br></div><div class="battle-history">Meowstic used <strong>Assist</strong>!<br></div><div class="spacer battle-history"><br></div><div class="battle-history">Meowstic used <strong>Boomburst</strong>!<br></div><div class="battle-history"><small>It's not very effective...</small><br></div><div class="battle-history"><small>(The opposing Kabutops lost <abbr title="−125/261">47.9%</abbr> of its health!)</small><br></div><div class="spacer battle-history"><br></div><div class="battle-history">The opposing Kabutops used <strong>Waterfall</strong>!<br></div><div class="battle-history"><small>(Meowstic lost <abbr title="−100/289">34.6%</abbr> of its health!)</small><br></div><div class="battle-history"><small>The opposing Kabutops lost some of its HP!</small><br></div><div class="spacer battle-history"><br></div><div class="battle-history">Meowstic fainted!<br></div><div class="spacer battle-history"><br></div><div class="battle-history">Go! <strong>Liepard</strong>!<br></div><div class="battle-history"><small>Pointed stones dug into Liepard!</small><br></div><div class="spacer battle-history"><br></div><h2 class="battle-history">Turn 16</h2><div class="spacer battle-history"><br></div><div class="battle-history">Liepard used <strong>Assist</strong>!<br></div><div class="spacer battle-history"><br></div><div class="battle-history">Liepard used <strong>Boomburst</strong>!<br></div><div class="battle-history"><small>It's not very effective...</small><br></div><div class="battle-history"><small>(The opposing Kabutops lost <abbr title="−110/261">42.1%</abbr> of its health!)</small><br></div><div class="spacer battle-history"><br></div><div class="battle-history">The opposing Kabutops fainted!<br></div><div class="spacer battle-history"><br></div><div class="battle-history">WorstPlayerEva sent out <strong>Poliwrath</strong>!<br></div><div class="spacer battle-history"><br></div><h2 class="battle-history">Turn 17</h2><div class="spacer battle-history"><br></div><div class="battle-history">Liepard used <strong>Assist</strong>!<br></div><div class="spacer battle-history"><br></div><div class="battle-history">Liepard used <strong>Boomburst</strong>!<br></div><div class="battle-history"><small>(The opposing Poliwrath lost <abbr title="−247/321">76.9%</abbr> of its health!)</small><br></div><div class="battle-history"><small>The opposing Poliwrath ate its Sitrus Berry!</small><br></div><div class="battle-history"><small>The opposing Poliwrath restored HP using its Sitrus Berry!</small><br></div><div class="spacer battle-history"><br></div><div class="battle-history">The opposing Poliwrath used <strong>Brick Break</strong>!<br></div><div class="battle-history"><small>It's super effective!</small><br></div><div class="battle-history"><small>(Liepard lost <abbr title="−291/332">87.7%</abbr> of its health!)</small><br></div><div class="spacer battle-history"><br></div><div class="battle-history">Liepard fainted!<br></div><div class="spacer battle-history"><br></div><div class="battle-history">Go! <strong>Swellow</strong>!<br></div><div class="battle-history"><small>Pointed stones dug into Swellow!</small><br></div><div class="spacer battle-history"><br></div><h2 class="battle-history">Turn 18</h2><div class="spacer battle-history"><br></div><div class="battle-history">Swellow used <strong>Boomburst</strong>!<br></div><div class="battle-history"><small>(The opposing Poliwrath lost <abbr title="−154/321">48.0%</abbr> of its health!)</small><br></div><div class="spacer battle-history"><br></div><div class="battle-history">The opposing Poliwrath fainted!<br></div><div class="spacer battle-history"><br></div><div class="battle-history">WorstPlayerEva sent out Rotom (<strong>Rotom-Fan</strong>)!<br></div><div class="spacer battle-history"><br></div><h2 class="battle-history">Turn 19</h2><div class="spacer battle-history"><br></div><div class="battle-history">Swellow used <strong>Boomburst</strong>!<br></div><div class="battle-history"><small>(The opposing Rotom lost <abbr title="−153/304">50.3%</abbr> of its health!)</small><br></div><div class="spacer battle-history"><br></div><div class="battle-history">The opposing Rotom used <strong>Volt Switch</strong>!<br></div><div class="battle-history"><small>It's super effective!</small><br></div><div class="battle-history"><small>(Swellow lost <abbr title="−243/324">75%</abbr> of its health!)</small><br></div><div class="spacer battle-history"><br></div><div class="battle-history">Swellow fainted!<br></div><div class="spacer battle-history"><br></div><div class="battle-history">The opposing Rotom went back to WorstPlayerEva!<br></div><div class="battle-history">WorstPlayerEva sent out <strong>Ludicolo</strong>!<br></div><div class="spacer battle-history"><br></div><div class="battle-history">Go! <strong>Chatot</strong>!<br></div><div class="battle-history"><small>Pointed stones dug into Chatot!</small><br></div><div class="spacer battle-history"><br></div><h2 class="battle-history">Turn 20</h2><div class="spacer battle-history"><br></div><div class="battle-history">Chatot used <strong>Chatter</strong>!<br></div><div class="battle-history"><small>It's super effective!</small><br></div><div class="battle-history"><small>(The opposing Ludicolo lost <abbr title="−92/301">30.6%</abbr> of its health!)</small><br></div><div class="spacer battle-history"><br></div><div class="battle-history">The opposing Ludicolo fainted!<br></div><div class="spacer battle-history"><br></div><div class="battle-history">WorstPlayerEva sent out Rotom (<strong>Rotom-Fan</strong>)!<br></div><div class="spacer battle-history"><br></div><h2 class="battle-history">Turn 21</h2><div class="spacer battle-history"><br></div><div class="battle-history">Chatot used <strong>Chatter</strong>!<br></div><div class="battle-history"><small>It's not very effective...</small><br></div><div class="battle-history"><small>(The opposing Rotom lost <abbr title="−48/304">15.8%</abbr> of its health!)</small><br></div><div class="battle-history"><small>The opposing Rotom became confused!</small><br></div><div class="spacer battle-history"><br></div><div class="battle-history"><small>The opposing Rotom is confused!</small><br></div><div class="battle-history">It hurt itself in its confusion!<br></div><div class="spacer battle-history"><br></div><div class="battle-history"><small>The opposing Rotom restored a little HP using its Leftovers!</small><br></div><div class="spacer battle-history"><br></div><h2 class="battle-history">Turn 22</h2><div class="spacer battle-history"><br></div><div class="battle-history">Chatot used <strong>Chatter</strong>!<br></div><div class="battle-history"><small>It's not very effective...</small><br></div><div class="battle-history"><small>(The opposing Rotom lost <abbr title="−54/304">17.8%</abbr> of its health!)</small><br></div><div class="spacer battle-history"><br></div><div class="battle-history"><small>The opposing Rotom is confused!</small><br></div><div class="battle-history">The opposing Rotom used <strong>Volt Switch</strong>!<br></div><div class="battle-history"><small>It's super effective!</small><br></div><div class="battle-history"><small>(Chatot lost <abbr title="−240/320">75%</abbr> of its health!)</small><br></div><div class="spacer battle-history"><br></div><div class="battle-history">Chatot fainted!<br></div><div class="spacer battle-history"><br></div><div class="battle-history"><small>The opposing Rotom restored a little HP using its Leftovers!</small><br></div><div class="spacer battle-history"><br></div><div class="battle-history">Go! <strong>Persian</strong>!<br></div><div class="battle-history"><small>Pointed stones dug into Persian!</small><br></div><div class="spacer battle-history"><br></div><h2 class="battle-history">Turn 23</h2><div class="spacer battle-history"><br></div><div class="battle-history">Persian used <strong>Assist</strong>!<br></div><div class="spacer battle-history"><br></div><div class="battle-history">Persian used <strong>Boomburst</strong>!<br></div><div class="battle-history"><small>(The opposing Rotom lost <abbr title="−66/304">21.7%</abbr> of its health!)</small><br></div><div class="spacer battle-history"><br></div><div class="battle-history">The opposing Rotom fainted!<br></div><div class="spacer battle-history"><br></div><div class="battle-history"><strong>tiru</strong> won the battle!<br></div><div class="chat chatmessage-worstplayereva"><strong style="color:hsl(244,51%,63.19907803092032%)"><small>★</small><span class="username" data-name="WorstPlayerEva">WorstPlayerEva</span>:</strong> <em>gg</em></div><div class="chat chatmessage-tiru"><strong style="color:hsl(98,68%,31%)"><small>★</small><span class="username" data-name="tiru">tiru</span>:</strong> <em>gg</em></div><div class="chat"><small>WorstPlayerEva left.</small></div><div class="chat"><small>MortyTheGymLeader left.</small></div></div><div class="inner-preempt"></div></div></div>
</div>
<script>
let daily = Math.floor(Date.now()/1000/60/60/24);document.write('<script src="https://play.pokemonshowdown.com/js/replay-embed.js?version'+daily+'"></'+'script>');
</script>
