<!DOCTYPE html>
<meta charset="utf-8" />
<!-- version 1 -->
<title>NU replay: Shadowtags vs. confide</title>
<style>
html,body {font-family:Verdana, sans-serif;font-size:10pt;margin:0;padding:0;}body{padding:12px 0;} .battle-log {font-family:Verdana, sans-serif;font-size:10pt;} .battle-log-inline {border:1px solid #AAAAAA;background:#EEF2F5;color:black;max-width:640px;margin:0 auto 80px;padding-bottom:5px;} .battle-log .inner {padding:4px 8px 0px 8px;} .battle-log .inner-preempt {padding:0 8px 4px 8px;} .battle-log .inner-after {margin-top:0.5em;} .battle-log h2 {margin:0.5em -8px;padding:4px 8px;border:1px solid #AAAAAA;background:#E0E7EA;border-left:0;border-right:0;font-family:Verdana, sans-serif;font-size:13pt;} .battle-log .chat {vertical-align:middle;padding:3px 0 3px 0;font-size:8pt;} .battle-log .chat strong {color:#40576A;} .battle-log .chat em {padding:1px 4px 1px 3px;color:#000000;font-style:normal;} .chat.mine {background:rgba(0,0,0,0.05);margin-left:-8px;margin-right:-8px;padding-left:8px;padding-right:8px;} .spoiler {color:#BBBBBB;background:#BBBBBB;padding:0px 3px;} .spoiler:hover, .spoiler:active, .spoiler-shown {color:#000000;background:#E2E2E2;padding:0px 3px;} .spoiler a {color:#BBBBBB;} .spoiler:hover a, .spoiler:active a, .spoiler-shown a {color:#2288CC;} .chat code, .chat .spoiler:hover code, .chat .spoiler:active code, .chat .spoiler-shown code {border:1px solid #C0C0C0;background:#EEEEEE;color:black;padding:0 2px;} .chat .spoiler code {border:1px solid #CCCCCC;background:#CCCCCC;color:#CCCCCC;} .battle-log .rated {padding:3px 4px;} .battle-log .rated strong {color:white;background:#89A;padding:1px 4px;border-radius:4px;} .spacer {margin-top:0.5em;} .message-announce {background:#6688AA;color:white;padding:1px 4px 2px;} .message-announce a, .broadcast-green a, .broadcast-blue a, .broadcast-red a {color:#DDEEFF;} .broadcast-green {background-color:#559955;color:white;padding:2px 4px;} .broadcast-blue {background-color:#6688AA;color:white;padding:2px 4px;} .infobox {border:1px solid #6688AA;padding:2px 4px;} .infobox-limited {max-height:200px;overflow:auto;overflow-x:hidden;} .broadcast-red {background-color:#AA5544;color:white;padding:2px 4px;} .message-learn-canlearn {font-weight:bold;color:#228822;text-decoration:underline;} .message-learn-cannotlearn {font-weight:bold;color:#CC2222;text-decoration:underline;} .message-effect-weak {font-weight:bold;color:#CC2222;} .message-effect-resist {font-weight:bold;color:#6688AA;} .message-effect-immune {font-weight:bold;color:#666666;} .message-learn-list {margin-top:0;margin-bottom:0;} .message-throttle-notice, .message-error {color:#992222;} .message-overflow, .chat small.message-overflow {font-size:0pt;} .message-overflow::before {font-size:9pt;content:'...';} .subtle {color:#3A4A66;}
</style>
<div class="wrapper replay-wrapper" style="max-width:1180px;margin:0 auto">
<input type="hidden" name="replayid" value="smogtours-nu-296290" />
<div class="battle"></div><div class="battle-log"></div><div class="replay-controls"></div><div class="replay-controls-2"></div>
<h1 style="font-weight:normal;text-align:center"><strong>NU</strong><br /><a href="http://pokemonshowdown.com/users/shadowtags" class="subtle" target="_blank">Shadowtags</a> vs. <a href="http://pokemonshowdown.com/users/confide" class="subtle" target="_blank">confide</a></h1>
<script type="text/plain" class="battle-log-data">|J|Shadowtags
|J|confide
|player|p1|Shadowtags|#shadowtags
|teamsize|p1|6
|player|p2|confide|94
|teamsize|p2|6
|gametype|singles
|gen|6
|tier|NU
|seed|29157,48528,58668,26768
|rule|Sleep Clause Mod: Limit one foe put to sleep
|rule|Species Clause: Limit one of each Pokémon
|rule|OHKO Clause: OHKO moves are banned
|rule|Moody Clause: Moody is banned
|rule|Evasion Moves Clause: Evasion moves are banned
|rule|Endless Battle Clause: Forcing endless battles is banned
|rule|HP Percentage Mod: HP is shown in percentages
|clearpoke
|poke|p1|Dusclops, F|item
|poke|p1|Garbodor, M|item
|poke|p1|Steelix, M|item
|poke|p1|Hitmonchan, M|item
|poke|p1|Scyther, F|item
|poke|p1|Samurott, F|item
|poke|p2|Hitmonchan, M|item
|poke|p2|Tauros, M|item
|poke|p2|Garbodor, F|item
|poke|p2|Vivillon, M|item
|poke|p2|Steelix, M|item
|poke|p2|Barbaracle, F|item
|rule|Swagger Clause: Swagger is banned
|rule|Baton Pass Clause: Limit one Baton Passer, can't pass Spe and other stats simultaneously
|teampreview
|J|mccauley
|c|☆Shadowtags|hf
|J|Christo
|choice|team 5, team 2, team 3, team 4, team 1, team 6|team 4, team 2, team 3, team 1, team 5, team 6
|
|start
|switch|p1a: Scyther|Scyther, F|281\/281
|switch|p2a: Vivillon|Vivillon, M|301\/301
|turn|1
|L|Christo
|choice|move uturn|move sleeppowder
|
|move|p1a: Scyther|U-turn|p2a: Vivillon
|-resisted|p2a: Vivillon
|-damage|p2a: Vivillon|201\/301
|choice|switch 3|
|
|switch|p1a: Steelix|Steelix, M|353\/353
|move|p2a: Vivillon|Sleep Powder|p1a: Steelix
|-status|p1a: Steelix|slp
|
|-heal|p2a: Vivillon|219\/301|[from] item: Leftovers
|upkeep
|turn|2
|choice|switch 3|switch 6
|
|switch|p2a: Barbaracle|Barbaracle, F|285\/285
|switch|p1a: Scyther|Scyther, F|281\/281
|
|upkeep
|turn|3
|choice|move uturn|move razorshell
|
|move|p1a: Scyther|U-turn|p2a: Barbaracle
|-damage|p2a: Barbaracle|177\/285
|choice|switch 2|
|
|switch|p1a: Garbodor|Garbodor, M|361\/361
|move|p2a: Barbaracle|Razor Shell|p1a: Garbodor
|-damage|p1a: Garbodor|226\/361
|-damage|p2a: Barbaracle|130\/285|[from] item: Rocky Helmet|[of] p1a: Garbodor
|
|upkeep
|turn|4
|choice|move spikes|move razorshell
|
|move|p2a: Barbaracle|Razor Shell|p1a: Garbodor
|-damage|p1a: Garbodor|87\/361
|-damage|p2a: Barbaracle|83\/285|[from] item: Rocky Helmet|[of] p1a: Garbodor
|move|p1a: Garbodor|Spikes|p2a: Barbaracle
|-sidestart|p2: confide|Spikes
|
|upkeep
|turn|5
|choice|move spikes|move razorshell
|
|move|p2a: Barbaracle|Razor Shell|p1a: Garbodor
|-damage|p1a: Garbodor|0 fnt
|-damage|p2a: Barbaracle|12\/285|[from] ability: Aftermath|[of] p1a: Garbodor
|-damage|p2a: Barbaracle|0 fnt|[from] item: Rocky Helmet|[of] p1a: Garbodor
|faint|p2a: Barbaracle
|faint|p1a: Garbodor
|
|upkeep
|choice|switch 6|switch 3
|
|switch|p1a: Samurott|Samurott, F|331\/331
|switch|p2a: Garbodor|Garbodor, F|301\/301
|-damage|p2a: Garbodor|264\/301|[from] Spikes
|turn|6
|choice|move hydropump|move painsplit
|
|move|p1a: Samurott|Hydro Pump|p2a: Garbodor
|-damage|p2a: Garbodor|0 fnt
|-damage|p1a: Samurott|298\/331|[from] item: Life Orb
|faint|p2a: Garbodor
|
|upkeep
|choice||switch 4
|
|switch|p2a: Hitmonchan|Hitmonchan, M|241\/241
|-damage|p2a: Hitmonchan|211\/241|[from] Spikes
|turn|7
|choice|switch 5|switch 6
|
|switch|p2a: Vivillon|Vivillon, M|219\/301
|switch|p1a: Dusclops|Dusclops, F|283\/283
|-ability|p1a: Dusclops|Pressure
|
|-heal|p2a: Vivillon|237\/301|[from] item: Leftovers
|upkeep
|turn|8
|choice|move seismictoss|move substitute
|
|move|p2a: Vivillon|Substitute|p2a: Vivillon
|-start|p2a: Vivillon|Substitute
|-damage|p2a: Vivillon|162\/301
|move|p1a: Dusclops|Seismic Toss|p2a: Vivillon
|-end|p2a: Vivillon|Substitute
|
|-heal|p2a: Vivillon|180\/301|[from] item: Leftovers
|upkeep
|turn|9
|choice|move seismictoss|switch 5
|
|switch|p2a: Steelix|Steelix, M|352\/352
|-damage|p2a: Steelix|308\/352|[from] Spikes
|move|p1a: Dusclops|Seismic Toss|p2a: Steelix
|-damage|p2a: Steelix|208\/352
|
|-heal|p2a: Steelix|230\/352|[from] item: Leftovers
|upkeep
|turn|10
|choice|move willowisp|move toxic
|
|move|p2a: Steelix|Toxic|p1a: Dusclops|[miss]
|-miss|p2a: Steelix|p1a: Dusclops
|move|p1a: Dusclops|Will-O-Wisp|p2a: Steelix
|-status|p2a: Steelix|brn
|
|-heal|p2a: Steelix|252\/352 brn|[from] item: Leftovers
|-damage|p2a: Steelix|208\/352 brn|[from] brn
|upkeep
|turn|11
|c|☆Shadowtags|sry
|choice|switch 5|move stealthrock
|
|switch|p1a: Samurott|Samurott, F|298\/331
|move|p2a: Steelix|Stealth Rock|p1a: Samurott
|-sidestart|p1: Shadowtags|move: Stealth Rock
|
|-heal|p2a: Steelix|230\/352 brn|[from] item: Leftovers
|-damage|p2a: Steelix|186\/352 brn|[from] brn
|upkeep
|turn|12
|choice|move hydropump|move earthquake
|
|move|p1a: Samurott|Hydro Pump|p2a: Steelix
|-supereffective|p2a: Steelix
|-damage|p2a: Steelix|0 fnt
|-damage|p1a: Samurott|265\/331|[from] item: Life Orb
|faint|p2a: Steelix
|
|upkeep
|choice||switch 6
|
|switch|p2a: Hitmonchan|Hitmonchan, M|211\/241
|-damage|p2a: Hitmonchan|181\/241|[from] Spikes
|turn|13
|choice|switch 5|move drainpunch
|
|switch|p1a: Dusclops|Dusclops, F|283\/283
|-damage|p1a: Dusclops|248\/283|[from] Stealth Rock
|-ability|p1a: Dusclops|Pressure
|move|p2a: Hitmonchan|Drain Punch|p1a: Dusclops
|-immune|p1a: Dusclops|[msg]
|
|upkeep
|turn|14
|choice|move gravity|move icepunch
|
|move|p2a: Hitmonchan|Ice Punch|p1a: Dusclops
|-damage|p1a: Dusclops|186\/283
|-status|p1a: Dusclops|frz
|-damage|p2a: Hitmonchan|157\/241|[from] item: Life Orb
|-curestatus|p1a: Dusclops|frz|[msg]
|move|p1a: Dusclops|Gravity|p1a: Dusclops
|-fieldstart|move: Gravity
|
|upkeep
|turn|15
|choice|move willowisp|move icepunch
|
|move|p2a: Hitmonchan|Ice Punch|p1a: Dusclops
|-crit|p1a: Dusclops
|-damage|p1a: Dusclops|105\/283
|-damage|p2a: Hitmonchan|133\/241|[from] item: Life Orb
|move|p1a: Dusclops|Will-O-Wisp|p2a: Hitmonchan
|-status|p2a: Hitmonchan|brn
|
|-damage|p2a: Hitmonchan|103\/241 brn|[from] brn
|upkeep
|turn|16
|choice|switch 4|move icepunch
|
|switch|p1a: Hitmonchan|Hitmonchan, M|241\/241
|-damage|p1a: Hitmonchan|226\/241|[from] Stealth Rock
|move|p2a: Hitmonchan|Ice Punch|p1a: Hitmonchan
|-damage|p1a: Hitmonchan|140\/241
|-damage|p2a: Hitmonchan|79\/241 brn|[from] item: Life Orb
|
|-damage|p2a: Hitmonchan|49\/241 brn|[from] brn
|upkeep
|turn|17
|choice|move drainpunch|switch 5
|
|switch|p2a: Vivillon|Vivillon, M|180\/301
|-damage|p2a: Vivillon|143\/301|[from] Spikes
|move|p1a: Hitmonchan|Drain Punch|p2a: Vivillon
|-resisted|p2a: Vivillon
|-damage|p2a: Vivillon|68\/301
|-heal|p1a: Hitmonchan|178\/241|[from] drain|[of] p2a: Vivillon
|-damage|p1a: Hitmonchan|154\/241|[from] item: Life Orb
|
|-heal|p2a: Vivillon|86\/301|[from] item: Leftovers
|upkeep
|turn|18
|choice|move icepunch|move hurricane
|
|move|p2a: Vivillon|Hurricane|p1a: Hitmonchan
|-supereffective|p1a: Hitmonchan
|-damage|p1a: Hitmonchan|0 fnt
|faint|p1a: Hitmonchan
|
|-heal|p2a: Vivillon|104\/301|[from] item: Leftovers
|-fieldend|move: Gravity
|upkeep
|choice|switch 2|
|
|switch|p1a: Scyther|Scyther, F|281\/281
|-damage|p1a: Scyther|141\/281|[from] Stealth Rock
|turn|19
|choice|move wingattack|switch 5
|
|switch|p2a: Hitmonchan|Hitmonchan, M|49\/241 brn
|-damage|p2a: Hitmonchan|19\/241 brn|[from] Spikes
|move|p1a: Scyther|Wing Attack|p2a: Hitmonchan
|-supereffective|p2a: Hitmonchan
|-damage|p2a: Hitmonchan|0 fnt
|faint|p2a: Hitmonchan
|
|upkeep
|choice||switch 2
|
|switch|p2a: Tauros|Tauros, M|291\/291
|-damage|p2a: Tauros|255\/291|[from] Spikes
|turn|20
|choice|switch 4|move fireblast
|
|switch|p1a: Dusclops|Dusclops, F|105\/283
|-damage|p1a: Dusclops|70\/283|[from] Stealth Rock
|-ability|p1a: Dusclops|Pressure
|move|p2a: Tauros|Fire Blast|p1a: Dusclops
|-damage|p1a: Dusclops|36\/283
|
|upkeep
|turn|21
|choice|move seismictoss|move irontail
|
|move|p2a: Tauros|Iron Tail|p1a: Dusclops
|-damage|p1a: Dusclops|0 fnt
|faint|p1a: Dusclops
|
|upkeep
|choice|switch 3|
|
|switch|p1a: Steelix|Steelix, M|353\/353 slp
|-damage|p1a: Steelix|342\/353 slp|[from] Stealth Rock
|turn|22
|choice|move heavyslam|move fireblast
|
|move|p2a: Tauros|Fire Blast|p1a: Steelix
|-supereffective|p1a: Steelix
|-damage|p1a: Steelix|170\/353 slp
|cant|p1a: Steelix|slp
|
|-heal|p1a: Steelix|192\/353 slp|[from] item: Leftovers
|upkeep
|turn|23
|choice|move heavyslam|move fireblast
|
|move|p2a: Tauros|Fire Blast|p1a: Steelix|[miss]
|-miss|p2a: Tauros|p1a: Steelix
|-curestatus|p1a: Steelix|slp|[msg]
|move|p1a: Steelix|Heavy Slam|p2a: Tauros
|-crit|p2a: Tauros
|-damage|p2a: Tauros|59\/291
|
|-heal|p1a: Steelix|214\/353|[from] item: Leftovers
|upkeep
|turn|24
|choice|move heavyslam|switch 5
|
|switch|p2a: Vivillon|Vivillon, M|104\/301
|move|p1a: Steelix|Heavy Slam|p2a: Vivillon
|-damage|p2a: Vivillon|0 fnt
|faint|p2a: Vivillon
|
|-heal|p1a: Steelix|236\/353|[from] item: Leftovers
|upkeep
|c|☆confide|dam
|c|☆confide|Gg
|choice||switch 5
|
|switch|p2a: Tauros|Tauros, M|59\/291
|-damage|p2a: Tauros|23\/291|[from] Spikes
|turn|25
|c|☆Shadowtags|gg
|choice|move heavyslam|move fireblast
|
|move|p2a: Tauros|Fire Blast|p1a: Steelix
|-supereffective|p1a: Steelix
|-damage|p1a: Steelix|88\/353
|move|p1a: Steelix|Heavy Slam|p2a: Tauros
|-damage|p2a: Tauros|0 fnt
|faint|p2a: Tauros
|
|win|Shadowtags</script>
</div>
<div class="battle-log battle-log-inline"><div class="inner"><div class="battle-options"></div><div class="inner"><div class=""><small>Format:</small> <br><strong>NU</strong></div><div class=""><small><em>Sleep Clause Mod:</em> Limit one foe put to sleep</small></div><div class=""><small><em>Species Clause:</em> Limit one of each Pokémon</small></div><div class=""><small><em>OHKO Clause:</em> OHKO moves are banned</small></div><div class=""><small><em>Moody Clause:</em> Moody is banned</small></div><div class=""><small><em>Evasion Moves Clause:</em> Evasion moves are banned</small></div><div class=""><small><em>Endless Battle Clause:</em> Forcing endless battles is banned</small></div><div class=""><small><em>HP Percentage Mod:</em> HP is shown in percentages</small></div><div class=""><small><em>Swagger Clause:</em> Swagger is banned</small></div><div class=""><small><em>Baton Pass Clause:</em> Limit one Baton Passer, can't pass Spe and other stats simultaneously</small></div><div class="chat battle-history"><strong>Shadowtags's team:</strong> <em style="color:#445566;display:block;">Dusclops / Garbodor / Steelix / Hitmonchan / Scyther / Samurott</em></div><div class="chat battle-history"><strong>confide's team:</strong> <em style="color:#445566;display:block;">Hitmonchan / Tauros / Garbodor / Vivillon / Steelix / Barbaracle</em></div><div class="chat chatmessage-shadowtags"><strong style="color:hsl(126,46%,34%)"><small>☆</small><span class="username" data-name="Shadowtags">Shadowtags</span>:</strong> <em>hf</em></div><div class="spacer battle-history"><br></div><div class="battle-history">Battle started between Shadowtags and confide!<br></div><div class="spacer battle-history"><br></div><div class="battle-history">Go! <strong>Scyther</strong>!<br></div><div class="spacer battle-history"><br></div><div class="battle-history">confide sent out <strong>Vivillon</strong>!<br></div><div class="spacer battle-history"><br></div><h2 class="battle-history">Turn 1</h2><div class="spacer battle-history"><br></div><div class="battle-history">Scyther used <strong>U-turn</strong>!<br></div><div class="battle-history"><small>It's not very effective...</small><br></div><div class="battle-history"><small>(The opposing Vivillon lost <abbr title="−100/301">33.2%</abbr> of its health!)</small><br></div><div class="spacer battle-history"><br></div><div class="battle-history">Scyther went back to Shadowtags!<br></div><div class="battle-history">Go! <strong>Steelix</strong>!<br></div><div class="spacer battle-history"><br></div><div class="battle-history">The opposing Vivillon used <strong>Sleep Powder</strong>!<br></div><div class="battle-history"><small>Steelix fell asleep!</small><br></div><div class="spacer battle-history"><br></div><div class="battle-history"><small>The opposing Vivillon restored a little HP using its Leftovers!</small><br></div><div class="spacer battle-history"><br></div><h2 class="battle-history">Turn 2</h2><div class="spacer battle-history"><br></div><div class="battle-history">confide withdrew Vivillon!<br></div><div class="battle-history">confide sent out <strong>Barbaracle</strong>!<br></div><div class="spacer battle-history"><br></div><div class="battle-history">Steelix, come back!<br></div><div class="battle-history">Go! <strong>Scyther</strong>!<br></div><div class="spacer battle-history"><br></div><h2 class="battle-history">Turn 3</h2><div class="spacer battle-history"><br></div><div class="battle-history">Scyther used <strong>U-turn</strong>!<br></div><div class="battle-history"><small>(The opposing Barbaracle lost <abbr title="−108/285">37.9%</abbr> of its health!)</small><br></div><div class="spacer battle-history"><br></div><div class="battle-history">Scyther went back to Shadowtags!<br></div><div class="battle-history">Go! <strong>Garbodor</strong>!<br></div><div class="spacer battle-history"><br></div><div class="battle-history">The opposing Barbaracle used <strong>Razor Shell</strong>!<br></div><div class="battle-history"><small>(Garbodor lost <abbr title="−135/361">37.4%</abbr> of its health!)</small><br></div><div class="battle-history"><small>The opposing Barbaracle was hurt by the Rocky Helmet!</small><br></div><div class="spacer battle-history"><br></div><h2 class="battle-history">Turn 4</h2><div class="spacer battle-history"><br></div><div class="battle-history">The opposing Barbaracle used <strong>Razor Shell</strong>!<br></div><div class="battle-history"><small>(Garbodor lost <abbr title="−139/361">38.5%</abbr> of its health!)</small><br></div><div class="battle-history"><small>The opposing Barbaracle was hurt by the Rocky Helmet!</small><br></div><div class="spacer battle-history"><br></div><div class="battle-history">Garbodor used <strong>Spikes</strong>!<br></div><div class="battle-history"><small>Spikes were scattered on the ground all around the opposing team!</small><br></div><div class="spacer battle-history"><br></div><h2 class="battle-history">Turn 5</h2><div class="spacer battle-history"><br></div><div class="battle-history">The opposing Barbaracle used <strong>Razor Shell</strong>!<br></div><div class="battle-history"><small>(Garbodor lost <abbr title="−87/361">24.1%</abbr> of its health!)</small><br></div><div class="battle-history"><small>[Garbodor's Aftermath]</small><br><small>The opposing Barbaracle is hurt!</small><br></div><div class="battle-history"><small>The opposing Barbaracle was hurt by the Rocky Helmet!</small><br></div><div class="spacer battle-history"><br></div><div class="battle-history">The opposing Barbaracle fainted!<br></div><div class="battle-history">Garbodor fainted!<br></div><div class="spacer battle-history"><br></div><div class="battle-history">Go! <strong>Samurott</strong>!<br></div><div class="spacer battle-history"><br></div><div class="battle-history">confide sent out <strong>Garbodor</strong>!<br></div><div class="battle-history"><small>The opposing Garbodor is hurt by the spikes!</small><br></div><div class="spacer battle-history"><br></div><h2 class="battle-history">Turn 6</h2><div class="spacer battle-history"><br></div><div class="battle-history">Samurott used <strong>Hydro Pump</strong>!<br></div><div class="battle-history"><small>(The opposing Garbodor lost <abbr title="−264/301">87.7%</abbr> of its health!)</small><br></div><div class="battle-history"><small>Samurott lost some of its HP!</small><br></div><div class="spacer battle-history"><br></div><div class="battle-history">The opposing Garbodor fainted!<br></div><div class="spacer battle-history"><br></div><div class="battle-history">confide sent out <strong>Hitmonchan</strong>!<br></div><div class="battle-history"><small>The opposing Hitmonchan is hurt by the spikes!</small><br></div><div class="spacer battle-history"><br></div><h2 class="battle-history">Turn 7</h2><div class="spacer battle-history"><br></div><div class="battle-history">confide withdrew Hitmonchan!<br></div><div class="battle-history">confide sent out <strong>Vivillon</strong>!<br></div><div class="spacer battle-history"><br></div><div class="battle-history">Samurott, come back!<br></div><div class="battle-history">Go! <strong>Dusclops</strong>!<br></div><div class="battle-history"><small>[Dusclops's Pressure]</small><br><small>Dusclops is exerting its pressure!</small><br></div><div class="spacer battle-history"><br></div><div class="battle-history"><small>The opposing Vivillon restored a little HP using its Leftovers!</small><br></div><div class="spacer battle-history"><br></div><h2 class="battle-history">Turn 8</h2><div class="spacer battle-history"><br></div><div class="battle-history">The opposing Vivillon used <strong>Substitute</strong>!<br></div><div class="battle-history"><small>The opposing Vivillon put in a substitute!</small><br></div><div class="battle-history"><small>(The opposing Vivillon lost <abbr title="−75/301">24.9%</abbr> of its health!)</small><br></div><div class="spacer battle-history"><br></div><div class="battle-history">Dusclops used <strong>Seismic Toss</strong>!<br></div><div class="battle-history"><small>The opposing Vivillon's substitute faded!</small><br></div><div class="spacer battle-history"><br></div><div class="battle-history"><small>The opposing Vivillon restored a little HP using its Leftovers!</small><br></div><div class="spacer battle-history"><br></div><h2 class="battle-history">Turn 9</h2><div class="spacer battle-history"><br></div><div class="battle-history">confide withdrew Vivillon!<br></div><div class="battle-history">confide sent out <strong>Steelix</strong>!<br></div><div class="battle-history"><small>The opposing Steelix is hurt by the spikes!</small><br></div><div class="spacer battle-history"><br></div><div class="battle-history">Dusclops used <strong>Seismic Toss</strong>!<br></div><div class="battle-history"><small>(The opposing Steelix lost <abbr title="−100/352">28.4%</abbr> of its health!)</small><br></div><div class="spacer battle-history"><br></div><div class="battle-history"><small>The opposing Steelix restored a little HP using its Leftovers!</small><br></div><div class="spacer battle-history"><br></div><h2 class="battle-history">Turn 10</h2><div class="spacer battle-history"><br></div><div class="battle-history">The opposing Steelix used <strong>Toxic</strong>!<br></div><div class="battle-history"><small>Dusclops avoided the attack!</small><br></div><div class="spacer battle-history"><br></div><div class="battle-history">Dusclops used <strong>Will-O-Wisp</strong>!<br></div><div class="battle-history"><small>The opposing Steelix was burned!</small><br></div><div class="spacer battle-history"><br></div><div class="battle-history"><small>The opposing Steelix restored a little HP using its Leftovers!</small><br></div><div class="battle-history"><small>The opposing Steelix was hurt by its burn!</small><br></div><div class="spacer battle-history"><br></div><h2 class="battle-history">Turn 11</h2><div class="chat chatmessage-shadowtags"><strong style="color:hsl(126,46%,34%)"><small>☆</small><span class="username" data-name="Shadowtags">Shadowtags</span>:</strong> <em>sry</em></div><div class="spacer battle-history"><br></div><div class="battle-history">Dusclops, come back!<br></div><div class="battle-history">Go! <strong>Samurott</strong>!<br></div><div class="spacer battle-history"><br></div><div class="battle-history">The opposing Steelix used <strong>Stealth Rock</strong>!<br></div><div class="battle-history"><small>Pointed stones float in the air around your team!</small><br></div><div class="spacer battle-history"><br></div><div class="battle-history"><small>The opposing Steelix restored a little HP using its Leftovers!</small><br></div><div class="battle-history"><small>The opposing Steelix was hurt by its burn!</small><br></div><div class="spacer battle-history"><br></div><h2 class="battle-history">Turn 12</h2><div class="spacer battle-history"><br></div><div class="battle-history">Samurott used <strong>Hydro Pump</strong>!<br></div><div class="battle-history"><small>It's super effective!</small><br></div><div class="battle-history"><small>(The opposing Steelix lost <abbr title="−186/352">52.8%</abbr> of its health!)</small><br></div><div class="battle-history"><small>Samurott lost some of its HP!</small><br></div><div class="spacer battle-history"><br></div><div class="battle-history">The opposing Steelix fainted!<br></div><div class="spacer battle-history"><br></div><div class="battle-history">confide sent out <strong>Hitmonchan</strong>!<br></div><div class="battle-history"><small>The opposing Hitmonchan is hurt by the spikes!</small><br></div><div class="spacer battle-history"><br></div><h2 class="battle-history">Turn 13</h2><div class="spacer battle-history"><br></div><div class="battle-history">Samurott, come back!<br></div><div class="battle-history">Go! <strong>Dusclops</strong>!<br></div><div class="battle-history"><small>Pointed stones dug into Dusclops!</small><br></div><div class="battle-history"><small>[Dusclops's Pressure]</small><br><small>Dusclops is exerting its pressure!</small><br></div><div class="spacer battle-history"><br></div><div class="battle-history">The opposing Hitmonchan used <strong>Drain Punch</strong>!<br></div><div class="battle-history"><small>It doesn't affect Dusclops...</small><br></div><div class="spacer battle-history"><br></div><h2 class="battle-history">Turn 14</h2><div class="spacer battle-history"><br></div><div class="battle-history">The opposing Hitmonchan used <strong>Ice Punch</strong>!<br></div><div class="battle-history"><small>(Dusclops lost <abbr title="−62/283">21.9%</abbr> of its health!)</small><br></div><div class="battle-history"><small>Dusclops was frozen solid!</small><br></div><div class="battle-history"><small>The opposing Hitmonchan lost some of its HP!</small><br></div><div class="battle-history"><small>Dusclops thawed out!</small><br></div><div class="spacer battle-history"><br></div><div class="battle-history">Dusclops used <strong>Gravity</strong>!<br></div><div class="battle-history"><small>Gravity intensified!</small><br></div><div class="spacer battle-history"><br></div><h2 class="battle-history">Turn 15</h2><div class="spacer battle-history"><br></div><div class="battle-history">The opposing Hitmonchan used <strong>Ice Punch</strong>!<br></div><div class="battle-history"><small>A critical hit!</small><br></div><div class="battle-history"><small>(Dusclops lost <abbr title="−81/283">28.6%</abbr> of its health!)</small><br></div><div class="battle-history"><small>The opposing Hitmonchan lost some of its HP!</small><br></div><div class="spacer battle-history"><br></div><div class="battle-history">Dusclops used <strong>Will-O-Wisp</strong>!<br></div><div class="battle-history"><small>The opposing Hitmonchan was burned!</small><br></div><div class="spacer battle-history"><br></div><div class="battle-history"><small>The opposing Hitmonchan was hurt by its burn!</small><br></div><div class="spacer battle-history"><br></div><h2 class="battle-history">Turn 16</h2><div class="spacer battle-history"><br></div><div class="battle-history">Dusclops, come back!<br></div><div class="battle-history">Go! <strong>Hitmonchan</strong>!<br></div><div class="battle-history"><small>Pointed stones dug into Hitmonchan!</small><br></div><div class="spacer battle-history"><br></div><div class="battle-history">The opposing Hitmonchan used <strong>Ice Punch</strong>!<br></div><div class="battle-history"><small>(Hitmonchan lost <abbr title="−86/241">35.7%</abbr> of its health!)</small><br></div><div class="battle-history"><small>The opposing Hitmonchan lost some of its HP!</small><br></div><div class="spacer battle-history"><br></div><div class="battle-history"><small>The opposing Hitmonchan was hurt by its burn!</small><br></div><div class="spacer battle-history"><br></div><h2 class="battle-history">Turn 17</h2><div class="spacer battle-history"><br></div><div class="battle-history">confide withdrew Hitmonchan!<br></div><div class="battle-history">confide sent out <strong>Vivillon</strong>!<br></div><div class="battle-history"><small>The opposing Vivillon is hurt by the spikes!</small><br></div><div class="spacer battle-history"><br></div><div class="battle-history">Hitmonchan used <strong>Drain Punch</strong>!<br></div><div class="battle-history"><small>It's not very effective...</small><br></div><div class="battle-history"><small>(The opposing Vivillon lost <abbr title="−75/301">24.9%</abbr> of its health!)</small><br></div><div class="battle-history"><small>The opposing Vivillon had its energy drained!</small><br></div><div class="battle-history"><small>Hitmonchan lost some of its HP!</small><br></div><div class="spacer battle-history"><br></div><div class="battle-history"><small>The opposing Vivillon restored a little HP using its Leftovers!</small><br></div><div class="spacer battle-history"><br></div><h2 class="battle-history">Turn 18</h2><div class="spacer battle-history"><br></div><div class="battle-history">The opposing Vivillon used <strong>Hurricane</strong>!<br></div><div class="battle-history"><small>It's super effective!</small><br></div><div class="battle-history"><small>(Hitmonchan lost <abbr title="−154/241">63.9%</abbr> of its health!)</small><br></div><div class="spacer battle-history"><br></div><div class="battle-history">Hitmonchan fainted!<br></div><div class="spacer battle-history"><br></div><div class="battle-history"><small>The opposing Vivillon restored a little HP using its Leftovers!</small><br></div><div class="battle-history"><small>Gravity returned to normal!</small><br></div><div class="spacer battle-history"><br></div><div class="battle-history">Go! <strong>Scyther</strong>!<br></div><div class="battle-history"><small>Pointed stones dug into Scyther!</small><br></div><div class="spacer battle-history"><br></div><h2 class="battle-history">Turn 19</h2><div class="spacer battle-history"><br></div><div class="battle-history">confide withdrew Vivillon!<br></div><div class="battle-history">confide sent out <strong>Hitmonchan</strong>!<br></div><div class="battle-history"><small>The opposing Hitmonchan is hurt by the spikes!</small><br></div><div class="spacer battle-history"><br></div><div class="battle-history">Scyther used <strong>Wing Attack</strong>!<br></div><div class="battle-history"><small>It's super effective!</small><br></div><div class="battle-history"><small>(The opposing Hitmonchan lost <abbr title="−19/241">7.9%</abbr> of its health!)</small><br></div><div class="spacer battle-history"><br></div><div class="battle-history">The opposing Hitmonchan fainted!<br></div><div class="spacer battle-history"><br></div><div class="battle-history">confide sent out <strong>Tauros</strong>!<br></div><div class="battle-history"><small>The opposing Tauros is hurt by the spikes!</small><br></div><div class="spacer battle-history"><br></div><h2 class="battle-history">Turn 20</h2><div class="spacer battle-history"><br></div><div class="battle-history">Scyther, come back!<br></div><div class="battle-history">Go! <strong>Dusclops</strong>!<br></div><div class="battle-history"><small>Pointed stones dug into Dusclops!</small><br></div><div class="battle-history"><small>[Dusclops's Pressure]</small><br><small>Dusclops is exerting its pressure!</small><br></div><div class="spacer battle-history"><br></div><div class="battle-history">The opposing Tauros used <strong>Fire Blast</strong>!<br></div><div class="battle-history"><small>(Dusclops lost <abbr title="−34/283">12.0%</abbr> of its health!)</small><br></div><div class="spacer battle-history"><br></div><h2 class="battle-history">Turn 21</h2><div class="spacer battle-history"><br></div><div class="battle-history">The opposing Tauros used <strong>Iron Tail</strong>!<br></div><div class="battle-history"><small>(Dusclops lost <abbr title="−36/283">12.7%</abbr> of its health!)</small><br></div><div class="spacer battle-history"><br></div><div class="battle-history">Dusclops fainted!<br></div><div class="spacer battle-history"><br></div><div class="battle-history">Go! <strong>Steelix</strong>!<br></div><div class="battle-history"><small>Pointed stones dug into Steelix!</small><br></div><div class="spacer battle-history"><br></div><h2 class="battle-history">Turn 22</h2><div class="spacer battle-history"><br></div><div class="battle-history">The opposing Tauros used <strong>Fire Blast</strong>!<br></div><div class="battle-history"><small>It's super effective!</small><br></div><div class="battle-history"><small>(Steelix lost <abbr title="−172/353">48.7%</abbr> of its health!)</small><br></div><div class="spacer battle-history"><br></div><div class="battle-history">Steelix is fast asleep.<br></div><div class="spacer battle-history"><br></div><div class="battle-history"><small>Steelix restored a little HP using its Leftovers!</small><br></div><div class="spacer battle-history"><br></div><h2 class="battle-history">Turn 23</h2><div class="spacer battle-history"><br></div><div class="battle-history">The opposing Tauros used <strong>Fire Blast</strong>!<br></div><div class="battle-history"><small>Steelix avoided the attack!</small><br></div><div class="battle-history"><small>Steelix woke up!</small><br></div><div class="spacer battle-history"><br></div><div class="battle-history">Steelix used <strong>Heavy Slam</strong>!<br></div><div class="battle-history"><small>A critical hit!</small><br></div><div class="battle-history"><small>(The opposing Tauros lost <abbr title="−196/291">67.4%</abbr> of its health!)</small><br></div><div class="spacer battle-history"><br></div><div class="battle-history"><small>Steelix restored a little HP using its Leftovers!</small><br></div><div class="spacer battle-history"><br></div><h2 class="battle-history">Turn 24</h2><div class="spacer battle-history"><br></div><div class="battle-history">confide withdrew Tauros!<br></div><div class="battle-history">confide sent out <strong>Vivillon</strong>!<br></div><div class="spacer battle-history"><br></div><div class="battle-history">Steelix used <strong>Heavy Slam</strong>!<br></div><div class="battle-history"><small>(The opposing Vivillon lost <abbr title="−104/301">34.6%</abbr> of its health!)</small><br></div><div class="spacer battle-history"><br></div><div class="battle-history">The opposing Vivillon fainted!<br></div><div class="spacer battle-history"><br></div><div class="battle-history"><small>Steelix restored a little HP using its Leftovers!</small><br></div><div class="chat chatmessage-confide"><strong style="color:hsl(60,68%,35.91471353856%)"><small>☆</small><span class="username" data-name="confide">confide</span>:</strong> <em>dam</em></div><div class="chat chatmessage-confide"><strong style="color:hsl(60,68%,35.91471353856%)"><small>☆</small><span class="username" data-name="confide">confide</span>:</strong> <em>Gg</em></div><div class="spacer battle-history"><br></div><div class="battle-history">confide sent out <strong>Tauros</strong>!<br></div><div class="battle-history"><small>The opposing Tauros is hurt by the spikes!</small><br></div><div class="spacer battle-history"><br></div><h2 class="battle-history">Turn 25</h2><div class="chat chatmessage-shadowtags"><strong style="color:hsl(126,46%,34%)"><small>☆</small><span class="username" data-name="Shadowtags">Shadowtags</span>:</strong> <em>gg</em></div><div class="spacer battle-history"><br></div><div class="battle-history">The opposing Tauros used <strong>Fire Blast</strong>!<br></div><div class="battle-history"><small>It's super effective!</small><br></div><div class="battle-history"><small>(Steelix lost <abbr title="−148/353">41.9%</abbr> of its health!)</small><br></div><div class="spacer battle-history"><br></div><div class="battle-history">Steelix used <strong>Heavy Slam</strong>!<br></div><div class="battle-history"><small>(The opposing Tauros lost <abbr title="−23/291">7.9%</abbr> of its health!)</small><br></div><div class="spacer battle-history"><br></div><div class="battle-history">The opposing Tauros fainted!<br></div><div class="spacer battle-history"><br></div><div class="battle-history"><strong>Shadowtags</strong> won the battle!<br></div></div><div class="inner-preempt"></div></div></div>
</div>
<script>
let daily = Math.floor(Date.now()/1000/60/60/24);document.write('<script src="https://play.pokemonshowdown.com/js/replay-embed.js?version'+daily+'"></'+'script>');
</script>
