<!DOCTYPE html>
<meta charset="utf-8" />
<!-- version 1 -->
<title>NU replay: dyo44885 vs. adewale</title>
<style>
html,body {font-family:Verdana, sans-serif;font-size:10pt;margin:0;padding:0;}body{padding:12px 0;} .battle-log {font-family:Verdana, sans-serif;font-size:10pt;} .battle-log-inline {border:1px solid #AAAAAA;background:#EEF2F5;color:black;max-width:640px;margin:0 auto 80px;padding-bottom:5px;} .battle-log .inner {padding:4px 8px 0px 8px;} .battle-log .inner-preempt {padding:0 8px 4px 8px;} .battle-log .inner-after {margin-top:0.5em;} .battle-log h2 {margin:0.5em -8px;padding:4px 8px;border:1px solid #AAAAAA;background:#E0E7EA;border-left:0;border-right:0;font-family:Verdana, sans-serif;font-size:13pt;} .battle-log .chat {vertical-align:middle;padding:3px 0 3px 0;font-size:8pt;} .battle-log .chat strong {color:#40576A;} .battle-log .chat em {padding:1px 4px 1px 3px;color:#000000;font-style:normal;} .chat.mine {background:rgba(0,0,0,0.05);margin-left:-8px;margin-right:-8px;padding-left:8px;padding-right:8px;} .spoiler {color:#BBBBBB;background:#BBBBBB;padding:0px 3px;} .spoiler:hover, .spoiler:active, .spoiler-shown {color:#000000;background:#E2E2E2;padding:0px 3px;} .spoiler a {color:#BBBBBB;} .spoiler:hover a, .spoiler:active a, .spoiler-shown a {color:#2288CC;} .chat code, .chat .spoiler:hover code, .chat .spoiler:active code, .chat .spoiler-shown code {border:1px solid #C0C0C0;background:#EEEEEE;color:black;padding:0 2px;} .chat .spoiler code {border:1px solid #CCCCCC;background:#CCCCCC;color:#CCCCCC;} .battle-log .rated {padding:3px 4px;} .battle-log .rated strong {color:white;background:#89A;padding:1px 4px;border-radius:4px;} .spacer {margin-top:0.5em;} .message-announce {background:#6688AA;color:white;padding:1px 4px 2px;} .message-announce a, .broadcast-green a, .broadcast-blue a, .broadcast-red a {color:#DDEEFF;} .broadcast-green {background-color:#559955;color:white;padding:2px 4px;} .broadcast-blue {background-color:#6688AA;color:white;padding:2px 4px;} .infobox {border:1px solid #6688AA;padding:2px 4px;} .infobox-limited {max-height:200px;overflow:auto;overflow-x:hidden;} .broadcast-red {background-color:#AA5544;color:white;padding:2px 4px;} .message-learn-canlearn {font-weight:bold;color:#228822;text-decoration:underline;} .message-learn-cannotlearn {font-weight:bold;color:#CC2222;text-decoration:underline;} .message-effect-weak {font-weight:bold;color:#CC2222;} .message-effect-resist {font-weight:bold;color:#6688AA;} .message-effect-immune {font-weight:bold;color:#666666;} .message-learn-list {margin-top:0;margin-bottom:0;} .message-throttle-notice, .message-error {color:#992222;} .message-overflow, .chat small.message-overflow {font-size:0pt;} .message-overflow::before {font-size:9pt;content:'...';} .subtle {color:#3A4A66;}
</style>
<div class="wrapper replay-wrapper" style="max-width:1180px;margin:0 auto">
<input type="hidden" name="replayid" value="nu-525632947" />
<div class="battle"></div><div class="battle-log"></div><div class="replay-controls"></div><div class="replay-controls-2"></div>
<h1 style="font-weight:normal;text-align:center"><strong>NU</strong><br /><a href="http://pokemonshowdown.com/users/dyo44885" class="subtle" target="_blank">dyo44885</a> vs. <a href="http://pokemonshowdown.com/users/adewale" class="subtle" target="_blank">adewale</a></h1>
<script type="text/plain" class="battle-log-data">|j|dyo44885
|j|adewale
|player|p1|dyo44885|272
|player|p2|adewale|40
|gametype|singles
|gen|6
|tier|NU
|rated
|seed|1637,39367,20495,48145
|rule|Sleep Clause Mod: Limit one foe put to sleep
|rule|Species Clause: Limit one of each Pokémon
|rule|OHKO Clause: OHKO moves are banned
|rule|Moody Clause: Moody is banned
|rule|Evasion Moves Clause: Evasion moves are banned
|rule|Endless Battle Clause: Forcing endless battles is banned
|rule|HP Percentage Mod: HP is shown in percentages
|clearpoke
|poke|p1|Aurorus, F|item
|poke|p1|Hariyama, F|item
|poke|p1|Vileplume, F|item
|poke|p1|Xatu, M|item
|poke|p1|Steelix, M|item
|poke|p1|Kangaskhan, F|item
|poke|p2|Electivire, F|item
|poke|p2|Garbodor, F|item
|poke|p2|Drifblim, F|item
|poke|p2|Gigalith, M|item
|poke|p2|Jynx, F|item
|poke|p2|Magmortar, M|item
|rule|Swagger Clause: Swagger is banned
|rule|Baton Pass Clause: Limit one Baton Passer, can't pass Spe and other stats simultaneously
|teampreview
|choice|team 5, team 2, team 3, team 4, team 1, team 6|team 6, team 2, team 3, team 4, team 5, team 1
|
|start
|switch|p1a: Steelix|Steelix, M|351\/351
|switch|p2a: Magmortar|Magmortar, M|344\/344
|turn|1
|choice|switch 2|switch 3
|
|switch|p2a: Drifblim|Drifblim, F|441\/441
|switch|p1a: Hariyama|Hariyama, F|429\/429
|
|upkeep
|turn|2
|choice|switch 2|move acrobatics
|
|switch|p1a: Steelix|Steelix, M|351\/351
|move|p2a: Drifblim|Acrobatics|p1a: Steelix
|-resisted|p1a: Steelix
|-damage|p1a: Steelix|333\/351
|
|-heal|p1a: Steelix|351\/351|[from] item: Leftovers
|upkeep
|turn|3
|choice|move stealthrock|move destinybond
|
|move|p2a: Drifblim|Destiny Bond|p2a: Drifblim
|-singlemove|p2a: Drifblim|Destiny Bond
|move|p1a: Steelix|Stealth Rock|p2a: Drifblim
|-sidestart|p2: adewale|move: Stealth Rock
|
|upkeep
|turn|4
|choice|move toxic|move destinybond
|
|move|p2a: Drifblim|Destiny Bond|p2a: Drifblim
|-singlemove|p2a: Drifblim|Destiny Bond
|move|p1a: Steelix|Toxic|p2a: Drifblim|[miss]
|-miss|p1a: Steelix|p2a: Drifblim
|
|upkeep
|turn|5
|choice|move toxic|move knockoff
|
|move|p2a: Drifblim|Knock Off|p1a: Steelix
|-damage|p1a: Steelix|305\/351
|-enditem|p1a: Steelix|Leftovers|[from] move: Knock Off|[of] p2a: Drifblim
|move|p1a: Steelix|Toxic|p2a: Drifblim
|-status|p2a: Drifblim|tox
|
|-damage|p2a: Drifblim|414\/441 tox|[from] psn
|upkeep
|turn|6
|choice|move heavyslam|switch 2
|
|switch|p2a: Garbodor|Garbodor, F|364\/364
|-damage|p2a: Garbodor|319\/364|[from] Stealth Rock
|move|p1a: Steelix|Heavy Slam|p2a: Garbodor
|-damage|p2a: Garbodor|187\/364
|
|upkeep
|turn|7
|choice|move earthquake|move gigadrain
|
|move|p2a: Garbodor|Giga Drain|p1a: Steelix
|-damage|p1a: Steelix|234\/351
|-heal|p2a: Garbodor|223\/364|[from] drain|[of] p1a: Steelix
|move|p1a: Steelix|Earthquake|p2a: Garbodor
|-supereffective|p2a: Garbodor
|-damage|p2a: Garbodor|0 fnt
|faint|p2a: Garbodor
|
|upkeep
|choice||switch 5
|
|switch|p2a: Jynx|Jynx, F|334\/334
|-damage|p2a: Jynx|251\/334|[from] Stealth Rock
|turn|8
|choice|move heavyslam|move perishsong
|
|move|p2a: Jynx|Perish Song|p2a: Jynx
|-start|p1a: Steelix|perish3|[silent]
|-start|p2a: Jynx|perish3|[silent]
|-fieldactivate|move: Perish Song
|move|p1a: Steelix|Heavy Slam|p2a: Jynx
|-supereffective|p2a: Jynx
|-damage|p2a: Jynx|0 fnt
|faint|p2a: Jynx
|
|-start|p1a: Steelix|perish3
|upkeep
|choice||switch 4
|
|switch|p2a: Gigalith|Gigalith, M|374\/374
|-damage|p2a: Gigalith|328\/374|[from] Stealth Rock
|turn|9
|choice|move earthquake|move earthquake
|
|move|p1a: Steelix|Earthquake|p2a: Gigalith
|-supereffective|p2a: Gigalith
|-damage|p2a: Gigalith|80\/374
|move|p2a: Gigalith|Earthquake|p1a: Steelix
|-supereffective|p1a: Steelix
|-damage|p1a: Steelix|124\/351
|
|-start|p1a: Steelix|perish2
|-heal|p2a: Gigalith|103\/374|[from] item: Leftovers
|upkeep
|turn|10
|choice|move earthquake|move earthquake
|
|move|p1a: Steelix|Earthquake|p2a: Gigalith
|-supereffective|p2a: Gigalith
|-damage|p2a: Gigalith|0 fnt
|faint|p2a: Gigalith
|
|-start|p1a: Steelix|perish1
|upkeep
|choice||switch 2
|
|switch|p2a: Drifblim|Drifblim, F|414\/441 tox
|-damage|p2a: Drifblim|304\/441 tox|[from] Stealth Rock
|turn|11
|choice|switch 5|move destinybond
|
|switch|p1a: Aurorus|Aurorus, F|387\/387
|move|p2a: Drifblim|Destiny Bond|p2a: Drifblim
|-singlemove|p2a: Drifblim|Destiny Bond
|
|-damage|p2a: Drifblim|277\/441 tox|[from] psn
|upkeep
|turn|12
|choice|switch 5|move destinybond
|
|switch|p1a: Steelix|Steelix, M|124\/351
|move|p2a: Drifblim|Destiny Bond|p2a: Drifblim
|-singlemove|p2a: Drifblim|Destiny Bond
|
|-damage|p2a: Drifblim|223\/441 tox|[from] psn
|upkeep
|turn|13
|choice|move earthquake|move rest
|
|move|p2a: Drifblim|Rest|p2a: Drifblim
|-status|p2a: Drifblim|slp
|-heal|p2a: Drifblim|441\/441 slp|[silent]
|-status|p2a: Drifblim|slp|[from] move: Rest
|move|p1a: Steelix|Earthquake|p2a: Drifblim
|-immune|p2a: Drifblim|[msg]
|
|upkeep
|turn|14
|choice|move heavyslam|move knockoff
|
|cant|p2a: Drifblim|slp
|move|p1a: Steelix|Heavy Slam|p2a: Drifblim
|-damage|p2a: Drifblim|117\/441 slp
|
|upkeep
|turn|15
|choice|move heavyslam|move destinybond
|
|cant|p2a: Drifblim|slp
|move|p1a: Steelix|Heavy Slam|p2a: Drifblim
|-damage|p2a: Drifblim|0 fnt
|-damage|p1a: Steelix|37\/351|[from] ability: Aftermath|[of] p2a: Drifblim
|faint|p2a: Drifblim
|
|upkeep
|choice||switch 6
|
|switch|p2a: Electivire|Electivire, F|291\/291
|-damage|p2a: Electivire|255\/291|[from] Stealth Rock
|turn|16
|choice|move earthquake|move magnetrise
|
|move|p2a: Electivire|Magnet Rise|p2a: Electivire
|-start|p2a: Electivire|Magnet Rise
|move|p1a: Steelix|Earthquake|p2a: Electivire
|-immune|p2a: Electivire|[msg]
|
|upkeep
|turn|17
|choice|move toxic|move magnetrise
|
|move|p2a: Electivire|Magnet Rise|p2a: Electivire
|-fail|p2a: Electivire
|move|p1a: Steelix|Toxic|p2a: Electivire
|-status|p2a: Electivire|tox
|
|-damage|p2a: Electivire|237\/291 tox|[from] psn
|upkeep
|turn|18
|choice|move earthquake|move magnetrise
|
|move|p2a: Electivire|Magnet Rise|p2a: Electivire
|-fail|p2a: Electivire
|move|p1a: Steelix|Earthquake|p2a: Electivire
|-immune|p2a: Electivire|[msg]
|
|-damage|p2a: Electivire|201\/291 tox|[from] psn
|upkeep
|turn|19
|choice|move earthquake|move magnetrise
|
|move|p2a: Electivire|Magnet Rise|p2a: Electivire
|-fail|p2a: Electivire
|move|p1a: Steelix|Earthquake|p2a: Electivire
|-immune|p2a: Electivire|[msg]
|
|-damage|p2a: Electivire|147\/291 tox|[from] psn
|upkeep
|turn|20
|choice|move earthquake|move magnetrise
|
|move|p2a: Electivire|Magnet Rise|p2a: Electivire
|-fail|p2a: Electivire
|move|p1a: Steelix|Earthquake|p2a: Electivire
|-immune|p2a: Electivire|[msg]
|
|-damage|p2a: Electivire|75\/291 tox|[from] psn
|-end|p2a: Electivire|Magnet Rise
|upkeep
|turn|21
|choice|move earthquake|move magnetrise
|
|move|p2a: Electivire|Magnet Rise|p2a: Electivire
|-start|p2a: Electivire|Magnet Rise
|move|p1a: Steelix|Earthquake|p2a: Electivire
|-immune|p2a: Electivire|[msg]
|
|-damage|p2a: Electivire|0 fnt|[from] psn
|upkeep
|faint|p2a: Electivire
|choice||switch 3
|
|switch|p2a: Magmortar|Magmortar, M|344\/344
|-damage|p2a: Magmortar|258\/344|[from] Stealth Rock
|turn|22
|choice|switch 2|move fireblast
|
|switch|p1a: Hariyama|Hariyama, F|429\/429
|move|p2a: Magmortar|Fire Blast|p1a: Hariyama|[miss]
|-miss|p2a: Magmortar|p1a: Hariyama
|
|upkeep
|turn|23
|choice|move closecombat|move attract
|
|move|p2a: Magmortar|Attract|p1a: Hariyama
|-start|p1a: Hariyama|Attract
|-activate|p1a: Hariyama|move: Attract|[of] p2a: Magmortar
|move|p1a: Hariyama|Close Combat|p2a: Magmortar
|-damage|p2a: Magmortar|0 fnt
|-unboost|p1a: Hariyama|def|1
|-unboost|p1a: Hariyama|spd|1
|faint|p2a: Magmortar
|
|win|dyo44885
|player|p1
|player|p2
|raw|dyo44885's rating: 1111 &rarr; <strong>1129<\/strong><br \/>(+18 for winning)
|raw|adewale's rating: 1000 &rarr; <strong>1000<\/strong><br \/>(+0 for losing)
|l|dyo44885</script>
</div>
<div class="battle-log battle-log-inline"><div class="inner"><div class="battle-options"></div><div class="inner"><div class="chat"><small>dyo44885 joined.</small></div><div class="chat"><small>adewale joined.</small></div><div class=""><small>Format:</small> <br><strong>NU</strong></div><div class="rated"><strong>Rated battle</strong></div><div class=""><small><em>Sleep Clause Mod:</em> Limit one foe put to sleep</small></div><div class=""><small><em>Species Clause:</em> Limit one of each Pokémon</small></div><div class=""><small><em>OHKO Clause:</em> OHKO moves are banned</small></div><div class=""><small><em>Moody Clause:</em> Moody is banned</small></div><div class=""><small><em>Evasion Moves Clause:</em> Evasion moves are banned</small></div><div class=""><small><em>Endless Battle Clause:</em> Forcing endless battles is banned</small></div><div class=""><small><em>HP Percentage Mod:</em> HP is shown in percentages</small></div><div class=""><small><em>Swagger Clause:</em> Swagger is banned</small></div><div class=""><small><em>Baton Pass Clause:</em> Limit one Baton Passer, can't pass Spe and other stats simultaneously</small></div><div class="chat battle-history"><strong>dyo44885's team:</strong> <em style="color:#445566;display:block;">Aurorus / Hariyama / Vileplume / Xatu / Steelix / Kangaskhan</em></div><div class="chat battle-history"><strong>adewale's team:</strong> <em style="color:#445566;display:block;">Electivire / Garbodor / Drifblim / Gigalith / Jynx / Magmortar</em></div><div class="spacer battle-history"><br></div><div class="battle-history">Battle started between dyo44885 and adewale!<br></div><div class="spacer battle-history"><br></div><div class="battle-history">Go! <strong>Steelix</strong>!<br></div><div class="spacer battle-history"><br></div><div class="battle-history">adewale sent out <strong>Magmortar</strong>!<br></div><div class="spacer battle-history"><br></div><h2 class="battle-history">Turn 1</h2><div class="spacer battle-history"><br></div><div class="battle-history">adewale withdrew Magmortar!<br></div><div class="battle-history">adewale sent out <strong>Drifblim</strong>!<br></div><div class="spacer battle-history"><br></div><div class="battle-history">Steelix, come back!<br></div><div class="battle-history">Go! <strong>Hariyama</strong>!<br></div><div class="spacer battle-history"><br></div><h2 class="battle-history">Turn 2</h2><div class="spacer battle-history"><br></div><div class="battle-history">Hariyama, come back!<br></div><div class="battle-history">Go! <strong>Steelix</strong>!<br></div><div class="spacer battle-history"><br></div><div class="battle-history">The opposing Drifblim used <strong>Acrobatics</strong>!<br></div><div class="battle-history"><small>It's not very effective...</small><br></div><div class="battle-history"><small>(Steelix lost <abbr title="−18/351">5.1%</abbr> of its health!)</small><br></div><div class="spacer battle-history"><br></div><div class="battle-history"><small>Steelix restored a little HP using its Leftovers!</small><br></div><div class="spacer battle-history"><br></div><h2 class="battle-history">Turn 3</h2><div class="spacer battle-history"><br></div><div class="battle-history">The opposing Drifblim used <strong>Destiny Bond</strong>!<br></div><div class="battle-history">The opposing Drifblim is hoping to take its attacker down with it!<br></div><div class="spacer battle-history"><br></div><div class="battle-history">Steelix used <strong>Stealth Rock</strong>!<br></div><div class="battle-history"><small>Pointed stones float in the air around the opposing team!</small><br></div><div class="spacer battle-history"><br></div><h2 class="battle-history">Turn 4</h2><div class="spacer battle-history"><br></div><div class="battle-history">The opposing Drifblim used <strong>Destiny Bond</strong>!<br></div><div class="battle-history">The opposing Drifblim is hoping to take its attacker down with it!<br></div><div class="spacer battle-history"><br></div><div class="battle-history">Steelix used <strong>Toxic</strong>!<br></div><div class="battle-history"><small>The opposing Drifblim avoided the attack!</small><br></div><div class="spacer battle-history"><br></div><h2 class="battle-history">Turn 5</h2><div class="spacer battle-history"><br></div><div class="battle-history">The opposing Drifblim used <strong>Knock Off</strong>!<br></div><div class="battle-history"><small>(Steelix lost <abbr title="−46/351">13.1%</abbr> of its health!)</small><br></div><div class="battle-history"><small>The opposing Drifblim knocked off Steelix's Leftovers!</small><br></div><div class="spacer battle-history"><br></div><div class="battle-history">Steelix used <strong>Toxic</strong>!<br></div><div class="battle-history"><small>The opposing Drifblim was badly poisoned!</small><br></div><div class="spacer battle-history"><br></div><div class="battle-history"><small>The opposing Drifblim was hurt by poison!</small><br></div><div class="spacer battle-history"><br></div><h2 class="battle-history">Turn 6</h2><div class="spacer battle-history"><br></div><div class="battle-history">adewale withdrew Drifblim!<br></div><div class="battle-history">adewale sent out <strong>Garbodor</strong>!<br></div><div class="battle-history"><small>Pointed stones dug into the opposing Garbodor!</small><br></div><div class="spacer battle-history"><br></div><div class="battle-history">Steelix used <strong>Heavy Slam</strong>!<br></div><div class="battle-history"><small>(The opposing Garbodor lost <abbr title="−132/364">36.3%</abbr> of its health!)</small><br></div><div class="spacer battle-history"><br></div><h2 class="battle-history">Turn 7</h2><div class="spacer battle-history"><br></div><div class="battle-history">The opposing Garbodor used <strong>Giga Drain</strong>!<br></div><div class="battle-history"><small>(Steelix lost <abbr title="−71/351">20.2%</abbr> of its health!)</small><br></div><div class="battle-history"><small>Steelix had its energy drained!</small><br></div><div class="spacer battle-history"><br></div><div class="battle-history">Steelix used <strong>Earthquake</strong>!<br></div><div class="battle-history"><small>It's super effective!</small><br></div><div class="battle-history"><small>(The opposing Garbodor lost <abbr title="−223/364">61.3%</abbr> of its health!)</small><br></div><div class="spacer battle-history"><br></div><div class="battle-history">The opposing Garbodor fainted!<br></div><div class="spacer battle-history"><br></div><div class="battle-history">adewale sent out <strong>Jynx</strong>!<br></div><div class="battle-history"><small>Pointed stones dug into the opposing Jynx!</small><br></div><div class="spacer battle-history"><br></div><h2 class="battle-history">Turn 8</h2><div class="spacer battle-history"><br></div><div class="battle-history">The opposing Jynx used <strong>Perish Song</strong>!<br></div><div class="battle-history"><small>All Pokémon that heard the song will faint in three turns!</small><br></div><div class="spacer battle-history"><br></div><div class="battle-history">Steelix used <strong>Heavy Slam</strong>!<br></div><div class="battle-history"><small>It's super effective!</small><br></div><div class="battle-history"><small>(The opposing Jynx lost <abbr title="−251/334">75.1%</abbr> of its health!)</small><br></div><div class="spacer battle-history"><br></div><div class="battle-history">The opposing Jynx fainted!<br></div><div class="spacer battle-history"><br></div><div class="battle-history"><small>Steelix's perish count fell to 3.</small><br></div><div class="spacer battle-history"><br></div><div class="battle-history">adewale sent out <strong>Gigalith</strong>!<br></div><div class="battle-history"><small>Pointed stones dug into the opposing Gigalith!</small><br></div><div class="spacer battle-history"><br></div><h2 class="battle-history">Turn 9</h2><div class="spacer battle-history"><br></div><div class="battle-history">Steelix used <strong>Earthquake</strong>!<br></div><div class="battle-history"><small>It's super effective!</small><br></div><div class="battle-history"><small>(The opposing Gigalith lost <abbr title="−248/374">66.3%</abbr> of its health!)</small><br></div><div class="spacer battle-history"><br></div><div class="battle-history">The opposing Gigalith used <strong>Earthquake</strong>!<br></div><div class="battle-history"><small>It's super effective!</small><br></div><div class="battle-history"><small>(Steelix lost <abbr title="−110/351">31.3%</abbr> of its health!)</small><br></div><div class="spacer battle-history"><br></div><div class="battle-history"><small>Steelix's perish count fell to 2.</small><br></div><div class="battle-history"><small>The opposing Gigalith restored a little HP using its Leftovers!</small><br></div><div class="spacer battle-history"><br></div><h2 class="battle-history">Turn 10</h2><div class="spacer battle-history"><br></div><div class="battle-history">Steelix used <strong>Earthquake</strong>!<br></div><div class="battle-history"><small>It's super effective!</small><br></div><div class="battle-history"><small>(The opposing Gigalith lost <abbr title="−103/374">27.5%</abbr> of its health!)</small><br></div><div class="spacer battle-history"><br></div><div class="battle-history">The opposing Gigalith fainted!<br></div><div class="spacer battle-history"><br></div><div class="battle-history"><small>Steelix's perish count fell to 1.</small><br></div><div class="spacer battle-history"><br></div><div class="battle-history">adewale sent out <strong>Drifblim</strong>!<br></div><div class="battle-history"><small>Pointed stones dug into the opposing Drifblim!</small><br></div><div class="spacer battle-history"><br></div><h2 class="battle-history">Turn 11</h2><div class="spacer battle-history"><br></div><div class="battle-history">Steelix, come back!<br></div><div class="battle-history">Go! <strong>Aurorus</strong>!<br></div><div class="spacer battle-history"><br></div><div class="battle-history">The opposing Drifblim used <strong>Destiny Bond</strong>!<br></div><div class="battle-history">The opposing Drifblim is hoping to take its attacker down with it!<br></div><div class="spacer battle-history"><br></div><div class="battle-history"><small>The opposing Drifblim was hurt by poison!</small><br></div><div class="spacer battle-history"><br></div><h2 class="battle-history">Turn 12</h2><div class="spacer battle-history"><br></div><div class="battle-history">Aurorus, come back!<br></div><div class="battle-history">Go! <strong>Steelix</strong>!<br></div><div class="spacer battle-history"><br></div><div class="battle-history">The opposing Drifblim used <strong>Destiny Bond</strong>!<br></div><div class="battle-history">The opposing Drifblim is hoping to take its attacker down with it!<br></div><div class="spacer battle-history"><br></div><div class="battle-history"><small>The opposing Drifblim was hurt by poison!</small><br></div><div class="spacer battle-history"><br></div><h2 class="battle-history">Turn 13</h2><div class="spacer battle-history"><br></div><div class="battle-history">The opposing Drifblim used <strong>Rest</strong>!<br></div><div class="battle-history"><small>The opposing Drifblim fell asleep!</small><br></div><div class="battle-history"><small>The opposing Drifblim slept and became healthy!</small><br></div><div class="spacer battle-history"><br></div><div class="battle-history">Steelix used <strong>Earthquake</strong>!<br></div><div class="battle-history"><small>It doesn't affect the opposing Drifblim...</small><br></div><div class="spacer battle-history"><br></div><h2 class="battle-history">Turn 14</h2><div class="spacer battle-history"><br></div><div class="battle-history">The opposing Drifblim is fast asleep.<br></div><div class="spacer battle-history"><br></div><div class="battle-history">Steelix used <strong>Heavy Slam</strong>!<br></div><div class="battle-history"><small>(The opposing Drifblim lost <abbr title="−324/441">73.5%</abbr> of its health!)</small><br></div><div class="spacer battle-history"><br></div><h2 class="battle-history">Turn 15</h2><div class="spacer battle-history"><br></div><div class="battle-history">The opposing Drifblim is fast asleep.<br></div><div class="spacer battle-history"><br></div><div class="battle-history">Steelix used <strong>Heavy Slam</strong>!<br></div><div class="battle-history"><small>(The opposing Drifblim lost <abbr title="−117/441">26.5%</abbr> of its health!)</small><br></div><div class="battle-history"><small>[The opposing Drifblim's Aftermath]</small><br><small>Steelix is hurt!</small><br></div><div class="spacer battle-history"><br></div><div class="battle-history">The opposing Drifblim fainted!<br></div><div class="spacer battle-history"><br></div><div class="battle-history">adewale sent out <strong>Electivire</strong>!<br></div><div class="battle-history"><small>Pointed stones dug into the opposing Electivire!</small><br></div><div class="spacer battle-history"><br></div><h2 class="battle-history">Turn 16</h2><div class="spacer battle-history"><br></div><div class="battle-history">The opposing Electivire used <strong>Magnet Rise</strong>!<br></div><div class="battle-history"><small>The opposing Electivire levitated with electromagnetism!</small><br></div><div class="spacer battle-history"><br></div><div class="battle-history">Steelix used <strong>Earthquake</strong>!<br></div><div class="battle-history"><small>It doesn't affect the opposing Electivire...</small><br></div><div class="spacer battle-history"><br></div><h2 class="battle-history">Turn 17</h2><div class="spacer battle-history"><br></div><div class="battle-history">The opposing Electivire used <strong>Magnet Rise</strong>!<br></div><div class="battle-history"><small>But it failed!</small><br></div><div class="spacer battle-history"><br></div><div class="battle-history">Steelix used <strong>Toxic</strong>!<br></div><div class="battle-history"><small>The opposing Electivire was badly poisoned!</small><br></div><div class="spacer battle-history"><br></div><div class="battle-history"><small>The opposing Electivire was hurt by poison!</small><br></div><div class="spacer battle-history"><br></div><h2 class="battle-history">Turn 18</h2><div class="spacer battle-history"><br></div><div class="battle-history">The opposing Electivire used <strong>Magnet Rise</strong>!<br></div><div class="battle-history"><small>But it failed!</small><br></div><div class="spacer battle-history"><br></div><div class="battle-history">Steelix used <strong>Earthquake</strong>!<br></div><div class="battle-history"><small>It doesn't affect the opposing Electivire...</small><br></div><div class="spacer battle-history"><br></div><div class="battle-history"><small>The opposing Electivire was hurt by poison!</small><br></div><div class="spacer battle-history"><br></div><h2 class="battle-history">Turn 19</h2><div class="spacer battle-history"><br></div><div class="battle-history">The opposing Electivire used <strong>Magnet Rise</strong>!<br></div><div class="battle-history"><small>But it failed!</small><br></div><div class="spacer battle-history"><br></div><div class="battle-history">Steelix used <strong>Earthquake</strong>!<br></div><div class="battle-history"><small>It doesn't affect the opposing Electivire...</small><br></div><div class="spacer battle-history"><br></div><div class="battle-history"><small>The opposing Electivire was hurt by poison!</small><br></div><div class="spacer battle-history"><br></div><h2 class="battle-history">Turn 20</h2><div class="spacer battle-history"><br></div><div class="battle-history">The opposing Electivire used <strong>Magnet Rise</strong>!<br></div><div class="battle-history"><small>But it failed!</small><br></div><div class="spacer battle-history"><br></div><div class="battle-history">Steelix used <strong>Earthquake</strong>!<br></div><div class="battle-history"><small>It doesn't affect the opposing Electivire...</small><br></div><div class="spacer battle-history"><br></div><div class="battle-history"><small>The opposing Electivire was hurt by poison!</small><br></div><div class="battle-history"><small>The opposing Electivire's electromagnetism wore off!</small><br></div><div class="spacer battle-history"><br></div><h2 class="battle-history">Turn 21</h2><div class="spacer battle-history"><br></div><div class="battle-history">The opposing Electivire used <strong>Magnet Rise</strong>!<br></div><div class="battle-history"><small>The opposing Electivire levitated with electromagnetism!</small><br></div><div class="spacer battle-history"><br></div><div class="battle-history">Steelix used <strong>Earthquake</strong>!<br></div><div class="battle-history"><small>It doesn't affect the opposing Electivire...</small><br></div><div class="spacer battle-history"><br></div><div class="battle-history"><small>The opposing Electivire was hurt by poison!</small><br></div><div class="spacer battle-history"><br></div><div class="battle-history">The opposing Electivire fainted!<br></div><div class="spacer battle-history"><br></div><div class="battle-history">adewale sent out <strong>Magmortar</strong>!<br></div><div class="battle-history"><small>Pointed stones dug into the opposing Magmortar!</small><br></div><div class="spacer battle-history"><br></div><h2 class="battle-history">Turn 22</h2><div class="spacer battle-history"><br></div><div class="battle-history">Steelix, come back!<br></div><div class="battle-history">Go! <strong>Hariyama</strong>!<br></div><div class="spacer battle-history"><br></div><div class="battle-history">The opposing Magmortar used <strong>Fire Blast</strong>!<br></div><div class="battle-history"><small>Hariyama avoided the attack!</small><br></div><div class="spacer battle-history"><br></div><h2 class="battle-history">Turn 23</h2><div class="spacer battle-history"><br></div><div class="battle-history">The opposing Magmortar used <strong>Attract</strong>!<br></div><div class="battle-history"><small>Hariyama fell in love!</small><br></div><div class="spacer battle-history"><br></div><div class="battle-history"><small>Hariyama is in love with the opposing Magmortar!</small><br></div><div class="battle-history">Hariyama used <strong>Close Combat</strong>!<br></div><div class="battle-history"><small>(The opposing Magmortar lost <abbr title="−258/344">75%</abbr> of its health!)</small><br></div><div class="battle-history"><small>Hariyama's Defense fell!</small><br></div><div class="battle-history"><small>Hariyama's Special Defense fell!</small><br></div><div class="spacer battle-history"><br></div><div class="battle-history">The opposing Magmortar fainted!<br></div><div class="spacer battle-history"><br></div><div class="battle-history"><strong>dyo44885</strong> won the battle!<br></div><div class="chat">dyo44885's rating: 1111 → <strong>1129</strong><br>(+18 for winning)</div><div class="chat">adewale's rating: 1000 → <strong>1000</strong><br>(+0 for losing)</div><div class="chat"><small>dyo44885 left.</small></div></div><div class="inner-preempt"></div></div></div>
</div>
<script>
let daily = Math.floor(Date.now()/1000/60/60/24);document.write('<script src="https://play.pokemonshowdown.com/js/replay-embed.js?version'+daily+'"></'+'script>');
</script>
