<!DOCTYPE html>
<meta charset="utf-8" />
<!-- version 1 -->
<title>NU replay: Chris41 vs. james z.</title>
<style>
html,body {font-family:Verdana, sans-serif;font-size:10pt;margin:0;padding:0;}body{padding:12px 0;} .battle-log {font-family:Verdana, sans-serif;font-size:10pt;} .battle-log-inline {border:1px solid #AAAAAA;background:#EEF2F5;color:black;max-width:640px;margin:0 auto 80px;padding-bottom:5px;} .battle-log .inner {padding:4px 8px 0px 8px;} .battle-log .inner-preempt {padding:0 8px 4px 8px;} .battle-log .inner-after {margin-top:0.5em;} .battle-log h2 {margin:0.5em -8px;padding:4px 8px;border:1px solid #AAAAAA;background:#E0E7EA;border-left:0;border-right:0;font-family:Verdana, sans-serif;font-size:13pt;} .battle-log .chat {vertical-align:middle;padding:3px 0 3px 0;font-size:8pt;} .battle-log .chat strong {color:#40576A;} .battle-log .chat em {padding:1px 4px 1px 3px;color:#000000;font-style:normal;} .chat.mine {background:rgba(0,0,0,0.05);margin-left:-8px;margin-right:-8px;padding-left:8px;padding-right:8px;} .spoiler {color:#BBBBBB;background:#BBBBBB;padding:0px 3px;} .spoiler:hover, .spoiler:active, .spoiler-shown {color:#000000;background:#E2E2E2;padding:0px 3px;} .spoiler a {color:#BBBBBB;} .spoiler:hover a, .spoiler:active a, .spoiler-shown a {color:#2288CC;} .chat code, .chat .spoiler:hover code, .chat .spoiler:active code, .chat .spoiler-shown code {border:1px solid #C0C0C0;background:#EEEEEE;color:black;padding:0 2px;} .chat .spoiler code {border:1px solid #CCCCCC;background:#CCCCCC;color:#CCCCCC;} .battle-log .rated {padding:3px 4px;} .battle-log .rated strong {color:white;background:#89A;padding:1px 4px;border-radius:4px;} .spacer {margin-top:0.5em;} .message-announce {background:#6688AA;color:white;padding:1px 4px 2px;} .message-announce a, .broadcast-green a, .broadcast-blue a, .broadcast-red a {color:#DDEEFF;} .broadcast-green {background-color:#559955;color:white;padding:2px 4px;} .broadcast-blue {background-color:#6688AA;color:white;padding:2px 4px;} .infobox {border:1px solid #6688AA;padding:2px 4px;} .infobox-limited {max-height:200px;overflow:auto;overflow-x:hidden;} .broadcast-red {background-color:#AA5544;color:white;padding:2px 4px;} .message-learn-canlearn {font-weight:bold;color:#228822;text-decoration:underline;} .message-learn-cannotlearn {font-weight:bold;color:#CC2222;text-decoration:underline;} .message-effect-weak {font-weight:bold;color:#CC2222;} .message-effect-resist {font-weight:bold;color:#6688AA;} .message-effect-immune {font-weight:bold;color:#666666;} .message-learn-list {margin-top:0;margin-bottom:0;} .message-throttle-notice, .message-error {color:#992222;} .message-overflow, .chat small.message-overflow {font-size:0pt;} .message-overflow::before {font-size:9pt;content:'...';} .subtle {color:#3A4A66;}
</style>
<div class="wrapper replay-wrapper" style="max-width:1180px;margin:0 auto">
<input type="hidden" name="replayid" value="nu-583474402" />
<div class="battle"></div><div class="battle-log"></div><div class="replay-controls"></div><div class="replay-controls-2"></div>
<h1 style="font-weight:normal;text-align:center"><strong>NU</strong><br /><a href="http://pokemonshowdown.com/users/chris41" class="subtle" target="_blank">Chris41</a> vs. <a href="http://pokemonshowdown.com/users/jamesz" class="subtle" target="_blank">james z.</a></h1>
<script type="text/plain" class="battle-log-data">|j|Chris41
|j|james z.
|player|p1|Chris41|273
|teamsize|p1|6
|player|p2|james z.|153
|teamsize|p2|6
|gametype|singles
|gen|6
|tier|NU
|seed|61851,36961,48544,25270
|rule|Sleep Clause Mod: Limit one foe put to sleep
|rule|Species Clause: Limit one of each Pokémon
|rule|OHKO Clause: OHKO moves are banned
|rule|Moody Clause: Moody is banned
|rule|Evasion Moves Clause: Evasion moves are banned
|rule|Endless Battle Clause: Forcing endless battles is banned
|rule|HP Percentage Mod: HP is shown in percentages
|clearpoke
|poke|p1|Carbink, shiny|item
|poke|p1|Bouffalant, M, shiny|item
|poke|p1|Aurorus, M, shiny|item
|poke|p1|Chatot, M|item
|poke|p1|Bibarel, M, shiny|item
|poke|p1|Altaria, M|item
|poke|p2|Trevenant, F|item
|poke|p2|Liepard, M|item
|poke|p2|Relicanth, M|item
|poke|p2|Ursaring, F|item
|poke|p2|Electivire, M|item
|poke|p2|Magmortar, M|item
|rule|Swagger Clause: Swagger is banned
|rule|Baton Pass Clause: Limit one Baton Passer, can't pass Spe and other stats simultaneously
|teampreview
|choice|team 1, team 2, team 3, team 4, team 5, team 6|team 6, team 2, team 3, team 4, team 5, team 1
|
|start
|switch|p1a: Jewel|Carbink, shiny|304\/304
|switch|p2a: Magmortar|Magmortar, M|354\/354
|turn|1
|choice|move stealthrock|move bellydrum
|
|move|p2a: Magmortar|Belly Drum|p2a: Magmortar
|-damage|p2a: Magmortar|177\/354
|-setboost|p2a: Magmortar|atk|6|[from] move: Belly Drum
|-enditem|p2a: Magmortar|Sitrus Berry|[eat]
|-heal|p2a: Magmortar|265\/354|[from] item: Sitrus Berry
|move|p1a: Jewel|Stealth Rock|p2a: Magmortar
|-sidestart|p2: james z.|move: Stealth Rock
|
|upkeep
|turn|2
|choice|move lightscreen|move flamecharge
|
|move|p2a: Magmortar|Flame Charge|p1a: Jewel
|-resisted|p1a: Jewel
|-damage|p1a: Jewel|227\/304
|-boost|p2a: Magmortar|spe|1
|move|p1a: Jewel|Light Screen|p1a: Jewel
|-sidestart|p1: Chris41|move: Light Screen
|
|-heal|p1a: Jewel|246\/304|[from] item: Leftovers
|upkeep
|turn|3
|choice|move protect|move flamecharge
|
|move|p1a: Jewel|Protect|p1a: Jewel
|-singleturn|p1a: Jewel|Protect
|move|p2a: Magmortar|Flame Charge|p1a: Jewel
|-activate|p1a: Jewel|move: Protect
|
|-heal|p1a: Jewel|265\/304|[from] item: Leftovers
|upkeep
|turn|4
|choice|move lightscreen|move flamecharge
|
|move|p2a: Magmortar|Flame Charge|p1a: Jewel
|-resisted|p1a: Jewel
|-damage|p1a: Jewel|184\/304
|-boost|p2a: Magmortar|spe|1
|move|p1a: Jewel|Light Screen|p1a: Jewel
|-fail|p1a: Jewel
|
|-heal|p1a: Jewel|203\/304|[from] item: Leftovers
|upkeep
|turn|5
|choice|move protect|move flamecharge
|
|move|p1a: Jewel|Protect|p1a: Jewel
|-singleturn|p1a: Jewel|Protect
|move|p2a: Magmortar|Flame Charge|p1a: Jewel
|-activate|p1a: Jewel|move: Protect
|
|-heal|p1a: Jewel|222\/304|[from] item: Leftovers
|upkeep
|turn|6
|choice|move protect|move flamecharge
|
|move|p1a: Jewel|Protect|p1a: Jewel
|-fail|p1a: Jewel
|move|p2a: Magmortar|Flame Charge|p1a: Jewel
|-resisted|p1a: Jewel
|-damage|p1a: Jewel|141\/304
|-boost|p2a: Magmortar|spe|1
|
|-heal|p1a: Jewel|160\/304|[from] item: Leftovers
|-sideend|p1: Chris41|move: Light Screen
|upkeep
|turn|7
|choice|move lightscreen|move flamecharge
|
|move|p2a: Magmortar|Flame Charge|p1a: Jewel
|-resisted|p1a: Jewel
|-damage|p1a: Jewel|82\/304
|-boost|p2a: Magmortar|spe|1
|move|p1a: Jewel|Light Screen|p1a: Jewel
|-sidestart|p1: Chris41|move: Light Screen
|
|-heal|p1a: Jewel|101\/304|[from] item: Leftovers
|upkeep
|turn|8
|choice|move lightscreen|move flamecharge
|
|move|p2a: Magmortar|Flame Charge|p1a: Jewel
|-resisted|p1a: Jewel
|-damage|p1a: Jewel|24\/304
|-boost|p2a: Magmortar|spe|1
|move|p1a: Jewel|Light Screen|p1a: Jewel
|-fail|p1a: Jewel
|
|-heal|p1a: Jewel|43\/304|[from] item: Leftovers
|upkeep
|turn|9
|choice|move protect|move flamecharge
|
|move|p1a: Jewel|Protect|p1a: Jewel
|-singleturn|p1a: Jewel|Protect
|move|p2a: Magmortar|Flame Charge|p1a: Jewel
|-activate|p1a: Jewel|move: Protect
|
|-heal|p1a: Jewel|62\/304|[from] item: Leftovers
|upkeep
|turn|10
|choice|move lightscreen|move flamecharge
|
|move|p2a: Magmortar|Flame Charge|p1a: Jewel
|-resisted|p1a: Jewel
|-damage|p1a: Jewel|0 fnt
|-boost|p2a: Magmortar|spe|1
|faint|p1a: Jewel
|
|upkeep
|choice|switch 4|
|
|switch|p1a: Birdie|Chatot, M|294\/294
|turn|11
|choice|move chatter|move flamecharge
|
|move|p2a: Magmortar|Flame Charge|p1a: Birdie
|-damage|p1a: Birdie|0 fnt
|faint|p1a: Birdie
|
|-sideend|p1: Chris41|move: Light Screen
|upkeep
|choice|switch 5|
|
|switch|p1a: Gaming beaver|Bibarel, M, shiny|299\/299
|turn|12
|choice|move superfang|move machpunch
|
|move|p2a: Magmortar|Mach Punch|p1a: Gaming beaver
|-supereffective|p1a: Gaming beaver
|-damage|p1a: Gaming beaver|203\/299
|move|p1a: Gaming beaver|Super Fang|p2a: Magmortar
|-damage|p2a: Magmortar|133\/354
|
|-status|p1a: Gaming beaver|tox|[from] item: Toxic Orb
|upkeep
|turn|13
|choice|move facade|move flamecharge
|
|move|p2a: Magmortar|Flame Charge|p1a: Gaming beaver
|-resisted|p1a: Gaming beaver
|-damage|p1a: Gaming beaver|162\/299 tox
|move|p1a: Gaming beaver|Facade|p2a: Magmortar
|-crit|p2a: Magmortar
|-damage|p2a: Magmortar|0 fnt
|faint|p2a: Magmortar
|
|-damage|p1a: Gaming beaver|144\/299 tox|[from] psn
|upkeep
|choice||switch 6
|
|switch|p2a: Trevenant|Trevenant, F|374\/374
|-damage|p2a: Trevenant|328\/374|[from] Stealth Rock
|turn|14
|choice|move aquatail|move drainpunch
|
|move|p1a: Gaming beaver|Aqua Tail|p2a: Trevenant
|-resisted|p2a: Trevenant
|-damage|p2a: Trevenant|254\/374
|move|p2a: Trevenant|Drain Punch|p1a: Gaming beaver
|-supereffective|p1a: Gaming beaver
|-damage|p1a: Gaming beaver|0 fnt
|-heal|p2a: Trevenant|326\/374|[from] drain|[of] p1a: Gaming beaver
|faint|p1a: Gaming beaver
|
|upkeep
|choice|switch 3|
|
|switch|p1a: Jurassic|Aurorus, M, shiny|450\/450
|turn|15
|choice|move return|move drainpunch
|
|move|p2a: Trevenant|Drain Punch|p1a: Jurassic
|-supereffective|p1a: Jurassic
|-damage|p1a: Jurassic|66\/450
|-heal|p2a: Trevenant|374\/374|[from] drain|[of] p1a: Jurassic
|move|p1a: Jurassic|Return|p2a: Trevenant
|-supereffective|p2a: Trevenant
|-damage|p2a: Trevenant|0 fnt
|faint|p2a: Trevenant
|
|-heal|p1a: Jurassic|94\/450|[from] item: Leftovers
|upkeep
|choice||switch 5
|
|switch|p2a: Electivire|Electivire, M|291\/291
|-damage|p2a: Electivire|255\/291|[from] Stealth Rock
|turn|16
|choice|move dragontail|move thunderpunch
|
|move|p2a: Electivire|Thunder Punch|p1a: Jurassic
|-damage|p1a: Jurassic|0 fnt
|faint|p1a: Jurassic
|
|upkeep
|choice|switch 2|
|
|switch|p1a: M. Bison|Bouffalant, M, shiny|394\/394
|turn|17
|choice|move outrage|move thunderpunch
|
|move|p2a: Electivire|Thunder Punch|p1a: M. Bison
|-damage|p1a: M. Bison|249\/394
|move|p1a: M. Bison|Outrage|p2a: Electivire
|-damage|p2a: Electivire|90\/291
|
|upkeep
|turn|18
|choice|move outrage|move thunderpunch
|
|move|p2a: Electivire|Thunder Punch|p1a: M. Bison
|-damage|p1a: M. Bison|107\/394
|move|p1a: M. Bison|Outrage|p2a: Electivire|[from]lockedmove
|-damage|p2a: Electivire|0 fnt
|faint|p2a: Electivire
|
|upkeep
|choice||switch 2
|
|switch|p2a: Liepard|Liepard, M|269\/269
|-damage|p2a: Liepard|236\/269|[from] Stealth Rock
|turn|19
|choice|move outrage|move fakeout
|
|move|p2a: Liepard|Fake Out|p1a: M. Bison
|-damage|p1a: M. Bison|79\/394
|cant|p1a: M. Bison|flinch
|
|-start|p1a: M. Bison|confusion|[fatigue]
|upkeep
|-enditem|p1a: M. Bison|Lum Berry|[eat]
|-end|p1a: M. Bison|confusion
|turn|20
|choice|move megahorn|move darkpulse
|
|move|p2a: Liepard|Dark Pulse|p1a: M. Bison
|-damage|p1a: M. Bison|0 fnt
|faint|p1a: M. Bison
|
|upkeep
|choice|switch 6|
|
|switch|p1a: Cloud Nine|Altaria, M|354\/354
|-ability|p1a: Cloud Nine|Cloud Nine
|turn|21
|choice|move dragonclaw|move nastyplot
|
|move|p2a: Liepard|Nasty Plot|p2a: Liepard
|-boost|p2a: Liepard|spa|2
|move|p1a: Cloud Nine|Dragon Claw|p2a: Liepard
|-damage|p2a: Liepard|26\/269
|
|upkeep
|turn|22
|choice|move dragonclaw|move hiddenpower
|
|move|p2a: Liepard|Hidden Power|p1a: Cloud Nine
|-supereffective|p1a: Cloud Nine
|-damage|p1a: Cloud Nine|0 fnt
|faint|p1a: Cloud Nine
|
|win|james z.
|c|☆james z.|gg
|l|Chris41</script>
</div>
<div class="battle-log battle-log-inline"><div class="inner"><div class="battle-options"></div><div class="inner"><div class="chat"><small>Chris41 joined.</small></div><div class="chat"><small>james z. joined.</small></div><div class=""><small>Format:</small> <br><strong>NU</strong></div><div class=""><small><em>Sleep Clause Mod:</em> Limit one foe put to sleep</small></div><div class=""><small><em>Species Clause:</em> Limit one of each Pokémon</small></div><div class=""><small><em>OHKO Clause:</em> OHKO moves are banned</small></div><div class=""><small><em>Moody Clause:</em> Moody is banned</small></div><div class=""><small><em>Evasion Moves Clause:</em> Evasion moves are banned</small></div><div class=""><small><em>Endless Battle Clause:</em> Forcing endless battles is banned</small></div><div class=""><small><em>HP Percentage Mod:</em> HP is shown in percentages</small></div><div class=""><small><em>Swagger Clause:</em> Swagger is banned</small></div><div class=""><small><em>Baton Pass Clause:</em> Limit one Baton Passer, can't pass Spe and other stats simultaneously</small></div><div class="chat battle-history"><strong>Chris41's team:</strong> <em style="color:#445566;display:block;">Carbink / Bouffalant / Aurorus / Chatot / Bibarel / Altaria</em></div><div class="chat battle-history"><strong>james z.'s team:</strong> <em style="color:#445566;display:block;">Trevenant / Liepard / Relicanth / Ursaring / Electivire / Magmortar</em></div><div class="spacer battle-history"><br></div><div class="battle-history">Battle started between Chris41 and james z.!<br></div><div class="spacer battle-history"><br></div><div class="battle-history">Go! Jewel (<strong>Carbink</strong>)!<br></div><div class="spacer battle-history"><br></div><div class="battle-history">james z. sent out <strong>Magmortar</strong>!<br></div><div class="spacer battle-history"><br></div><h2 class="battle-history">Turn 1</h2><div class="spacer battle-history"><br></div><div class="battle-history">The opposing Magmortar used <strong>Belly Drum</strong>!<br></div><div class="battle-history"><small>(The opposing Magmortar lost <abbr title="−177/354">50%</abbr> of its health!)</small><br></div><div class="battle-history"><small>The opposing Magmortar cut its own HP and maximized its Attack!</small><br></div><div class="battle-history"><small>The opposing Magmortar ate its Sitrus Berry!</small><br></div><div class="battle-history"><small>The opposing Magmortar restored HP using its Sitrus Berry!</small><br></div><div class="spacer battle-history"><br></div><div class="battle-history">Jewel used <strong>Stealth Rock</strong>!<br></div><div class="battle-history"><small>Pointed stones float in the air around the opposing team!</small><br></div><div class="spacer battle-history"><br></div><h2 class="battle-history">Turn 2</h2><div class="spacer battle-history"><br></div><div class="battle-history">The opposing Magmortar used <strong>Flame Charge</strong>!<br></div><div class="battle-history"><small>It's not very effective...</small><br></div><div class="battle-history"><small>(Jewel lost <abbr title="−77/304">25.3%</abbr> of its health!)</small><br></div><div class="battle-history"><small>The opposing Magmortar's Speed rose!</small><br></div><div class="spacer battle-history"><br></div><div class="battle-history">Jewel used <strong>Light Screen</strong>!<br></div><div class="battle-history"><small>Light Screen made your team stronger against special moves!</small><br></div><div class="spacer battle-history"><br></div><div class="battle-history"><small>Jewel restored a little HP using its Leftovers!</small><br></div><div class="spacer battle-history"><br></div><h2 class="battle-history">Turn 3</h2><div class="spacer battle-history"><br></div><div class="battle-history">Jewel used <strong>Protect</strong>!<br></div><div class="battle-history"><small>Jewel protected itself!</small><br></div><div class="spacer battle-history"><br></div><div class="battle-history">The opposing Magmortar used <strong>Flame Charge</strong>!<br></div><div class="battle-history"><small>Jewel protected itself!</small><br></div><div class="spacer battle-history"><br></div><div class="battle-history"><small>Jewel restored a little HP using its Leftovers!</small><br></div><div class="spacer battle-history"><br></div><h2 class="battle-history">Turn 4</h2><div class="spacer battle-history"><br></div><div class="battle-history">The opposing Magmortar used <strong>Flame Charge</strong>!<br></div><div class="battle-history"><small>It's not very effective...</small><br></div><div class="battle-history"><small>(Jewel lost <abbr title="−81/304">26.6%</abbr> of its health!)</small><br></div><div class="battle-history"><small>The opposing Magmortar's Speed rose!</small><br></div><div class="spacer battle-history"><br></div><div class="battle-history">Jewel used <strong>Light Screen</strong>!<br></div><div class="battle-history"><small>But it failed!</small><br></div><div class="spacer battle-history"><br></div><div class="battle-history"><small>Jewel restored a little HP using its Leftovers!</small><br></div><div class="spacer battle-history"><br></div><h2 class="battle-history">Turn 5</h2><div class="spacer battle-history"><br></div><div class="battle-history">Jewel used <strong>Protect</strong>!<br></div><div class="battle-history"><small>Jewel protected itself!</small><br></div><div class="spacer battle-history"><br></div><div class="battle-history">The opposing Magmortar used <strong>Flame Charge</strong>!<br></div><div class="battle-history"><small>Jewel protected itself!</small><br></div><div class="spacer battle-history"><br></div><div class="battle-history"><small>Jewel restored a little HP using its Leftovers!</small><br></div><div class="spacer battle-history"><br></div><h2 class="battle-history">Turn 6</h2><div class="spacer battle-history"><br></div><div class="battle-history">Jewel used <strong>Protect</strong>!<br></div><div class="battle-history"><small>But it failed!</small><br></div><div class="spacer battle-history"><br></div><div class="battle-history">The opposing Magmortar used <strong>Flame Charge</strong>!<br></div><div class="battle-history"><small>It's not very effective...</small><br></div><div class="battle-history"><small>(Jewel lost <abbr title="−81/304">26.6%</abbr> of its health!)</small><br></div><div class="battle-history"><small>The opposing Magmortar's Speed rose!</small><br></div><div class="spacer battle-history"><br></div><div class="battle-history"><small>Jewel restored a little HP using its Leftovers!</small><br></div><div class="battle-history"><small>Your team's Light Screen wore off!</small><br></div><div class="spacer battle-history"><br></div><h2 class="battle-history">Turn 7</h2><div class="spacer battle-history"><br></div><div class="battle-history">The opposing Magmortar used <strong>Flame Charge</strong>!<br></div><div class="battle-history"><small>It's not very effective...</small><br></div><div class="battle-history"><small>(Jewel lost <abbr title="−78/304">25.7%</abbr> of its health!)</small><br></div><div class="battle-history"><small>The opposing Magmortar's Speed rose!</small><br></div><div class="spacer battle-history"><br></div><div class="battle-history">Jewel used <strong>Light Screen</strong>!<br></div><div class="battle-history"><small>Light Screen made your team stronger against special moves!</small><br></div><div class="spacer battle-history"><br></div><div class="battle-history"><small>Jewel restored a little HP using its Leftovers!</small><br></div><div class="spacer battle-history"><br></div><h2 class="battle-history">Turn 8</h2><div class="spacer battle-history"><br></div><div class="battle-history">The opposing Magmortar used <strong>Flame Charge</strong>!<br></div><div class="battle-history"><small>It's not very effective...</small><br></div><div class="battle-history"><small>(Jewel lost <abbr title="−77/304">25.3%</abbr> of its health!)</small><br></div><div class="battle-history"><small>The opposing Magmortar's Speed rose!</small><br></div><div class="spacer battle-history"><br></div><div class="battle-history">Jewel used <strong>Light Screen</strong>!<br></div><div class="battle-history"><small>But it failed!</small><br></div><div class="spacer battle-history"><br></div><div class="battle-history"><small>Jewel restored a little HP using its Leftovers!</small><br></div><div class="spacer battle-history"><br></div><h2 class="battle-history">Turn 9</h2><div class="spacer battle-history"><br></div><div class="battle-history">Jewel used <strong>Protect</strong>!<br></div><div class="battle-history"><small>Jewel protected itself!</small><br></div><div class="spacer battle-history"><br></div><div class="battle-history">The opposing Magmortar used <strong>Flame Charge</strong>!<br></div><div class="battle-history"><small>Jewel protected itself!</small><br></div><div class="spacer battle-history"><br></div><div class="battle-history"><small>Jewel restored a little HP using its Leftovers!</small><br></div><div class="spacer battle-history"><br></div><h2 class="battle-history">Turn 10</h2><div class="spacer battle-history"><br></div><div class="battle-history">The opposing Magmortar used <strong>Flame Charge</strong>!<br></div><div class="battle-history"><small>It's not very effective...</small><br></div><div class="battle-history"><small>(Jewel lost <abbr title="−62/304">20.4%</abbr> of its health!)</small><br></div><div class="battle-history"><small>The opposing Magmortar's Speed rose!</small><br></div><div class="spacer battle-history"><br></div><div class="battle-history">Jewel fainted!<br></div><div class="spacer battle-history"><br></div><div class="battle-history">Go! Birdie (<strong>Chatot</strong>)!<br></div><div class="spacer battle-history"><br></div><h2 class="battle-history">Turn 11</h2><div class="spacer battle-history"><br></div><div class="battle-history">The opposing Magmortar used <strong>Flame Charge</strong>!<br></div><div class="battle-history"><small>(Birdie lost <abbr title="−294/294">100%</abbr> of its health!)</small><br></div><div class="spacer battle-history"><br></div><div class="battle-history">Birdie fainted!<br></div><div class="spacer battle-history"><br></div><div class="battle-history"><small>Your team's Light Screen wore off!</small><br></div><div class="spacer battle-history"><br></div><div class="battle-history">Go! Gaming beaver (<strong>Bibarel</strong>)!<br></div><div class="spacer battle-history"><br></div><h2 class="battle-history">Turn 12</h2><div class="spacer battle-history"><br></div><div class="battle-history">The opposing Magmortar used <strong>Mach Punch</strong>!<br></div><div class="battle-history"><small>It's super effective!</small><br></div><div class="battle-history"><small>(Gaming beaver lost <abbr title="−96/299">32.1%</abbr> of its health!)</small><br></div><div class="spacer battle-history"><br></div><div class="battle-history">Gaming beaver used <strong>Super Fang</strong>!<br></div><div class="battle-history"><small>(The opposing Magmortar lost <abbr title="−132/354">37.3%</abbr> of its health!)</small><br></div><div class="spacer battle-history"><br></div><div class="battle-history"><small>Gaming beaver was badly poisoned!</small><br></div><div class="spacer battle-history"><br></div><h2 class="battle-history">Turn 13</h2><div class="spacer battle-history"><br></div><div class="battle-history">The opposing Magmortar used <strong>Flame Charge</strong>!<br></div><div class="battle-history"><small>It's not very effective...</small><br></div><div class="battle-history"><small>(Gaming beaver lost <abbr title="−41/299">13.7%</abbr> of its health!)</small><br></div><div class="spacer battle-history"><br></div><div class="battle-history">Gaming beaver used <strong>Facade</strong>!<br></div><div class="battle-history"><small>A critical hit!</small><br></div><div class="battle-history"><small>(The opposing Magmortar lost <abbr title="−133/354">37.6%</abbr> of its health!)</small><br></div><div class="spacer battle-history"><br></div><div class="battle-history">The opposing Magmortar fainted!<br></div><div class="spacer battle-history"><br></div><div class="battle-history"><small>Gaming beaver was hurt by poison!</small><br></div><div class="spacer battle-history"><br></div><div class="battle-history">james z. sent out <strong>Trevenant</strong>!<br></div><div class="battle-history"><small>Pointed stones dug into the opposing Trevenant!</small><br></div><div class="spacer battle-history"><br></div><h2 class="battle-history">Turn 14</h2><div class="spacer battle-history"><br></div><div class="battle-history">Gaming beaver used <strong>Aqua Tail</strong>!<br></div><div class="battle-history"><small>It's not very effective...</small><br></div><div class="battle-history"><small>(The opposing Trevenant lost <abbr title="−74/374">19.8%</abbr> of its health!)</small><br></div><div class="spacer battle-history"><br></div><div class="battle-history">The opposing Trevenant used <strong>Drain Punch</strong>!<br></div><div class="battle-history"><small>It's super effective!</small><br></div><div class="battle-history"><small>(Gaming beaver lost <abbr title="−144/299">48.2%</abbr> of its health!)</small><br></div><div class="battle-history"><small>Gaming beaver had its energy drained!</small><br></div><div class="spacer battle-history"><br></div><div class="battle-history">Gaming beaver fainted!<br></div><div class="spacer battle-history"><br></div><div class="battle-history">Go! Jurassic (<strong>Aurorus</strong>)!<br></div><div class="spacer battle-history"><br></div><h2 class="battle-history">Turn 15</h2><div class="spacer battle-history"><br></div><div class="battle-history">The opposing Trevenant used <strong>Drain Punch</strong>!<br></div><div class="battle-history"><small>It's super effective!</small><br></div><div class="battle-history"><small>(Jurassic lost <abbr title="−384/450">85.3%</abbr> of its health!)</small><br></div><div class="battle-history"><small>Jurassic had its energy drained!</small><br></div><div class="spacer battle-history"><br></div><div class="battle-history">Jurassic used <strong>Return</strong>!<br></div><div class="battle-history"><small>It's super effective!</small><br></div><div class="battle-history"><small>(The opposing Trevenant lost <abbr title="−374/374">100%</abbr> of its health!)</small><br></div><div class="spacer battle-history"><br></div><div class="battle-history">The opposing Trevenant fainted!<br></div><div class="spacer battle-history"><br></div><div class="battle-history"><small>Jurassic restored a little HP using its Leftovers!</small><br></div><div class="spacer battle-history"><br></div><div class="battle-history">james z. sent out <strong>Electivire</strong>!<br></div><div class="battle-history"><small>Pointed stones dug into the opposing Electivire!</small><br></div><div class="spacer battle-history"><br></div><h2 class="battle-history">Turn 16</h2><div class="spacer battle-history"><br></div><div class="battle-history">The opposing Electivire used <strong>Thunder Punch</strong>!<br></div><div class="battle-history"><small>(Jurassic lost <abbr title="−94/450">20.9%</abbr> of its health!)</small><br></div><div class="spacer battle-history"><br></div><div class="battle-history">Jurassic fainted!<br></div><div class="spacer battle-history"><br></div><div class="battle-history">Go! M. Bison (<strong>Bouffalant</strong>)!<br></div><div class="spacer battle-history"><br></div><h2 class="battle-history">Turn 17</h2><div class="spacer battle-history"><br></div><div class="battle-history">The opposing Electivire used <strong>Thunder Punch</strong>!<br></div><div class="battle-history"><small>(M. Bison lost <abbr title="−145/394">36.8%</abbr> of its health!)</small><br></div><div class="spacer battle-history"><br></div><div class="battle-history">M. Bison used <strong>Outrage</strong>!<br></div><div class="battle-history"><small>(The opposing Electivire lost <abbr title="−165/291">56.7%</abbr> of its health!)</small><br></div><div class="spacer battle-history"><br></div><h2 class="battle-history">Turn 18</h2><div class="spacer battle-history"><br></div><div class="battle-history">The opposing Electivire used <strong>Thunder Punch</strong>!<br></div><div class="battle-history"><small>(M. Bison lost <abbr title="−142/394">36.0%</abbr> of its health!)</small><br></div><div class="spacer battle-history"><br></div><div class="battle-history">M. Bison used <strong>Outrage</strong>!<br></div><div class="battle-history"><small>(The opposing Electivire lost <abbr title="−90/291">30.9%</abbr> of its health!)</small><br></div><div class="spacer battle-history"><br></div><div class="battle-history">The opposing Electivire fainted!<br></div><div class="spacer battle-history"><br></div><div class="battle-history">james z. sent out <strong>Liepard</strong>!<br></div><div class="battle-history"><small>Pointed stones dug into the opposing Liepard!</small><br></div><div class="spacer battle-history"><br></div><h2 class="battle-history">Turn 19</h2><div class="spacer battle-history"><br></div><div class="battle-history">The opposing Liepard used <strong>Fake Out</strong>!<br></div><div class="battle-history"><small>(M. Bison lost <abbr title="−28/394">7.1%</abbr> of its health!)</small><br></div><div class="spacer battle-history"><br></div><div class="battle-history">M. Bison flinched and couldn't move!<br></div><div class="spacer battle-history"><br></div><div class="battle-history"><small>M. Bison became confused due to fatigue!</small><br></div><div class="spacer battle-history"><br></div><div class="battle-history"><small>M. Bison ate its Lum Berry!</small><br></div><div class="battle-history"><small>M. Bison snapped out of its confusion!</small><br></div><div class="spacer battle-history"><br></div><h2 class="battle-history">Turn 20</h2><div class="spacer battle-history"><br></div><div class="battle-history">The opposing Liepard used <strong>Dark Pulse</strong>!<br></div><div class="battle-history"><small>(M. Bison lost <abbr title="−79/394">20.1%</abbr> of its health!)</small><br></div><div class="spacer battle-history"><br></div><div class="battle-history">M. Bison fainted!<br></div><div class="spacer battle-history"><br></div><div class="battle-history">Go! Cloud Nine (<strong>Altaria</strong>)!<br></div><div class="battle-history"><small>[Cloud Nine's Cloud Nine]</small><br><small>The effects of the weather disappeared.</small><br></div><div class="spacer battle-history"><br></div><h2 class="battle-history">Turn 21</h2><div class="spacer battle-history"><br></div><div class="battle-history">The opposing Liepard used <strong>Nasty Plot</strong>!<br></div><div class="battle-history"><small>The opposing Liepard's Special Attack rose sharply!</small><br></div><div class="spacer battle-history"><br></div><div class="battle-history">Cloud Nine used <strong>Dragon Claw</strong>!<br></div><div class="battle-history"><small>(The opposing Liepard lost <abbr title="−210/269">78.1%</abbr> of its health!)</small><br></div><div class="spacer battle-history"><br></div><h2 class="battle-history">Turn 22</h2><div class="spacer battle-history"><br></div><div class="battle-history">The opposing Liepard used <strong>Hidden Power</strong>!<br></div><div class="battle-history"><small>It's super effective!</small><br></div><div class="battle-history"><small>(Cloud Nine lost <abbr title="−354/354">100%</abbr> of its health!)</small><br></div><div class="spacer battle-history"><br></div><div class="battle-history">Cloud Nine fainted!<br></div><div class="spacer battle-history"><br></div><div class="battle-history"><strong>james z.</strong> won the battle!<br></div><div class="chat chatmessage-jamesz"><strong style="color:hsl(37,44%,37%)"><small>☆</small><span class="username" data-name="james z.">james z.</span>:</strong> <em>gg</em></div><div class="chat"><small>Chris41 left.</small></div></div><div class="inner-preempt"></div></div></div>
</div>
<script>
let daily = Math.floor(Date.now()/1000/60/60/24);document.write('<script src="https://play.pokemonshowdown.com/js/replay-embed.js?version'+daily+'"></'+'script>');
</script>
