<!DOCTYPE html>
<meta charset="utf-8" />
<!-- version 1 -->
<title>NU replay: Nicocolai vs. Christmastree5</title>
<style>
html,body {font-family:Verdana, sans-serif;font-size:10pt;margin:0;padding:0;}body{padding:12px 0;} .battle-log {font-family:Verdana, sans-serif;font-size:10pt;} .battle-log-inline {border:1px solid #AAAAAA;background:#EEF2F5;color:black;max-width:640px;margin:0 auto 80px;padding-bottom:5px;} .battle-log .inner {padding:4px 8px 0px 8px;} .battle-log .inner-preempt {padding:0 8px 4px 8px;} .battle-log .inner-after {margin-top:0.5em;} .battle-log h2 {margin:0.5em -8px;padding:4px 8px;border:1px solid #AAAAAA;background:#E0E7EA;border-left:0;border-right:0;font-family:Verdana, sans-serif;font-size:13pt;} .battle-log .chat {vertical-align:middle;padding:3px 0 3px 0;font-size:8pt;} .battle-log .chat strong {color:#40576A;} .battle-log .chat em {padding:1px 4px 1px 3px;color:#000000;font-style:normal;} .chat.mine {background:rgba(0,0,0,0.05);margin-left:-8px;margin-right:-8px;padding-left:8px;padding-right:8px;} .spoiler {color:#BBBBBB;background:#BBBBBB;padding:0px 3px;} .spoiler:hover, .spoiler:active, .spoiler-shown {color:#000000;background:#E2E2E2;padding:0px 3px;} .spoiler a {color:#BBBBBB;} .spoiler:hover a, .spoiler:active a, .spoiler-shown a {color:#2288CC;} .chat code, .chat .spoiler:hover code, .chat .spoiler:active code, .chat .spoiler-shown code {border:1px solid #C0C0C0;background:#EEEEEE;color:black;padding:0 2px;} .chat .spoiler code {border:1px solid #CCCCCC;background:#CCCCCC;color:#CCCCCC;} .battle-log .rated {padding:3px 4px;} .battle-log .rated strong {color:white;background:#89A;padding:1px 4px;border-radius:4px;} .spacer {margin-top:0.5em;} .message-announce {background:#6688AA;color:white;padding:1px 4px 2px;} .message-announce a, .broadcast-green a, .broadcast-blue a, .broadcast-red a {color:#DDEEFF;} .broadcast-green {background-color:#559955;color:white;padding:2px 4px;} .broadcast-blue {background-color:#6688AA;color:white;padding:2px 4px;} .infobox {border:1px solid #6688AA;padding:2px 4px;} .infobox-limited {max-height:200px;overflow:auto;overflow-x:hidden;} .broadcast-red {background-color:#AA5544;color:white;padding:2px 4px;} .message-learn-canlearn {font-weight:bold;color:#228822;text-decoration:underline;} .message-learn-cannotlearn {font-weight:bold;color:#CC2222;text-decoration:underline;} .message-effect-weak {font-weight:bold;color:#CC2222;} .message-effect-resist {font-weight:bold;color:#6688AA;} .message-effect-immune {font-weight:bold;color:#666666;} .message-learn-list {margin-top:0;margin-bottom:0;} .message-throttle-notice, .message-error {color:#992222;} .message-overflow, .chat small.message-overflow {font-size:0pt;} .message-overflow::before {font-size:9pt;content:'...';} .subtle {color:#3A4A66;}
</style>
<div class="wrapper replay-wrapper" style="max-width:1180px;margin:0 auto">
<input type="hidden" name="replayid" value="nu-502681478" />
<div class="battle"></div><div class="battle-log"></div><div class="replay-controls"></div><div class="replay-controls-2"></div>
<h1 style="font-weight:normal;text-align:center"><strong>NU</strong><br /><a href="http://pokemonshowdown.com/users/nicocolai" class="subtle" target="_blank">Nicocolai</a> vs. <a href="http://pokemonshowdown.com/users/christmastree5" class="subtle" target="_blank">Christmastree5</a></h1>
<script type="text/plain" class="battle-log-data">|j|Nicocolai
|j|Christmastree5
|player|p1|Nicocolai|266
|player|p2|Christmastree5|126
|gametype|singles
|gen|6
|tier|NU
|rated
|seed|2685,48415,55399,48535
|rule|Baton Pass Speed Clause: Limit one Baton Passer, can't pass Speed
|rule|Sleep Clause Mod: Limit one foe put to sleep
|rule|Species Clause: Limit one of each Pokémon
|rule|OHKO Clause: OHKO moves are banned
|rule|Moody Clause: Moody is banned
|rule|Evasion Moves Clause: Evasion moves are banned
|rule|Endless Battle Clause: Forcing endless battles is banned
|rule|HP Percentage Mod: HP is shown in percentages
|clearpoke
|poke|p1|Muk, M, shiny|item
|poke|p1|Kecleon, F|item
|poke|p1|Vivillon-Continental, F|item
|poke|p1|Steelix, F|item
|poke|p1|Raticate, M|item
|poke|p1|Quagsire, M|item
|poke|p2|Bibarel, F|item
|poke|p2|Abomasnow, M, shiny|item
|poke|p2|Vileplume, M, shiny|item
|poke|p2|Claydol, shiny|item
|poke|p2|Vigoroth, F, shiny|item
|poke|p2|Dedenne, F, shiny|item
|rule|Swagger Clause: Swagger is banned
|rule|Baton Pass Clause: Limit one Baton Passer, can't pass Spe and other stats simultaneously
|teampreview
|choice|team 4, team 2, team 3, team 1, team 5, team 6|team 4, team 2, team 3, team 1, team 5, team 6
|
|start
|switch|p1a: Ms. Beverly|Steelix, F|354\/354
|switch|p2a: Claydol|Claydol, shiny|309\/309
|turn|1
|choice|switch 6|move earthpower
|
|switch|p1a: Blueberry|Quagsire, M|331\/331
|move|p2a: Claydol|Earth Power|p1a: Blueberry
|-damage|p1a: Blueberry|207\/331
|
|-heal|p1a: Blueberry|227\/331|[from] item: Leftovers
|upkeep
|turn|2
|choice|move scald|switch 2
|
|switch|p2a: Abomasnow|Abomasnow, M, shiny|335\/335
|-weather|Hail|[from] ability: Snow Warning|[of] p2a: Abomasnow
|move|p1a: Blueberry|Scald|p2a: Abomasnow
|-resisted|p2a: Abomasnow
|-damage|p2a: Abomasnow|305\/335
|
|-weather|Hail|[upkeep]
|-damage|p1a: Blueberry|207\/331|[from] hail
|-heal|p1a: Blueberry|227\/331|[from] item: Leftovers
|upkeep
|turn|3
|choice|move hiddenpower|move gigadrain
|
|move|p2a: Abomasnow|Giga Drain|p1a: Blueberry
|-supereffective|p1a: Blueberry
|-damage|p1a: Blueberry|0 fnt
|-heal|p2a: Abomasnow|335\/335|[from] drain|[of] p1a: Blueberry
|faint|p1a: Blueberry
|
|-weather|Hail|[upkeep]
|upkeep
|choice|switch 6|
|
|switch|p1a: Ms. Beverly|Steelix, F|354\/354
|turn|4
|choice|move stealthrock|move gigadrain
|
|move|p2a: Abomasnow|Giga Drain|p1a: Ms. Beverly
|-damage|p1a: Ms. Beverly|240\/354
|move|p1a: Ms. Beverly|Stealth Rock|p2a: Abomasnow
|-sidestart|p2: Christmastree5|move: Stealth Rock
|
|-weather|Hail|[upkeep]
|-damage|p1a: Ms. Beverly|218\/354|[from] hail
|-heal|p1a: Ms. Beverly|240\/354|[from] item: Leftovers
|upkeep
|turn|5
|choice|move earthquake|move icepunch
|
|move|p2a: Abomasnow|Ice Punch|p1a: Ms. Beverly
|-damage|p1a: Ms. Beverly|198\/354
|move|p1a: Ms. Beverly|Earthquake|p2a: Abomasnow
|-resisted|p2a: Abomasnow
|-damage|p2a: Abomasnow|272\/335
|
|-weather|Hail|[upkeep]
|-damage|p1a: Ms. Beverly|176\/354|[from] hail
|-heal|p1a: Ms. Beverly|198\/354|[from] item: Leftovers
|upkeep
|turn|6
|choice|switch 4|move gigadrain
|
|switch|p1a: Hi buddy|Muk, M, shiny|414\/414
|move|p2a: Abomasnow|Giga Drain|p1a: Hi buddy
|-resisted|p1a: Hi buddy
|-damage|p1a: Hi buddy|384\/414
|-heal|p2a: Abomasnow|287\/335|[from] drain|[of] p1a: Hi buddy
|
|-weather|none
|-heal|p1a: Hi buddy|409\/414|[from] item: Black Sludge
|upkeep
|turn|7
|choice|move curse|switch 2
|
|switch|p2a: Claydol|Claydol, shiny|309\/309
|-damage|p2a: Claydol|290\/309|[from] Stealth Rock
|move|p1a: Hi buddy|Curse|p1a: Hi buddy
|-unboost|p1a: Hi buddy|spe|1
|-boost|p1a: Hi buddy|atk|1
|-boost|p1a: Hi buddy|def|1
|
|-heal|p1a: Hi buddy|414\/414|[from] item: Black Sludge
|upkeep
|turn|8
|choice|switch 3|move psyshock
|
|switch|p1a: Dante|Vivillon-Continental, F|302\/302
|move|p2a: Claydol|Psyshock|p1a: Dante
|-crit|p1a: Dante
|-enditem|p1a: Dante|Focus Sash
|-damage|p1a: Dante|1\/302
|
|upkeep
|turn|9
|choice|move sleeppowder|move psyshock
|
|move|p1a: Dante|Sleep Powder|p2a: Claydol
|-status|p2a: Claydol|slp
|cant|p2a: Claydol|slp
|
|upkeep
|turn|10
|choice|move bugbuzz|move psyshock
|
|move|p1a: Dante|Bug Buzz|p2a: Claydol
|-supereffective|p2a: Claydol
|-damage|p2a: Claydol|84\/309 slp
|cant|p2a: Claydol|slp
|
|upkeep
|turn|11
|choice|move bugbuzz|switch 6
|
|switch|p2a: Dedenne|Dedenne, F, shiny|300\/300
|-damage|p2a: Dedenne|263\/300|[from] Stealth Rock
|move|p1a: Dante|Bug Buzz|p2a: Dedenne
|-resisted|p2a: Dedenne
|-damage|p2a: Dedenne|180\/300
|
|upkeep
|turn|12
|choice|switch 4|move toxic
|
|switch|p1a: Ms. Beverly|Steelix, F|198\/354
|move|p2a: Dedenne|Toxic|p1a: Ms. Beverly
|-immune|p1a: Ms. Beverly|[msg]
|
|-heal|p1a: Ms. Beverly|220\/354|[from] item: Leftovers
|upkeep
|turn|13
|choice|switch 4|switch 6
|
|switch|p2a: Claydol|Claydol, shiny|84\/309 slp
|-damage|p2a: Claydol|65\/309 slp|[from] Stealth Rock
|switch|p1a: Dante|Vivillon-Continental, F|1\/302
|
|upkeep
|turn|14
|choice|move bugbuzz|switch 3
|
|switch|p2a: Vileplume|Vileplume, M, shiny|314\/314
|-damage|p2a: Vileplume|275\/314|[from] Stealth Rock
|move|p1a: Dante|Bug Buzz|p2a: Vileplume
|-damage|p2a: Vileplume|191\/314
|
|upkeep
|turn|15
|choice|move hurricane|move dazzlinggleam
|
|move|p1a: Dante|Hurricane|p2a: Vileplume
|-supereffective|p2a: Vileplume
|-damage|p2a: Vileplume|0 fnt
|faint|p2a: Vileplume
|
|upkeep
|choice||switch 4
|
|switch|p2a: Bibarel|Bibarel, F|328\/328
|-damage|p2a: Bibarel|287\/328|[from] Stealth Rock
|turn|16
|choice|switch 3|move quickattack
|
|switch|p1a: Hi buddy|Muk, M, shiny|414\/414
|move|p2a: Bibarel|Quick Attack|p1a: Hi buddy
|-damage|p1a: Hi buddy|340\/414
|-damage|p2a: Bibarel|255\/328|[from] item: Life Orb
|
|-heal|p1a: Hi buddy|365\/414|[from] item: Black Sludge
|upkeep
|turn|17
|choice|move curse|switch 3
|
|switch|p2a: Claydol|Claydol, shiny|65\/309 slp
|-damage|p2a: Claydol|46\/309 slp|[from] Stealth Rock
|move|p1a: Hi buddy|Curse|p1a: Hi buddy
|-unboost|p1a: Hi buddy|spe|1
|-boost|p1a: Hi buddy|atk|1
|-boost|p1a: Hi buddy|def|1
|
|-heal|p1a: Hi buddy|390\/414|[from] item: Black Sludge
|upkeep
|turn|18
|choice|move shadowsneak|move earthpower
|
|move|p1a: Hi buddy|Shadow Sneak|p2a: Claydol
|-supereffective|p2a: Claydol
|-damage|p2a: Claydol|0 fnt
|faint|p2a: Claydol
|
|-heal|p1a: Hi buddy|414\/414|[from] item: Black Sludge
|upkeep
|choice||switch 5
|
|switch|p2a: Vigoroth|Vigoroth, F, shiny|317\/317
|-damage|p2a: Vigoroth|278\/317|[from] Stealth Rock
|turn|19
|choice|switch 4|move earthquake
|
|switch|p1a: Ms. Beverly|Steelix, F|220\/354
|move|p2a: Vigoroth|Earthquake|p1a: Ms. Beverly
|-supereffective|p1a: Ms. Beverly
|-damage|p1a: Ms. Beverly|144\/354
|
|-heal|p1a: Ms. Beverly|166\/354|[from] item: Leftovers
|upkeep
|turn|20
|choice|move earthquake|move earthquake
|
|move|p2a: Vigoroth|Earthquake|p1a: Ms. Beverly
|-supereffective|p1a: Ms. Beverly
|-damage|p1a: Ms. Beverly|92\/354
|move|p1a: Ms. Beverly|Earthquake|p2a: Vigoroth
|-damage|p2a: Vigoroth|205\/317
|
|-heal|p1a: Ms. Beverly|114\/354|[from] item: Leftovers
|upkeep
|turn|21
|choice|switch 3|move firepunch
|
|switch|p1a: Dante|Vivillon-Continental, F|1\/302
|move|p2a: Vigoroth|Fire Punch|p1a: Dante
|-supereffective|p1a: Dante
|-damage|p1a: Dante|0 fnt
|faint|p1a: Dante
|
|upkeep
|choice|switch 2|
|
|switch|p1a: Tounge?|Kecleon, F|262\/262
|turn|22
|choice|move fakeout|move return
|
|move|p1a: Tounge?|Fake Out|p2a: Vigoroth
|-damage|p2a: Vigoroth|160\/317
|cant|p2a: Vigoroth|flinch
|
|upkeep
|turn|23
|choice|move suckerpunch|move return
|
|move|p1a: Tounge?|Sucker Punch|p2a: Vigoroth
|-start|p1a: Tounge?|typechange|Dark|[from] Protean
|-damage|p2a: Vigoroth|61\/317
|move|p2a: Vigoroth|Return|p1a: Tounge?
|-damage|p1a: Tounge?|94\/262
|
|upkeep
|turn|24
|choice|move thunderwave|switch 2
|
|switch|p2a: Abomasnow|Abomasnow, M, shiny|287\/335
|-damage|p2a: Abomasnow|204\/335|[from] Stealth Rock
|-weather|Hail|[from] ability: Snow Warning|[of] p2a: Abomasnow
|move|p1a: Tounge?|Thunder Wave|p2a: Abomasnow
|-start|p1a: Tounge?|typechange|Electric|[from] Protean
|-status|p2a: Abomasnow|par
|
|-weather|Hail|[upkeep]
|-damage|p1a: Tounge?|78\/262|[from] hail
|upkeep
|turn|25
|choice|switch 5|move gigadrain
|
|switch|p1a: Goku|Raticate, M|252\/252
|move|p2a: Abomasnow|Giga Drain|p1a: Goku
|-damage|p1a: Goku|149\/252
|-heal|p2a: Abomasnow|256\/335 par|[from] drain|[of] p1a: Goku
|
|-weather|Hail|[upkeep]
|-damage|p1a: Goku|134\/252|[from] hail
|-status|p1a: Goku|brn|[from] item: Flame Orb
|upkeep
|turn|26
|choice|move facade|move brickbreak
|
|move|p1a: Goku|Facade|p2a: Abomasnow
|-damage|p2a: Abomasnow|0 fnt
|-damage|p1a: Goku|92\/252 brn|[from] item: Rocky Helmet|[of] p2a: Abomasnow
|faint|p2a: Abomasnow
|
|-weather|Hail|[upkeep]
|-damage|p1a: Goku|77\/252 brn|[from] hail
|-damage|p1a: Goku|46\/252 brn|[from] brn
|upkeep
|choice||switch 2
|
|switch|p2a: Vigoroth|Vigoroth, F, shiny|61\/317
|-damage|p2a: Vigoroth|22\/317|[from] Stealth Rock
|turn|27
|choice|move suckerpunch|move earthquake
|
|move|p1a: Goku|Sucker Punch|p2a: Vigoroth
|-damage|p2a: Vigoroth|0 fnt
|faint|p2a: Vigoroth
|
|-weather|Hail|[upkeep]
|-damage|p1a: Goku|31\/252 brn|[from] hail
|-damage|p1a: Goku|0 fnt|[from] brn
|upkeep
|faint|p1a: Goku
|choice|switch 5|switch 3
|
|switch|p2a: Bibarel|Bibarel, F|255\/328
|switch|p1a: Tounge?|Kecleon, F|78\/262
|-damage|p2a: Bibarel|214\/328|[from] Stealth Rock
|turn|28
|choice|move fakeout|move waterfall
|
|move|p1a: Tounge?|Fake Out|p2a: Bibarel
|-crit|p2a: Bibarel
|-damage|p2a: Bibarel|100\/328
|cant|p2a: Bibarel|flinch
|
|-weather|none
|upkeep
|turn|29
|choice|switch 4|move waterfall
|
|switch|p1a: Hi buddy|Muk, M, shiny|414\/414
|move|p2a: Bibarel|Waterfall|p1a: Hi buddy
|-damage|p1a: Hi buddy|265\/414
|-damage|p2a: Bibarel|68\/328|[from] item: Life Orb
|
|-heal|p1a: Hi buddy|290\/414|[from] item: Black Sludge
|upkeep
|turn|30
|choice|move poisonjab|move doubleedge
|
|move|p2a: Bibarel|Double-Edge|p1a: Hi buddy
|-damage|p1a: Hi buddy|91\/414
|-damage|p2a: Bibarel|2\/328|[from] recoil|[of] p1a: Hi buddy
|-damage|p2a: Bibarel|0 fnt|[from] item: Life Orb
|faint|p2a: Bibarel
|move|p1a: Hi buddy|Poison Jab|p2: Bibarel|[notarget]
|-notarget
|
|-heal|p1a: Hi buddy|116\/414|[from] item: Black Sludge
|upkeep
|choice||switch 6
|
|switch|p2a: Dedenne|Dedenne, F, shiny|180\/300
|-damage|p2a: Dedenne|143\/300|[from] Stealth Rock
|turn|31
|choice|move shadowsneak|move thunderbolt
|
|move|p1a: Hi buddy|Shadow Sneak|p2a: Dedenne
|-damage|p2a: Dedenne|101\/300
|-status|p2a: Dedenne|psn|[from] ability: Poison Touch|[of] p1a: Hi buddy
|move|p2a: Dedenne|Thunderbolt|p1a: Hi buddy
|-damage|p1a: Hi buddy|41\/414
|
|-heal|p1a: Hi buddy|66\/414|[from] item: Black Sludge
|-damage|p2a: Dedenne|64\/300 psn|[from] psn
|upkeep
|turn|32
|choice|switch 3|move thunderbolt
|
|switch|p1a: Ms. Beverly|Steelix, F|114\/354
|move|p2a: Dedenne|Thunderbolt|p1a: Ms. Beverly
|-immune|p1a: Ms. Beverly|[msg]
|
|-heal|p1a: Ms. Beverly|136\/354|[from] item: Leftovers
|-damage|p2a: Dedenne|27\/300 psn|[from] psn
|upkeep
|turn|33
|-message|Christmastree5 forfeited.
|
|win|Nicocolai
|player|p1
|player|p2
|l|Christmastree5
|l|Nicocolai</script>
</div>
<div class="battle-log battle-log-inline"><div class="inner"><div class="battle-options"></div><div class="inner"><div class="chat"><small>Nicocolai joined.</small></div><div class="chat"><small>Christmastree5 joined.</small></div><div class=""><small>Format:</small> <br><strong>NU</strong></div><div class="rated"><strong>Rated battle</strong></div><div class=""><small><em>Baton Pass Speed Clause:</em> Limit one Baton Passer, can't pass Speed</small></div><div class=""><small><em>Sleep Clause Mod:</em> Limit one foe put to sleep</small></div><div class=""><small><em>Species Clause:</em> Limit one of each Pokémon</small></div><div class=""><small><em>OHKO Clause:</em> OHKO moves are banned</small></div><div class=""><small><em>Moody Clause:</em> Moody is banned</small></div><div class=""><small><em>Evasion Moves Clause:</em> Evasion moves are banned</small></div><div class=""><small><em>Endless Battle Clause:</em> Forcing endless battles is banned</small></div><div class=""><small><em>HP Percentage Mod:</em> HP is shown in percentages</small></div><div class=""><small><em>Swagger Clause:</em> Swagger is banned</small></div><div class=""><small><em>Baton Pass Clause:</em> Limit one Baton Passer, can't pass Spe and other stats simultaneously</small></div><div class="chat battle-history"><strong>Nicocolai's team:</strong> <em style="color:#445566;display:block;">Muk / Kecleon / Vivillon-Continental / Steelix / Raticate / Quagsire</em></div><div class="chat battle-history"><strong>Christmastree5's team:</strong> <em style="color:#445566;display:block;">Bibarel / Abomasnow / Vileplume / Claydol / Vigoroth / Dedenne</em></div><div class="spacer battle-history"><br></div><div class="battle-history">Battle started between Nicocolai and Christmastree5!<br></div><div class="spacer battle-history"><br></div><div class="battle-history">Go! Ms. Beverly (<strong>Steelix</strong>)!<br></div><div class="spacer battle-history"><br></div><div class="battle-history">Christmastree5 sent out <strong>Claydol</strong>!<br></div><div class="spacer battle-history"><br></div><h2 class="battle-history">Turn 1</h2><div class="spacer battle-history"><br></div><div class="battle-history">Ms. Beverly, come back!<br></div><div class="battle-history">Go! Blueberry (<strong>Quagsire</strong>)!<br></div><div class="spacer battle-history"><br></div><div class="battle-history">The opposing Claydol used <strong>Earth Power</strong>!<br></div><div class="battle-history"><small>(Blueberry lost <abbr title="−124/331">37.5%</abbr> of its health!)</small><br></div><div class="spacer battle-history"><br></div><div class="battle-history"><small>Blueberry restored a little HP using its Leftovers!</small><br></div><div class="spacer battle-history"><br></div><h2 class="battle-history">Turn 2</h2><div class="spacer battle-history"><br></div><div class="battle-history">Christmastree5 withdrew Claydol!<br></div><div class="battle-history">Christmastree5 sent out <strong>Abomasnow</strong>!<br></div><div class="battle-history"><small>[The opposing Abomasnow's Snow Warning]</small><br><small>It started to hail!</small><br></div><div class="spacer battle-history"><br></div><div class="battle-history">Blueberry used <strong>Scald</strong>!<br></div><div class="battle-history"><small>It's not very effective...</small><br></div><div class="battle-history"><small>(The opposing Abomasnow lost <abbr title="−30/335">9.0%</abbr> of its health!)</small><br></div><div class="spacer battle-history"><br></div><div class="battle-history"><small>The hail is crashing down.</small><br></div><div class="battle-history"><small>Blueberry is buffeted by the hail!</small><br></div><div class="battle-history"><small>Blueberry restored a little HP using its Leftovers!</small><br></div><div class="spacer battle-history"><br></div><h2 class="battle-history">Turn 3</h2><div class="spacer battle-history"><br></div><div class="battle-history">The opposing Abomasnow used <strong>Giga Drain</strong>!<br></div><div class="battle-history"><small>It's super effective!</small><br></div><div class="battle-history"><small>(Blueberry lost <abbr title="−227/331">68.6%</abbr> of its health!)</small><br></div><div class="battle-history"><small>Blueberry had its energy drained!</small><br></div><div class="spacer battle-history"><br></div><div class="battle-history">Blueberry fainted!<br></div><div class="spacer battle-history"><br></div><div class="battle-history"><small>The hail is crashing down.</small><br></div><div class="spacer battle-history"><br></div><div class="battle-history">Go! Ms. Beverly (<strong>Steelix</strong>)!<br></div><div class="spacer battle-history"><br></div><h2 class="battle-history">Turn 4</h2><div class="spacer battle-history"><br></div><div class="battle-history">The opposing Abomasnow used <strong>Giga Drain</strong>!<br></div><div class="battle-history"><small>(Ms. Beverly lost <abbr title="−114/354">32.2%</abbr> of its health!)</small><br></div><div class="spacer battle-history"><br></div><div class="battle-history">Ms. Beverly used <strong>Stealth Rock</strong>!<br></div><div class="battle-history"><small>Pointed stones float in the air around the opposing team!</small><br></div><div class="spacer battle-history"><br></div><div class="battle-history"><small>The hail is crashing down.</small><br></div><div class="battle-history"><small>Ms. Beverly is buffeted by the hail!</small><br></div><div class="battle-history"><small>Ms. Beverly restored a little HP using its Leftovers!</small><br></div><div class="spacer battle-history"><br></div><h2 class="battle-history">Turn 5</h2><div class="spacer battle-history"><br></div><div class="battle-history">The opposing Abomasnow used <strong>Ice Punch</strong>!<br></div><div class="battle-history"><small>(Ms. Beverly lost <abbr title="−42/354">11.9%</abbr> of its health!)</small><br></div><div class="spacer battle-history"><br></div><div class="battle-history">Ms. Beverly used <strong>Earthquake</strong>!<br></div><div class="battle-history"><small>It's not very effective...</small><br></div><div class="battle-history"><small>(The opposing Abomasnow lost <abbr title="−63/335">18.8%</abbr> of its health!)</small><br></div><div class="spacer battle-history"><br></div><div class="battle-history"><small>The hail is crashing down.</small><br></div><div class="battle-history"><small>Ms. Beverly is buffeted by the hail!</small><br></div><div class="battle-history"><small>Ms. Beverly restored a little HP using its Leftovers!</small><br></div><div class="spacer battle-history"><br></div><h2 class="battle-history">Turn 6</h2><div class="spacer battle-history"><br></div><div class="battle-history">Ms. Beverly, come back!<br></div><div class="battle-history">Go! Hi buddy (<strong>Muk</strong>)!<br></div><div class="spacer battle-history"><br></div><div class="battle-history">The opposing Abomasnow used <strong>Giga Drain</strong>!<br></div><div class="battle-history"><small>It's not very effective...</small><br></div><div class="battle-history"><small>(Hi buddy lost <abbr title="−30/414">7.2%</abbr> of its health!)</small><br></div><div class="battle-history"><small>Hi buddy had its energy drained!</small><br></div><div class="spacer battle-history"><br></div><div class="battle-history"><small>The hail stopped.</small><br></div><div class="battle-history"><small>Hi buddy restored a little HP using its Black Sludge!</small><br></div><div class="spacer battle-history"><br></div><h2 class="battle-history">Turn 7</h2><div class="spacer battle-history"><br></div><div class="battle-history">Christmastree5 withdrew Abomasnow!<br></div><div class="battle-history">Christmastree5 sent out <strong>Claydol</strong>!<br></div><div class="battle-history"><small>Pointed stones dug into the opposing Claydol!</small><br></div><div class="spacer battle-history"><br></div><div class="battle-history">Hi buddy used <strong>Curse</strong>!<br></div><div class="battle-history"><small>Hi buddy's Speed fell!</small><br></div><div class="battle-history"><small>Hi buddy's Attack rose!</small><br></div><div class="battle-history"><small>Hi buddy's Defense rose!</small><br></div><div class="spacer battle-history"><br></div><div class="battle-history"><small>Hi buddy restored a little HP using its Black Sludge!</small><br></div><div class="spacer battle-history"><br></div><h2 class="battle-history">Turn 8</h2><div class="spacer battle-history"><br></div><div class="battle-history">Hi buddy, come back!<br></div><div class="battle-history">Go! Dante (<strong>Vivillon-Continental</strong>)!<br></div><div class="spacer battle-history"><br></div><div class="battle-history">The opposing Claydol used <strong>Psyshock</strong>!<br></div><div class="battle-history"><small>A critical hit!</small><br></div><div class="battle-history"><small>Dante hung on using its Focus Sash!</small><br></div><div class="battle-history"><small>(Dante lost <abbr title="−301/302">99.7%</abbr> of its health!)</small><br></div><div class="spacer battle-history"><br></div><h2 class="battle-history">Turn 9</h2><div class="spacer battle-history"><br></div><div class="battle-history">Dante used <strong>Sleep Powder</strong>!<br></div><div class="battle-history"><small>The opposing Claydol fell asleep!</small><br></div><div class="spacer battle-history"><br></div><div class="battle-history">The opposing Claydol is fast asleep.<br></div><div class="spacer battle-history"><br></div><h2 class="battle-history">Turn 10</h2><div class="spacer battle-history"><br></div><div class="battle-history">Dante used <strong>Bug Buzz</strong>!<br></div><div class="battle-history"><small>It's super effective!</small><br></div><div class="battle-history"><small>(The opposing Claydol lost <abbr title="−206/309">66.7%</abbr> of its health!)</small><br></div><div class="spacer battle-history"><br></div><div class="battle-history">The opposing Claydol is fast asleep.<br></div><div class="spacer battle-history"><br></div><h2 class="battle-history">Turn 11</h2><div class="spacer battle-history"><br></div><div class="battle-history">Christmastree5 withdrew Claydol!<br></div><div class="battle-history">Christmastree5 sent out <strong>Dedenne</strong>!<br></div><div class="battle-history"><small>Pointed stones dug into the opposing Dedenne!</small><br></div><div class="spacer battle-history"><br></div><div class="battle-history">Dante used <strong>Bug Buzz</strong>!<br></div><div class="battle-history"><small>It's not very effective...</small><br></div><div class="battle-history"><small>(The opposing Dedenne lost <abbr title="−83/300">27.7%</abbr> of its health!)</small><br></div><div class="spacer battle-history"><br></div><h2 class="battle-history">Turn 12</h2><div class="spacer battle-history"><br></div><div class="battle-history">Dante, come back!<br></div><div class="battle-history">Go! Ms. Beverly (<strong>Steelix</strong>)!<br></div><div class="spacer battle-history"><br></div><div class="battle-history">The opposing Dedenne used <strong>Toxic</strong>!<br></div><div class="battle-history"><small>It doesn't affect Ms. Beverly...</small><br></div><div class="spacer battle-history"><br></div><div class="battle-history"><small>Ms. Beverly restored a little HP using its Leftovers!</small><br></div><div class="spacer battle-history"><br></div><h2 class="battle-history">Turn 13</h2><div class="spacer battle-history"><br></div><div class="battle-history">Christmastree5 withdrew Dedenne!<br></div><div class="battle-history">Christmastree5 sent out <strong>Claydol</strong>!<br></div><div class="battle-history"><small>Pointed stones dug into the opposing Claydol!</small><br></div><div class="spacer battle-history"><br></div><div class="battle-history">Ms. Beverly, come back!<br></div><div class="battle-history">Go! Dante (<strong>Vivillon-Continental</strong>)!<br></div><div class="spacer battle-history"><br></div><h2 class="battle-history">Turn 14</h2><div class="spacer battle-history"><br></div><div class="battle-history">Christmastree5 withdrew Claydol!<br></div><div class="battle-history">Christmastree5 sent out <strong>Vileplume</strong>!<br></div><div class="battle-history"><small>Pointed stones dug into the opposing Vileplume!</small><br></div><div class="spacer battle-history"><br></div><div class="battle-history">Dante used <strong>Bug Buzz</strong>!<br></div><div class="battle-history"><small>(The opposing Vileplume lost <abbr title="−84/314">26.8%</abbr> of its health!)</small><br></div><div class="spacer battle-history"><br></div><h2 class="battle-history">Turn 15</h2><div class="spacer battle-history"><br></div><div class="battle-history">Dante used <strong>Hurricane</strong>!<br></div><div class="battle-history"><small>It's super effective!</small><br></div><div class="battle-history"><small>(The opposing Vileplume lost <abbr title="−191/314">60.8%</abbr> of its health!)</small><br></div><div class="spacer battle-history"><br></div><div class="battle-history">The opposing Vileplume fainted!<br></div><div class="spacer battle-history"><br></div><div class="battle-history">Christmastree5 sent out <strong>Bibarel</strong>!<br></div><div class="battle-history"><small>Pointed stones dug into the opposing Bibarel!</small><br></div><div class="spacer battle-history"><br></div><h2 class="battle-history">Turn 16</h2><div class="spacer battle-history"><br></div><div class="battle-history">Dante, come back!<br></div><div class="battle-history">Go! Hi buddy (<strong>Muk</strong>)!<br></div><div class="spacer battle-history"><br></div><div class="battle-history">The opposing Bibarel used <strong>Quick Attack</strong>!<br></div><div class="battle-history"><small>(Hi buddy lost <abbr title="−74/414">17.9%</abbr> of its health!)</small><br></div><div class="battle-history"><small>The opposing Bibarel lost some of its HP!</small><br></div><div class="spacer battle-history"><br></div><div class="battle-history"><small>Hi buddy restored a little HP using its Black Sludge!</small><br></div><div class="spacer battle-history"><br></div><h2 class="battle-history">Turn 17</h2><div class="spacer battle-history"><br></div><div class="battle-history">Christmastree5 withdrew Bibarel!<br></div><div class="battle-history">Christmastree5 sent out <strong>Claydol</strong>!<br></div><div class="battle-history"><small>Pointed stones dug into the opposing Claydol!</small><br></div><div class="spacer battle-history"><br></div><div class="battle-history">Hi buddy used <strong>Curse</strong>!<br></div><div class="battle-history"><small>Hi buddy's Speed fell!</small><br></div><div class="battle-history"><small>Hi buddy's Attack rose!</small><br></div><div class="battle-history"><small>Hi buddy's Defense rose!</small><br></div><div class="spacer battle-history"><br></div><div class="battle-history"><small>Hi buddy restored a little HP using its Black Sludge!</small><br></div><div class="spacer battle-history"><br></div><h2 class="battle-history">Turn 18</h2><div class="spacer battle-history"><br></div><div class="battle-history">Hi buddy used <strong>Shadow Sneak</strong>!<br></div><div class="battle-history"><small>It's super effective!</small><br></div><div class="battle-history"><small>(The opposing Claydol lost <abbr title="−46/309">14.9%</abbr> of its health!)</small><br></div><div class="spacer battle-history"><br></div><div class="battle-history">The opposing Claydol fainted!<br></div><div class="spacer battle-history"><br></div><div class="battle-history"><small>Hi buddy restored a little HP using its Black Sludge!</small><br></div><div class="spacer battle-history"><br></div><div class="battle-history">Christmastree5 sent out <strong>Vigoroth</strong>!<br></div><div class="battle-history"><small>Pointed stones dug into the opposing Vigoroth!</small><br></div><div class="spacer battle-history"><br></div><h2 class="battle-history">Turn 19</h2><div class="spacer battle-history"><br></div><div class="battle-history">Hi buddy, come back!<br></div><div class="battle-history">Go! Ms. Beverly (<strong>Steelix</strong>)!<br></div><div class="spacer battle-history"><br></div><div class="battle-history">The opposing Vigoroth used <strong>Earthquake</strong>!<br></div><div class="battle-history"><small>It's super effective!</small><br></div><div class="battle-history"><small>(Ms. Beverly lost <abbr title="−76/354">21.5%</abbr> of its health!)</small><br></div><div class="spacer battle-history"><br></div><div class="battle-history"><small>Ms. Beverly restored a little HP using its Leftovers!</small><br></div><div class="spacer battle-history"><br></div><h2 class="battle-history">Turn 20</h2><div class="spacer battle-history"><br></div><div class="battle-history">The opposing Vigoroth used <strong>Earthquake</strong>!<br></div><div class="battle-history"><small>It's super effective!</small><br></div><div class="battle-history"><small>(Ms. Beverly lost <abbr title="−74/354">20.9%</abbr> of its health!)</small><br></div><div class="spacer battle-history"><br></div><div class="battle-history">Ms. Beverly used <strong>Earthquake</strong>!<br></div><div class="battle-history"><small>(The opposing Vigoroth lost <abbr title="−73/317">23.0%</abbr> of its health!)</small><br></div><div class="spacer battle-history"><br></div><div class="battle-history"><small>Ms. Beverly restored a little HP using its Leftovers!</small><br></div><div class="spacer battle-history"><br></div><h2 class="battle-history">Turn 21</h2><div class="spacer battle-history"><br></div><div class="battle-history">Ms. Beverly, come back!<br></div><div class="battle-history">Go! Dante (<strong>Vivillon-Continental</strong>)!<br></div><div class="spacer battle-history"><br></div><div class="battle-history">The opposing Vigoroth used <strong>Fire Punch</strong>!<br></div><div class="battle-history"><small>It's super effective!</small><br></div><div class="battle-history"><small>(Dante lost <abbr title="−1/302">0.3%</abbr> of its health!)</small><br></div><div class="spacer battle-history"><br></div><div class="battle-history">Dante fainted!<br></div><div class="spacer battle-history"><br></div><div class="battle-history">Go! Tounge? (<strong>Kecleon</strong>)!<br></div><div class="spacer battle-history"><br></div><h2 class="battle-history">Turn 22</h2><div class="spacer battle-history"><br></div><div class="battle-history">Tounge? used <strong>Fake Out</strong>!<br></div><div class="battle-history"><small>(The opposing Vigoroth lost <abbr title="−45/317">14.2%</abbr> of its health!)</small><br></div><div class="spacer battle-history"><br></div><div class="battle-history">The opposing Vigoroth flinched and couldn't move!<br></div><div class="spacer battle-history"><br></div><h2 class="battle-history">Turn 23</h2><div class="spacer battle-history"><br></div><div class="battle-history">Tounge? used <strong>Sucker Punch</strong>!<br></div><div class="spacer battle-history"><br></div><div class="battle-history"><small>[Tounge?'s Protean]</small><br><small>Tounge? transformed into the Dark type!</small><br></div><div class="battle-history"><small>(The opposing Vigoroth lost <abbr title="−99/317">31.2%</abbr> of its health!)</small><br></div><div class="spacer battle-history"><br></div><div class="battle-history">The opposing Vigoroth used <strong>Return</strong>!<br></div><div class="battle-history"><small>(Tounge? lost <abbr title="−168/262">64.1%</abbr> of its health!)</small><br></div><div class="spacer battle-history"><br></div><h2 class="battle-history">Turn 24</h2><div class="spacer battle-history"><br></div><div class="battle-history">Christmastree5 withdrew Vigoroth!<br></div><div class="battle-history">Christmastree5 sent out <strong>Abomasnow</strong>!<br></div><div class="battle-history"><small>Pointed stones dug into the opposing Abomasnow!</small><br></div><div class="battle-history"><small>[The opposing Abomasnow's Snow Warning]</small><br><small>It started to hail!</small><br></div><div class="spacer battle-history"><br></div><div class="battle-history">Tounge? used <strong>Thunder Wave</strong>!<br></div><div class="spacer battle-history"><br></div><div class="battle-history"><small>[Tounge?'s Protean]</small><br><small>Tounge? transformed into the Electric type!</small><br></div><div class="battle-history"><small>The opposing Abomasnow is paralyzed! It may be unable to move!</small><br></div><div class="spacer battle-history"><br></div><div class="battle-history"><small>The hail is crashing down.</small><br></div><div class="battle-history"><small>Tounge? is buffeted by the hail!</small><br></div><div class="spacer battle-history"><br></div><h2 class="battle-history">Turn 25</h2><div class="spacer battle-history"><br></div><div class="battle-history">Tounge?, come back!<br></div><div class="battle-history">Go! Goku (<strong>Raticate</strong>)!<br></div><div class="spacer battle-history"><br></div><div class="battle-history">The opposing Abomasnow used <strong>Giga Drain</strong>!<br></div><div class="battle-history"><small>(Goku lost <abbr title="−103/252">40.9%</abbr> of its health!)</small><br></div><div class="battle-history"><small>Goku had its energy drained!</small><br></div><div class="spacer battle-history"><br></div><div class="battle-history"><small>The hail is crashing down.</small><br></div><div class="battle-history"><small>Goku is buffeted by the hail!</small><br></div><div class="battle-history"><small>Goku was burned!</small><br></div><div class="spacer battle-history"><br></div><h2 class="battle-history">Turn 26</h2><div class="spacer battle-history"><br></div><div class="battle-history">Goku used <strong>Facade</strong>!<br></div><div class="battle-history"><small>(The opposing Abomasnow lost <abbr title="−256/335">76.4%</abbr> of its health!)</small><br></div><div class="battle-history"><small>Goku was hurt by the Rocky Helmet!</small><br></div><div class="spacer battle-history"><br></div><div class="battle-history">The opposing Abomasnow fainted!<br></div><div class="spacer battle-history"><br></div><div class="battle-history"><small>The hail is crashing down.</small><br></div><div class="battle-history"><small>Goku is buffeted by the hail!</small><br></div><div class="battle-history"><small>Goku was hurt by its burn!</small><br></div><div class="spacer battle-history"><br></div><div class="battle-history">Christmastree5 sent out <strong>Vigoroth</strong>!<br></div><div class="battle-history"><small>Pointed stones dug into the opposing Vigoroth!</small><br></div><div class="spacer battle-history"><br></div><h2 class="battle-history">Turn 27</h2><div class="spacer battle-history"><br></div><div class="battle-history">Goku used <strong>Sucker Punch</strong>!<br></div><div class="battle-history"><small>(The opposing Vigoroth lost <abbr title="−22/317">6.9%</abbr> of its health!)</small><br></div><div class="spacer battle-history"><br></div><div class="battle-history">The opposing Vigoroth fainted!<br></div><div class="spacer battle-history"><br></div><div class="battle-history"><small>The hail is crashing down.</small><br></div><div class="battle-history"><small>Goku is buffeted by the hail!</small><br></div><div class="battle-history"><small>Goku was hurt by its burn!</small><br></div><div class="spacer battle-history"><br></div><div class="battle-history">Goku fainted!<br></div><div class="spacer battle-history"><br></div><div class="battle-history">Christmastree5 sent out <strong>Bibarel</strong>!<br></div><div class="spacer battle-history"><br></div><div class="battle-history">Go! Tounge? (<strong>Kecleon</strong>)!<br></div><div class="battle-history"><small>Pointed stones dug into the opposing Bibarel!</small><br></div><div class="spacer battle-history"><br></div><h2 class="battle-history">Turn 28</h2><div class="spacer battle-history"><br></div><div class="battle-history">Tounge? used <strong>Fake Out</strong>!<br></div><div class="battle-history"><small>A critical hit!</small><br></div><div class="battle-history"><small>(The opposing Bibarel lost <abbr title="−114/328">34.8%</abbr> of its health!)</small><br></div><div class="spacer battle-history"><br></div><div class="battle-history">The opposing Bibarel flinched and couldn't move!<br></div><div class="spacer battle-history"><br></div><div class="battle-history"><small>The hail stopped.</small><br></div><div class="spacer battle-history"><br></div><h2 class="battle-history">Turn 29</h2><div class="spacer battle-history"><br></div><div class="battle-history">Tounge?, come back!<br></div><div class="battle-history">Go! Hi buddy (<strong>Muk</strong>)!<br></div><div class="spacer battle-history"><br></div><div class="battle-history">The opposing Bibarel used <strong>Waterfall</strong>!<br></div><div class="battle-history"><small>(Hi buddy lost <abbr title="−149/414">36.0%</abbr> of its health!)</small><br></div><div class="battle-history"><small>The opposing Bibarel lost some of its HP!</small><br></div><div class="spacer battle-history"><br></div><div class="battle-history"><small>Hi buddy restored a little HP using its Black Sludge!</small><br></div><div class="spacer battle-history"><br></div><h2 class="battle-history">Turn 30</h2><div class="spacer battle-history"><br></div><div class="battle-history">The opposing Bibarel used <strong>Double-Edge</strong>!<br></div><div class="battle-history"><small>(Hi buddy lost <abbr title="−199/414">48.1%</abbr> of its health!)</small><br></div><div class="battle-history"><small>The opposing Bibarel is damaged by the recoil!</small><br></div><div class="battle-history"><small>The opposing Bibarel lost some of its HP!</small><br></div><div class="spacer battle-history"><br></div><div class="battle-history">The opposing Bibarel fainted!<br></div><div class="battle-history">Hi buddy used <strong>Poison Jab</strong>!<br></div><div class="battle-history"><small>But there was no target...</small><br></div><div class="spacer battle-history"><br></div><div class="battle-history"><small>Hi buddy restored a little HP using its Black Sludge!</small><br></div><div class="spacer battle-history"><br></div><div class="battle-history">Christmastree5 sent out <strong>Dedenne</strong>!<br></div><div class="battle-history"><small>Pointed stones dug into the opposing Dedenne!</small><br></div><div class="spacer battle-history"><br></div><h2 class="battle-history">Turn 31</h2><div class="spacer battle-history"><br></div><div class="battle-history">Hi buddy used <strong>Shadow Sneak</strong>!<br></div><div class="battle-history"><small>(The opposing Dedenne lost <abbr title="−42/300">14.0%</abbr> of its health!)</small><br></div><div class="battle-history"><small>[Hi buddy's Poison Touch]</small><br><small>The opposing Dedenne was poisoned!</small><br></div><div class="spacer battle-history"><br></div><div class="battle-history">The opposing Dedenne used <strong>Thunderbolt</strong>!<br></div><div class="battle-history"><small>(Hi buddy lost <abbr title="−75/414">18.1%</abbr> of its health!)</small><br></div><div class="spacer battle-history"><br></div><div class="battle-history"><small>Hi buddy restored a little HP using its Black Sludge!</small><br></div><div class="battle-history"><small>The opposing Dedenne was hurt by poison!</small><br></div><div class="spacer battle-history"><br></div><h2 class="battle-history">Turn 32</h2><div class="spacer battle-history"><br></div><div class="battle-history">Hi buddy, come back!<br></div><div class="battle-history">Go! Ms. Beverly (<strong>Steelix</strong>)!<br></div><div class="spacer battle-history"><br></div><div class="battle-history">The opposing Dedenne used <strong>Thunderbolt</strong>!<br></div><div class="battle-history"><small>It doesn't affect Ms. Beverly...</small><br></div><div class="spacer battle-history"><br></div><div class="battle-history"><small>Ms. Beverly restored a little HP using its Leftovers!</small><br></div><div class="battle-history"><small>The opposing Dedenne was hurt by poison!</small><br></div><div class="spacer battle-history"><br></div><h2 class="battle-history">Turn 33</h2><div class="spacer battle-history"><br></div><div class="battle-history"><small>Christmastree5 forfeited.</small><br></div><div class="spacer battle-history"><br></div><div class="battle-history"><strong>Nicocolai</strong> won the battle!<br></div><div class="chat"><small>Christmastree5 left.</small></div><div class="chat"><small>Nicocolai left.</small></div></div><div class="inner-preempt"></div></div></div>
</div>
<script>
let daily = Math.floor(Date.now()/1000/60/60/24);document.write('<script src="https://play.pokemonshowdown.com/js/replay-embed.js?version'+daily+'"></'+'script>');
</script>
