<!DOCTYPE html>
<meta charset="utf-8" />
<!-- version 1 -->
<title>NU replay: Teddeh vs. soMerSaults</title>
<style>
html,body {font-family:Verdana, sans-serif;font-size:10pt;margin:0;padding:0;}body{padding:12px 0;} .battle-log {font-family:Verdana, sans-serif;font-size:10pt;} .battle-log-inline {border:1px solid #AAAAAA;background:#EEF2F5;color:black;max-width:640px;margin:0 auto 80px;padding-bottom:5px;} .battle-log .inner {padding:4px 8px 0px 8px;} .battle-log .inner-preempt {padding:0 8px 4px 8px;} .battle-log .inner-after {margin-top:0.5em;} .battle-log h2 {margin:0.5em -8px;padding:4px 8px;border:1px solid #AAAAAA;background:#E0E7EA;border-left:0;border-right:0;font-family:Verdana, sans-serif;font-size:13pt;} .battle-log .chat {vertical-align:middle;padding:3px 0 3px 0;font-size:8pt;} .battle-log .chat strong {color:#40576A;} .battle-log .chat em {padding:1px 4px 1px 3px;color:#000000;font-style:normal;} .chat.mine {background:rgba(0,0,0,0.05);margin-left:-8px;margin-right:-8px;padding-left:8px;padding-right:8px;} .spoiler {color:#BBBBBB;background:#BBBBBB;padding:0px 3px;} .spoiler:hover, .spoiler:active, .spoiler-shown {color:#000000;background:#E2E2E2;padding:0px 3px;} .spoiler a {color:#BBBBBB;} .spoiler:hover a, .spoiler:active a, .spoiler-shown a {color:#2288CC;} .chat code, .chat .spoiler:hover code, .chat .spoiler:active code, .chat .spoiler-shown code {border:1px solid #C0C0C0;background:#EEEEEE;color:black;padding:0 2px;} .chat .spoiler code {border:1px solid #CCCCCC;background:#CCCCCC;color:#CCCCCC;} .battle-log .rated {padding:3px 4px;} .battle-log .rated strong {color:white;background:#89A;padding:1px 4px;border-radius:4px;} .spacer {margin-top:0.5em;} .message-announce {background:#6688AA;color:white;padding:1px 4px 2px;} .message-announce a, .broadcast-green a, .broadcast-blue a, .broadcast-red a {color:#DDEEFF;} .broadcast-green {background-color:#559955;color:white;padding:2px 4px;} .broadcast-blue {background-color:#6688AA;color:white;padding:2px 4px;} .infobox {border:1px solid #6688AA;padding:2px 4px;} .infobox-limited {max-height:200px;overflow:auto;overflow-x:hidden;} .broadcast-red {background-color:#AA5544;color:white;padding:2px 4px;} .message-learn-canlearn {font-weight:bold;color:#228822;text-decoration:underline;} .message-learn-cannotlearn {font-weight:bold;color:#CC2222;text-decoration:underline;} .message-effect-weak {font-weight:bold;color:#CC2222;} .message-effect-resist {font-weight:bold;color:#6688AA;} .message-effect-immune {font-weight:bold;color:#666666;} .message-learn-list {margin-top:0;margin-bottom:0;} .message-throttle-notice, .message-error {color:#992222;} .message-overflow, .chat small.message-overflow {font-size:0pt;} .message-overflow::before {font-size:9pt;content:'...';} .subtle {color:#3A4A66;}
</style>
<div class="wrapper replay-wrapper" style="max-width:1180px;margin:0 auto">
<input type="hidden" name="replayid" value="nu-570958426" />
<div class="battle"></div><div class="battle-log"></div><div class="replay-controls"></div><div class="replay-controls-2"></div>
<h1 style="font-weight:normal;text-align:center"><strong>NU</strong><br /><a href="http://pokemonshowdown.com/users/teddeh" class="subtle" target="_blank">Teddeh</a> vs. <a href="http://pokemonshowdown.com/users/somersaults" class="subtle" target="_blank">soMerSaults</a></h1>
<script type="text/plain" class="battle-log-data">|j|Teddeh
|j|soMerSaults
|player|p1|Teddeh|102
|player|p2|soMerSaults|98
|gametype|singles
|gen|6
|tier|NU
|seed|16985,42069,44697,9109
|rule|Sleep Clause Mod: Limit one foe put to sleep
|rule|Species Clause: Limit one of each Pokémon
|rule|OHKO Clause: OHKO moves are banned
|rule|Moody Clause: Moody is banned
|rule|Evasion Moves Clause: Evasion moves are banned
|rule|Endless Battle Clause: Forcing endless battles is banned
|rule|HP Percentage Mod: HP is shown in percentages
|clearpoke
|poke|p1|Lairon, F|item
|poke|p1|Kangaskhan, F|item
|poke|p1|Garbodor, M|item
|poke|p1|Tauros, M|item
|poke|p1|Xatu, M|item
|poke|p1|Lanturn, M|item
|poke|p2|Charizard, F|item
|poke|p2|Tauros, M|item
|poke|p2|Steelix, M|item
|poke|p2|Xatu, M|item
|poke|p2|Cryogonal|item
|poke|p2|Garbodor, F|item
|rule|Swagger Clause: Swagger is banned
|rule|Baton Pass Clause: Limit one Baton Passer, can't pass Spe and other stats simultaneously
|teampreview
|inactive|Battle timer is ON: inactive players will automatically lose when time's up. (requested by Teddeh)
|choice|team 1, team 2, team 3, team 4, team 5, team 6|team 4, team 2, team 3, team 1, team 5, team 6
|
|start
|switch|p1a: Lairon|Lairon, F|285\/285
|switch|p2a: Wise|Xatu, M|334\/334
|turn|1
|choice|move headsmash|move uturn
|
|move|p2a: Wise|U-turn|p1a: Lairon
|-resisted|p1a: Lairon
|-damage|p1a: Lairon|268\/285
|choice||switch 3
|
|switch|p2a: Totem|Steelix, M|352\/352
|move|p1a: Lairon|Head Smash|p2a: Totem
|-resisted|p2a: Totem
|-damage|p2a: Totem|323\/352
|-damage|p1a: Lairon|253\/285|[from] recoil|[of] p2a: Totem
|
|-heal|p2a: Totem|345\/352|[from] item: Leftovers
|upkeep
|turn|2
|choice|switch 5|move earthquake
|
|switch|p1a: Xatu|Xatu, M|333\/333
|move|p2a: Totem|Earthquake|p1a: Xatu
|-immune|p1a: Xatu|[msg]
|
|-heal|p2a: Totem|352\/352|[from] item: Leftovers
|upkeep
|turn|3
|choice|switch 5|switch 6
|
|switch|p1a: Lairon|Lairon, F|253\/285
|switch|p2a: Tr@sh|Garbodor, F|364\/364
|
|upkeep
|turn|4
|choice|move headsmash|move focusblast
|
|move|p2a: Tr@sh|Focus Blast|p1a: Lairon|[miss]
|-miss|p2a: Tr@sh|p1a: Lairon
|move|p1a: Lairon|Head Smash|p2a: Tr@sh|[miss]
|-miss|p1a: Lairon|p2a: Tr@sh
|
|upkeep
|turn|5
|j|yo!gi!o_o!
|choice|switch 5|move focusblast
|
|switch|p1a: Xatu|Xatu, M|333\/333
|move|p2a: Tr@sh|Focus Blast|p1a: Xatu|[miss]
|-miss|p2a: Tr@sh|p1a: Xatu
|
|upkeep
|turn|6
|c| yo!gi!o_o!|Ted
|c| yo!gi!o_o!|U
|c| yo!gi!o_o!|Succ
|choice|move psychic|switch 5
|
|switch|p2a: Icey|Cryogonal|281\/281
|move|p1a: Xatu|Psychic|p2a: Icey
|-damage|p2a: Icey|202\/281
|
|upkeep
|turn|7
|choice|switch 5|move icebeam
|
|switch|p1a: Lairon|Lairon, F|253\/285
|move|p2a: Icey|Ice Beam|p1a: Lairon
|-resisted|p1a: Lairon
|-damage|p1a: Lairon|79\/285
|
|upkeep
|turn|8
|c| yo!gi!o_o!|Lol
|choice|switch 6|move icebeam
|
|switch|p1a: Lanturn|Lanturn, M|401\/401
|move|p2a: Icey|Ice Beam|p1a: Lanturn
|-resisted|p1a: Lanturn
|-damage|p1a: Lanturn|331\/401
|
|-heal|p1a: Lanturn|356\/401|[from] item: Leftovers
|upkeep
|turn|9
|choice|move voltswitch|move freezedry
|
|move|p2a: Icey|Freeze-Dry|p1a: Lanturn
|-supereffective|p1a: Lanturn
|-damage|p1a: Lanturn|156\/401
|move|p1a: Lanturn|Volt Switch|p2a: Icey
|-damage|p2a: Icey|151\/281
|choice|switch 4|
|
|switch|p1a: Tauros|Tauros, M|291\/291
|
|upkeep
|turn|10
|c|☆soMerSaults|Bad set cryogonal
|choice|move earthquake|move icebeam
|
|move|p1a: Tauros|Earthquake|p2a: Icey
|-immune|p2a: Icey|[msg]|[from] ability: Levitate
|move|p2a: Icey|Ice Beam|p1a: Tauros
|-damage|p1a: Tauros|101\/291
|
|upkeep
|turn|11
|c| yo!gi!o_o!|Omg played
|c|☆Teddeh|fair play
|c| yo!gi!o_o!|Get fucked
|c|☆soMerSaults|I actually thought he'd purusit
|choice|move rockclimb|switch 3
|
|switch|p2a: Wise|Xatu, M|334\/334
|move|p1a: Tauros|Rock Climb|p2a: Wise
|-damage|p2a: Wise|116\/334
|-damage|p1a: Tauros|53\/291|[from] item: Rocky Helmet|[of] p2a: Wise
|
|upkeep
|turn|12
|choice|move rockslide|switch 5
|
|switch|p2a: Tr@sh|Garbodor, F|364\/364
|move|p1a: Tauros|Rock Slide|p2a: Tr@sh
|-damage|p2a: Tr@sh|261\/364
|
|upkeep
|turn|13
|c|☆soMerSaults|right
|choice|switch 6|move toxicspikes
|
|switch|p1a: Lairon|Lairon, F|79\/285
|move|p2a: Tr@sh|Toxic Spikes|p1a: Lairon
|-sidestart|p1: Teddeh|move: Toxic Spikes
|
|upkeep
|turn|14
|c|☆soMerSaults|Im so bad
|choice|switch 3|move focusblast
|
|switch|p1a: Garbodor|Garbodor, M|301\/301
|-sideend|p1: Teddeh|move: Toxic Spikes|[of] p1a: Garbodor
|move|p2a: Tr@sh|Focus Blast|p1a: Garbodor
|-resisted|p1a: Garbodor
|-damage|p1a: Garbodor|270\/301
|
|upkeep
|turn|15
|c| yo!gi!o_o!|Who doesn't xatu
|choice|switch 5|move spikes
|
|switch|p1a: Xatu|Xatu, M|333\/333
|move|p2a: Tr@sh|Spikes|p1a: Xatu
|move|p1a: Xatu|Spikes|p2a: Tr@sh|[from]Magic Bounce
|-sidestart|p2: soMerSaults|Spikes
|
|upkeep
|turn|16
|c|☆soMerSaults|F
|c| yo!gi!o_o!|Ty
|choice|switch 2|move gunkshot
|
|switch|p1a: Kangaskhan|Kangaskhan, F|351\/351
|move|p2a: Tr@sh|Gunk Shot|p1a: Kangaskhan
|-damage|p1a: Kangaskhan|198\/351
|-status|p1a: Kangaskhan|psn
|
|-damage|p1a: Kangaskhan|155\/351 psn|[from] psn
|upkeep
|turn|17
|c| yo!gi!o_o!|Gotta ghost
|c|☆Teddeh|why
|c|☆Teddeh|am i predicting
|c|☆Teddeh|good plays
|c| yo!gi!o_o!|Ted
|c| yo!gi!o_o!|Get
|c| yo!gi!o_o!|F
|choice|move earthquake|switch 6
|
|switch|p2a: Totem|Steelix, M|352\/352
|-damage|p2a: Totem|308\/352|[from] Spikes
|move|p1a: Kangaskhan|Earthquake|p2a: Totem
|-supereffective|p2a: Totem
|-damage|p2a: Totem|212\/352
|
|-heal|p2a: Totem|234\/352|[from] item: Leftovers
|-damage|p1a: Kangaskhan|112\/351 psn|[from] psn
|upkeep
|turn|18
|c| yo!gi!o_o!|Skellos is on another level
|choice|switch 3|move heavyslam
|
|switch|p1a: Lairon|Lairon, F|79\/285
|move|p2a: Totem|Heavy Slam|p1a: Lairon
|-damage|p1a: Lairon|0 fnt
|faint|p1a: Lairon
|
|-heal|p2a: Totem|256\/352|[from] item: Leftovers
|upkeep
|choice|switch 2|
|
|switch|p1a: Xatu|Xatu, M|333\/333
|turn|19
|choice|move heatwave|switch 4
|
|switch|p2a: FIRE RESIST|Charizard, F|297\/297
|move|p1a: Xatu|Heat Wave|p2a: FIRE RESIST
|-resisted|p2a: FIRE RESIST
|-damage|p2a: FIRE RESIST|256\/297
|
|upkeep
|turn|20
|choice|move psychic|move fireblast
|
|move|p2a: FIRE RESIST|Fire Blast|p1a: Xatu
|-damage|p1a: Xatu|0 fnt
|faint|p1a: Xatu
|
|upkeep
|choice|switch 6|
|
|switch|p1a: Tauros|Tauros, M|53\/291
|turn|21
|choice|move rockslide|switch 4
|
|switch|p2a: Totem|Steelix, M|256\/352
|-damage|p2a: Totem|212\/352|[from] Spikes
|move|p1a: Tauros|Rock Slide|p2a: Totem
|-resisted|p2a: Totem
|-damage|p2a: Totem|195\/352
|
|-heal|p2a: Totem|217\/352|[from] item: Leftovers
|upkeep
|turn|22
|c| yo!gi!o_o!|Anothet
|c| yo!gi!o_o!|Level
|choice|move earthquake|move earthquake
|
|move|p1a: Tauros|Earthquake|p2a: Totem
|-supereffective|p2a: Totem
|-damage|p2a: Totem|79\/352
|-damage|p1a: Tauros|24\/291|[from] item: Life Orb
|move|p2a: Totem|Earthquake|p1a: Tauros
|-crit|p1a: Tauros
|-damage|p1a: Tauros|0 fnt
|faint|p1a: Tauros
|
|-heal|p2a: Totem|101\/352|[from] item: Leftovers
|upkeep
|choice|switch 4|
|
|switch|p1a: Lanturn|Lanturn, M|156\/401
|turn|23
|choice|move scald|switch 3
|
|switch|p2a: Icey|Cryogonal|151\/281
|move|p1a: Lanturn|Scald|p2a: Icey
|-damage|p2a: Icey|88\/281
|
|-heal|p1a: Lanturn|181\/401|[from] item: Leftovers
|upkeep
|turn|24
|choice|switch 5|move freezedry
|
|switch|p1a: Garbodor|Garbodor, M|270\/301
|move|p2a: Icey|Freeze-Dry|p1a: Garbodor
|-crit|p1a: Garbodor
|-damage|p1a: Garbodor|45\/301
|-status|p1a: Garbodor|frz
|
|upkeep
|turn|25
|l|yo!gi!o_o!
|c|☆Teddeh|got me
|c|☆Teddeh|gg
|-message|Teddeh forfeited.
|
|win|soMerSaults
|l|Teddeh
|j|yo!gi!o_o!
|l|soMerSaults</script>
</div>
<div class="battle-log battle-log-inline"><div class="inner"><div class="battle-options"></div><div class="inner"><div class="chat"><small>Teddeh joined.</small></div><div class="chat"><small>soMerSaults joined.</small></div><div class=""><small>Format:</small> <br><strong>NU</strong></div><div class=""><small><em>Sleep Clause Mod:</em> Limit one foe put to sleep</small></div><div class=""><small><em>Species Clause:</em> Limit one of each Pokémon</small></div><div class=""><small><em>OHKO Clause:</em> OHKO moves are banned</small></div><div class=""><small><em>Moody Clause:</em> Moody is banned</small></div><div class=""><small><em>Evasion Moves Clause:</em> Evasion moves are banned</small></div><div class=""><small><em>Endless Battle Clause:</em> Forcing endless battles is banned</small></div><div class=""><small><em>HP Percentage Mod:</em> HP is shown in percentages</small></div><div class=""><small><em>Swagger Clause:</em> Swagger is banned</small></div><div class=""><small><em>Baton Pass Clause:</em> Limit one Baton Passer, can't pass Spe and other stats simultaneously</small></div><div class="chat battle-history"><strong>Teddeh's team:</strong> <em style="color:#445566;display:block;">Lairon / Kangaskhan / Garbodor / Tauros / Xatu / Lanturn</em></div><div class="chat battle-history"><strong>soMerSaults's team:</strong> <em style="color:#445566;display:block;">Charizard / Tauros / Steelix / Xatu / Cryogonal / Garbodor</em></div><div class="chat message-error">Battle timer is ON: inactive players will automatically lose when time's up. (requested by Teddeh)</div><div class="spacer battle-history"><br></div><div class="battle-history">Battle started between Teddeh and soMerSaults!<br></div><div class="spacer battle-history"><br></div><div class="battle-history">Go! <strong>Lairon</strong>!<br></div><div class="spacer battle-history"><br></div><div class="battle-history">soMerSaults sent out Wise (<strong>Xatu</strong>)!<br></div><div class="spacer battle-history"><br></div><h2 class="battle-history">Turn 1</h2><div class="spacer battle-history"><br></div><div class="battle-history">The opposing Wise used <strong>U-turn</strong>!<br></div><div class="battle-history"><small>It's not very effective...</small><br></div><div class="battle-history"><small>(Lairon lost <abbr title="−17/285">6.0%</abbr> of its health!)</small><br></div><div class="spacer battle-history"><br></div><div class="battle-history">The opposing Wise went back to soMerSaults!<br></div><div class="battle-history">soMerSaults sent out Totem (<strong>Steelix</strong>)!<br></div><div class="spacer battle-history"><br></div><div class="battle-history">Lairon used <strong>Head Smash</strong>!<br></div><div class="battle-history"><small>It's not very effective...</small><br></div><div class="battle-history"><small>(The opposing Totem lost <abbr title="−29/352">8.2%</abbr> of its health!)</small><br></div><div class="battle-history"><small>Lairon is damaged by the recoil!</small><br></div><div class="spacer battle-history"><br></div><div class="battle-history"><small>The opposing Totem restored a little HP using its Leftovers!</small><br></div><div class="spacer battle-history"><br></div><h2 class="battle-history">Turn 2</h2><div class="spacer battle-history"><br></div><div class="battle-history">Lairon, come back!<br></div><div class="battle-history">Go! <strong>Xatu</strong>!<br></div><div class="spacer battle-history"><br></div><div class="battle-history">The opposing Totem used <strong>Earthquake</strong>!<br></div><div class="battle-history"><small>It doesn't affect Xatu...</small><br></div><div class="spacer battle-history"><br></div><div class="battle-history"><small>The opposing Totem restored a little HP using its Leftovers!</small><br></div><div class="spacer battle-history"><br></div><h2 class="battle-history">Turn 3</h2><div class="spacer battle-history"><br></div><div class="battle-history">Xatu, come back!<br></div><div class="battle-history">Go! <strong>Lairon</strong>!<br></div><div class="spacer battle-history"><br></div><div class="battle-history">soMerSaults withdrew Totem!<br></div><div class="battle-history">soMerSaults sent out Tr@sh (<strong>Garbodor</strong>)!<br></div><div class="spacer battle-history"><br></div><h2 class="battle-history">Turn 4</h2><div class="spacer battle-history"><br></div><div class="battle-history">The opposing Tr@sh used <strong>Focus Blast</strong>!<br></div><div class="battle-history"><small>Lairon avoided the attack!</small><br></div><div class="spacer battle-history"><br></div><div class="battle-history">Lairon used <strong>Head Smash</strong>!<br></div><div class="battle-history"><small>The opposing Tr@sh avoided the attack!</small><br></div><div class="spacer battle-history"><br></div><h2 class="battle-history">Turn 5</h2><div class="chat"><small>yo!gi!o_o! joined.</small></div><div class="spacer battle-history"><br></div><div class="battle-history">Lairon, come back!<br></div><div class="battle-history">Go! <strong>Xatu</strong>!<br></div><div class="spacer battle-history"><br></div><div class="battle-history">The opposing Tr@sh used <strong>Focus Blast</strong>!<br></div><div class="battle-history"><small>Xatu avoided the attack!</small><br></div><div class="spacer battle-history"><br></div><h2 class="battle-history">Turn 6</h2><div class="chat chatmessage-yogioo"><strong style="color:hsl(113,89%,34.63407077469547%)"><small> </small><span class="username" data-name="yo!gi!o_o!">yo!gi!o_o!</span>:</strong> <em>Ted</em></div><div class="chat chatmessage-yogioo"><strong style="color:hsl(113,89%,34.63407077469547%)"><small> </small><span class="username" data-name="yo!gi!o_o!">yo!gi!o_o!</span>:</strong> <em>U</em></div><div class="chat chatmessage-yogioo"><strong style="color:hsl(113,89%,34.63407077469547%)"><small> </small><span class="username" data-name="yo!gi!o_o!">yo!gi!o_o!</span>:</strong> <em>Succ</em></div><div class="spacer battle-history"><br></div><div class="battle-history">soMerSaults withdrew Tr@sh!<br></div><div class="battle-history">soMerSaults sent out Icey (<strong>Cryogonal</strong>)!<br></div><div class="spacer battle-history"><br></div><div class="battle-history">Xatu used <strong>Psychic</strong>!<br></div><div class="battle-history"><small>(The opposing Icey lost <abbr title="−79/281">28.1%</abbr> of its health!)</small><br></div><div class="spacer battle-history"><br></div><h2 class="battle-history">Turn 7</h2><div class="spacer battle-history"><br></div><div class="battle-history">Xatu, come back!<br></div><div class="battle-history">Go! <strong>Lairon</strong>!<br></div><div class="spacer battle-history"><br></div><div class="battle-history">The opposing Icey used <strong>Ice Beam</strong>!<br></div><div class="battle-history"><small>It's not very effective...</small><br></div><div class="battle-history"><small>(Lairon lost <abbr title="−174/285">61.1%</abbr> of its health!)</small><br></div><div class="spacer battle-history"><br></div><h2 class="battle-history">Turn 8</h2><div class="chat chatmessage-yogioo"><strong style="color:hsl(113,89%,34.63407077469547%)"><small> </small><span class="username" data-name="yo!gi!o_o!">yo!gi!o_o!</span>:</strong> <em>Lol</em></div><div class="spacer battle-history"><br></div><div class="battle-history">Lairon, come back!<br></div><div class="battle-history">Go! <strong>Lanturn</strong>!<br></div><div class="spacer battle-history"><br></div><div class="battle-history">The opposing Icey used <strong>Ice Beam</strong>!<br></div><div class="battle-history"><small>It's not very effective...</small><br></div><div class="battle-history"><small>(Lanturn lost <abbr title="−70/401">17.5%</abbr> of its health!)</small><br></div><div class="spacer battle-history"><br></div><div class="battle-history"><small>Lanturn restored a little HP using its Leftovers!</small><br></div><div class="spacer battle-history"><br></div><h2 class="battle-history">Turn 9</h2><div class="spacer battle-history"><br></div><div class="battle-history">The opposing Icey used <strong>Freeze-Dry</strong>!<br></div><div class="battle-history"><small>It's super effective!</small><br></div><div class="battle-history"><small>(Lanturn lost <abbr title="−200/401">49.9%</abbr> of its health!)</small><br></div><div class="spacer battle-history"><br></div><div class="battle-history">Lanturn used <strong>Volt Switch</strong>!<br></div><div class="battle-history"><small>(The opposing Icey lost <abbr title="−51/281">18.1%</abbr> of its health!)</small><br></div><div class="spacer battle-history"><br></div><div class="battle-history">Lanturn went back to Teddeh!<br></div><div class="battle-history">Go! <strong>Tauros</strong>!<br></div><div class="spacer battle-history"><br></div><h2 class="battle-history">Turn 10</h2><div class="chat chatmessage-somersaults"><strong style="color:hsl(0,86%,49%)"><small>☆</small><span class="username" data-name="soMerSaults">soMerSaults</span>:</strong> <em>Bad set cryogonal</em></div><div class="spacer battle-history"><br></div><div class="battle-history">Tauros used <strong>Earthquake</strong>!<br></div><div class="battle-history"><small>[The opposing Icey's Levitate]</small><br><small>It doesn't affect the opposing Icey...</small><br></div><div class="spacer battle-history"><br></div><div class="battle-history">The opposing Icey used <strong>Ice Beam</strong>!<br></div><div class="battle-history"><small>(Tauros lost <abbr title="−190/291">65.3%</abbr> of its health!)</small><br></div><div class="spacer battle-history"><br></div><h2 class="battle-history">Turn 11</h2><div class="chat chatmessage-yogioo"><strong style="color:hsl(113,89%,34.63407077469547%)"><small> </small><span class="username" data-name="yo!gi!o_o!">yo!gi!o_o!</span>:</strong> <em>Omg played</em></div><div class="chat chatmessage-teddeh"><strong style="color:hsl(158,62%,34%)"><small>☆</small><span class="username" data-name="Teddeh">Teddeh</span>:</strong> <em>fair play</em></div><div class="chat chatmessage-yogioo"><strong style="color:hsl(113,89%,34.63407077469547%)"><small> </small><span class="username" data-name="yo!gi!o_o!">yo!gi!o_o!</span>:</strong> <em>Get fucked</em></div><div class="chat chatmessage-somersaults"><strong style="color:hsl(0,86%,49%)"><small>☆</small><span class="username" data-name="soMerSaults">soMerSaults</span>:</strong> <em>I actually thought he'd purusit</em></div><div class="spacer battle-history"><br></div><div class="battle-history">soMerSaults withdrew Icey!<br></div><div class="battle-history">soMerSaults sent out Wise (<strong>Xatu</strong>)!<br></div><div class="spacer battle-history"><br></div><div class="battle-history">Tauros used <strong>Rock Climb</strong>!<br></div><div class="battle-history"><small>(The opposing Wise lost <abbr title="−218/334">65.3%</abbr> of its health!)</small><br></div><div class="battle-history"><small>Tauros was hurt by the Rocky Helmet!</small><br></div><div class="spacer battle-history"><br></div><h2 class="battle-history">Turn 12</h2><div class="spacer battle-history"><br></div><div class="battle-history">soMerSaults withdrew Wise!<br></div><div class="battle-history">soMerSaults sent out Tr@sh (<strong>Garbodor</strong>)!<br></div><div class="spacer battle-history"><br></div><div class="battle-history">Tauros used <strong>Rock Slide</strong>!<br></div><div class="battle-history"><small>(The opposing Tr@sh lost <abbr title="−103/364">28.3%</abbr> of its health!)</small><br></div><div class="spacer battle-history"><br></div><h2 class="battle-history">Turn 13</h2><div class="chat chatmessage-somersaults"><strong style="color:hsl(0,86%,49%)"><small>☆</small><span class="username" data-name="soMerSaults">soMerSaults</span>:</strong> <em>right</em></div><div class="spacer battle-history"><br></div><div class="battle-history">Tauros, come back!<br></div><div class="battle-history">Go! <strong>Lairon</strong>!<br></div><div class="spacer battle-history"><br></div><div class="battle-history">The opposing Tr@sh used <strong>Toxic Spikes</strong>!<br></div><div class="battle-history"><small>Poison spikes were scattered on the ground all around your team!</small><br></div><div class="spacer battle-history"><br></div><h2 class="battle-history">Turn 14</h2><div class="chat chatmessage-somersaults"><strong style="color:hsl(0,86%,49%)"><small>☆</small><span class="username" data-name="soMerSaults">soMerSaults</span>:</strong> <em>Im so bad</em></div><div class="spacer battle-history"><br></div><div class="battle-history">Lairon, come back!<br></div><div class="battle-history">Go! <strong>Garbodor</strong>!<br></div><div class="battle-history"><small>The poison spikes disappeared from the ground around your team!</small><br></div><div class="spacer battle-history"><br></div><div class="battle-history">The opposing Tr@sh used <strong>Focus Blast</strong>!<br></div><div class="battle-history"><small>It's not very effective...</small><br></div><div class="battle-history"><small>(Garbodor lost <abbr title="−31/301">10.3%</abbr> of its health!)</small><br></div><div class="spacer battle-history"><br></div><h2 class="battle-history">Turn 15</h2><div class="chat chatmessage-yogioo"><strong style="color:hsl(113,89%,34.63407077469547%)"><small> </small><span class="username" data-name="yo!gi!o_o!">yo!gi!o_o!</span>:</strong> <em>Who doesn't xatu</em></div><div class="spacer battle-history"><br></div><div class="battle-history">Garbodor, come back!<br></div><div class="battle-history">Go! <strong>Xatu</strong>!<br></div><div class="spacer battle-history"><br></div><div class="battle-history">The opposing Tr@sh used <strong>Spikes</strong>!<br></div><div class="spacer battle-history"><br></div><div class="battle-history"><small>[Xatu's Magic Bounce]</small><br>Xatu bounced the Spikes back!<br></div><div class="battle-history"><small>Spikes were scattered on the ground all around the opposing team!</small><br></div><div class="spacer battle-history"><br></div><h2 class="battle-history">Turn 16</h2><div class="chat chatmessage-somersaults"><strong style="color:hsl(0,86%,49%)"><small>☆</small><span class="username" data-name="soMerSaults">soMerSaults</span>:</strong> <em>F</em></div><div class="chat chatmessage-yogioo"><strong style="color:hsl(113,89%,34.63407077469547%)"><small> </small><span class="username" data-name="yo!gi!o_o!">yo!gi!o_o!</span>:</strong> <em>Ty</em></div><div class="spacer battle-history"><br></div><div class="battle-history">Xatu, come back!<br></div><div class="battle-history">Go! <strong>Kangaskhan</strong>!<br></div><div class="spacer battle-history"><br></div><div class="battle-history">The opposing Tr@sh used <strong>Gunk Shot</strong>!<br></div><div class="battle-history"><small>(Kangaskhan lost <abbr title="−153/351">43.6%</abbr> of its health!)</small><br></div><div class="battle-history"><small>Kangaskhan was poisoned!</small><br></div><div class="spacer battle-history"><br></div><div class="battle-history"><small>Kangaskhan was hurt by poison!</small><br></div><div class="spacer battle-history"><br></div><h2 class="battle-history">Turn 17</h2><div class="chat chatmessage-yogioo"><strong style="color:hsl(113,89%,34.63407077469547%)"><small> </small><span class="username" data-name="yo!gi!o_o!">yo!gi!o_o!</span>:</strong> <em>Gotta ghost</em></div><div class="chat chatmessage-teddeh"><strong style="color:hsl(158,62%,34%)"><small>☆</small><span class="username" data-name="Teddeh">Teddeh</span>:</strong> <em>why</em></div><div class="chat chatmessage-teddeh"><strong style="color:hsl(158,62%,34%)"><small>☆</small><span class="username" data-name="Teddeh">Teddeh</span>:</strong> <em>am i predicting</em></div><div class="chat chatmessage-teddeh"><strong style="color:hsl(158,62%,34%)"><small>☆</small><span class="username" data-name="Teddeh">Teddeh</span>:</strong> <em>good plays</em></div><div class="chat chatmessage-yogioo"><strong style="color:hsl(113,89%,34.63407077469547%)"><small> </small><span class="username" data-name="yo!gi!o_o!">yo!gi!o_o!</span>:</strong> <em>Ted</em></div><div class="chat chatmessage-yogioo"><strong style="color:hsl(113,89%,34.63407077469547%)"><small> </small><span class="username" data-name="yo!gi!o_o!">yo!gi!o_o!</span>:</strong> <em>Get</em></div><div class="chat chatmessage-yogioo"><strong style="color:hsl(113,89%,34.63407077469547%)"><small> </small><span class="username" data-name="yo!gi!o_o!">yo!gi!o_o!</span>:</strong> <em>F</em></div><div class="spacer battle-history"><br></div><div class="battle-history">soMerSaults withdrew Tr@sh!<br></div><div class="battle-history">soMerSaults sent out Totem (<strong>Steelix</strong>)!<br></div><div class="battle-history"><small>The opposing Totem is hurt by the spikes!</small><br></div><div class="spacer battle-history"><br></div><div class="battle-history">Kangaskhan used <strong>Earthquake</strong>!<br></div><div class="battle-history"><small>It's super effective!</small><br></div><div class="battle-history"><small>(The opposing Totem lost <abbr title="−96/352">27.3%</abbr> of its health!)</small><br></div><div class="spacer battle-history"><br></div><div class="battle-history"><small>The opposing Totem restored a little HP using its Leftovers!</small><br></div><div class="battle-history"><small>Kangaskhan was hurt by poison!</small><br></div><div class="spacer battle-history"><br></div><h2 class="battle-history">Turn 18</h2><div class="chat chatmessage-yogioo"><strong style="color:hsl(113,89%,34.63407077469547%)"><small> </small><span class="username" data-name="yo!gi!o_o!">yo!gi!o_o!</span>:</strong> <em>Skellos is on another level</em></div><div class="spacer battle-history"><br></div><div class="battle-history">Kangaskhan, come back!<br></div><div class="battle-history">Go! <strong>Lairon</strong>!<br></div><div class="spacer battle-history"><br></div><div class="battle-history">The opposing Totem used <strong>Heavy Slam</strong>!<br></div><div class="battle-history"><small>(Lairon lost <abbr title="−79/285">27.7%</abbr> of its health!)</small><br></div><div class="spacer battle-history"><br></div><div class="battle-history">Lairon fainted!<br></div><div class="spacer battle-history"><br></div><div class="battle-history"><small>The opposing Totem restored a little HP using its Leftovers!</small><br></div><div class="spacer battle-history"><br></div><div class="battle-history">Go! <strong>Xatu</strong>!<br></div><div class="spacer battle-history"><br></div><h2 class="battle-history">Turn 19</h2><div class="spacer battle-history"><br></div><div class="battle-history">soMerSaults withdrew Totem!<br></div><div class="battle-history">soMerSaults sent out FIRE RESIST (<strong>Charizard</strong>)!<br></div><div class="spacer battle-history"><br></div><div class="battle-history">Xatu used <strong>Heat Wave</strong>!<br></div><div class="battle-history"><small>It's not very effective...</small><br></div><div class="battle-history"><small>(The opposing FIRE RESIST lost <abbr title="−41/297">13.8%</abbr> of its health!)</small><br></div><div class="spacer battle-history"><br></div><h2 class="battle-history">Turn 20</h2><div class="spacer battle-history"><br></div><div class="battle-history">The opposing FIRE RESIST used <strong>Fire Blast</strong>!<br></div><div class="battle-history"><small>(Xatu lost <abbr title="−333/333">100%</abbr> of its health!)</small><br></div><div class="spacer battle-history"><br></div><div class="battle-history">Xatu fainted!<br></div><div class="spacer battle-history"><br></div><div class="battle-history">Go! <strong>Tauros</strong>!<br></div><div class="spacer battle-history"><br></div><h2 class="battle-history">Turn 21</h2><div class="spacer battle-history"><br></div><div class="battle-history">soMerSaults withdrew FIRE RESIST!<br></div><div class="battle-history">soMerSaults sent out Totem (<strong>Steelix</strong>)!<br></div><div class="battle-history"><small>The opposing Totem is hurt by the spikes!</small><br></div><div class="spacer battle-history"><br></div><div class="battle-history">Tauros used <strong>Rock Slide</strong>!<br></div><div class="battle-history"><small>It's not very effective...</small><br></div><div class="battle-history"><small>(The opposing Totem lost <abbr title="−17/352">4.8%</abbr> of its health!)</small><br></div><div class="spacer battle-history"><br></div><div class="battle-history"><small>The opposing Totem restored a little HP using its Leftovers!</small><br></div><div class="spacer battle-history"><br></div><h2 class="battle-history">Turn 22</h2><div class="chat chatmessage-yogioo"><strong style="color:hsl(113,89%,34.63407077469547%)"><small> </small><span class="username" data-name="yo!gi!o_o!">yo!gi!o_o!</span>:</strong> <em>Anothet</em></div><div class="chat chatmessage-yogioo"><strong style="color:hsl(113,89%,34.63407077469547%)"><small> </small><span class="username" data-name="yo!gi!o_o!">yo!gi!o_o!</span>:</strong> <em>Level</em></div><div class="spacer battle-history"><br></div><div class="battle-history">Tauros used <strong>Earthquake</strong>!<br></div><div class="battle-history"><small>It's super effective!</small><br></div><div class="battle-history"><small>(The opposing Totem lost <abbr title="−138/352">39.2%</abbr> of its health!)</small><br></div><div class="battle-history"><small>Tauros lost some of its HP!</small><br></div><div class="spacer battle-history"><br></div><div class="battle-history">The opposing Totem used <strong>Earthquake</strong>!<br></div><div class="battle-history"><small>A critical hit!</small><br></div><div class="battle-history"><small>(Tauros lost <abbr title="−24/291">8.2%</abbr> of its health!)</small><br></div><div class="spacer battle-history"><br></div><div class="battle-history">Tauros fainted!<br></div><div class="spacer battle-history"><br></div><div class="battle-history"><small>The opposing Totem restored a little HP using its Leftovers!</small><br></div><div class="spacer battle-history"><br></div><div class="battle-history">Go! <strong>Lanturn</strong>!<br></div><div class="spacer battle-history"><br></div><h2 class="battle-history">Turn 23</h2><div class="spacer battle-history"><br></div><div class="battle-history">soMerSaults withdrew Totem!<br></div><div class="battle-history">soMerSaults sent out Icey (<strong>Cryogonal</strong>)!<br></div><div class="spacer battle-history"><br></div><div class="battle-history">Lanturn used <strong>Scald</strong>!<br></div><div class="battle-history"><small>(The opposing Icey lost <abbr title="−63/281">22.4%</abbr> of its health!)</small><br></div><div class="spacer battle-history"><br></div><div class="battle-history"><small>Lanturn restored a little HP using its Leftovers!</small><br></div><div class="spacer battle-history"><br></div><h2 class="battle-history">Turn 24</h2><div class="spacer battle-history"><br></div><div class="battle-history">Lanturn, come back!<br></div><div class="battle-history">Go! <strong>Garbodor</strong>!<br></div><div class="spacer battle-history"><br></div><div class="battle-history">The opposing Icey used <strong>Freeze-Dry</strong>!<br></div><div class="battle-history"><small>A critical hit!</small><br></div><div class="battle-history"><small>(Garbodor lost <abbr title="−225/301">74.8%</abbr> of its health!)</small><br></div><div class="battle-history"><small>Garbodor was frozen solid!</small><br></div><div class="spacer battle-history"><br></div><h2 class="battle-history">Turn 25</h2><div class="chat"><small>yo!gi!o_o! left.</small></div><div class="chat chatmessage-teddeh"><strong style="color:hsl(158,62%,34%)"><small>☆</small><span class="username" data-name="Teddeh">Teddeh</span>:</strong> <em>got me</em></div><div class="chat chatmessage-teddeh"><strong style="color:hsl(158,62%,34%)"><small>☆</small><span class="username" data-name="Teddeh">Teddeh</span>:</strong> <em>gg</em></div><div class="spacer battle-history"><br></div><div class="battle-history"><small>Teddeh forfeited.</small><br></div><div class="spacer battle-history"><br></div><div class="battle-history"><strong>soMerSaults</strong> won the battle!<br></div><div class="chat"><small>Teddeh left.</small></div><div class="chat"><small>yo!gi!o_o! joined.</small></div><div class="chat"><small>soMerSaults left.</small></div></div><div class="inner-preempt"></div></div></div>
</div>
<script>
let daily = Math.floor(Date.now()/1000/60/60/24);document.write('<script src="https://play.pokemonshowdown.com/js/replay-embed.js?version'+daily+'"></'+'script>');
</script>
