<!DOCTYPE html>
<meta charset="utf-8" />
<!-- version 1 -->
<title>NU replay: Blast vs. yo!gi!o_o!</title>
<style>
html,body {font-family:Verdana, sans-serif;font-size:10pt;margin:0;padding:0;}body{padding:12px 0;} .battle-log {font-family:Verdana, sans-serif;font-size:10pt;} .battle-log-inline {border:1px solid #AAAAAA;background:#EEF2F5;color:black;max-width:640px;margin:0 auto 80px;padding-bottom:5px;} .battle-log .inner {padding:4px 8px 0px 8px;} .battle-log .inner-preempt {padding:0 8px 4px 8px;} .battle-log .inner-after {margin-top:0.5em;} .battle-log h2 {margin:0.5em -8px;padding:4px 8px;border:1px solid #AAAAAA;background:#E0E7EA;border-left:0;border-right:0;font-family:Verdana, sans-serif;font-size:13pt;} .battle-log .chat {vertical-align:middle;padding:3px 0 3px 0;font-size:8pt;} .battle-log .chat strong {color:#40576A;} .battle-log .chat em {padding:1px 4px 1px 3px;color:#000000;font-style:normal;} .chat.mine {background:rgba(0,0,0,0.05);margin-left:-8px;margin-right:-8px;padding-left:8px;padding-right:8px;} .spoiler {color:#BBBBBB;background:#BBBBBB;padding:0px 3px;} .spoiler:hover, .spoiler:active, .spoiler-shown {color:#000000;background:#E2E2E2;padding:0px 3px;} .spoiler a {color:#BBBBBB;} .spoiler:hover a, .spoiler:active a, .spoiler-shown a {color:#2288CC;} .chat code, .chat .spoiler:hover code, .chat .spoiler:active code, .chat .spoiler-shown code {border:1px solid #C0C0C0;background:#EEEEEE;color:black;padding:0 2px;} .chat .spoiler code {border:1px solid #CCCCCC;background:#CCCCCC;color:#CCCCCC;} .battle-log .rated {padding:3px 4px;} .battle-log .rated strong {color:white;background:#89A;padding:1px 4px;border-radius:4px;} .spacer {margin-top:0.5em;} .message-announce {background:#6688AA;color:white;padding:1px 4px 2px;} .message-announce a, .broadcast-green a, .broadcast-blue a, .broadcast-red a {color:#DDEEFF;} .broadcast-green {background-color:#559955;color:white;padding:2px 4px;} .broadcast-blue {background-color:#6688AA;color:white;padding:2px 4px;} .infobox {border:1px solid #6688AA;padding:2px 4px;} .infobox-limited {max-height:200px;overflow:auto;overflow-x:hidden;} .broadcast-red {background-color:#AA5544;color:white;padding:2px 4px;} .message-learn-canlearn {font-weight:bold;color:#228822;text-decoration:underline;} .message-learn-cannotlearn {font-weight:bold;color:#CC2222;text-decoration:underline;} .message-effect-weak {font-weight:bold;color:#CC2222;} .message-effect-resist {font-weight:bold;color:#6688AA;} .message-effect-immune {font-weight:bold;color:#666666;} .message-learn-list {margin-top:0;margin-bottom:0;} .message-throttle-notice, .message-error {color:#992222;} .message-overflow, .chat small.message-overflow {font-size:0pt;} .message-overflow::before {font-size:9pt;content:'...';} .subtle {color:#3A4A66;}
</style>
<div class="wrapper replay-wrapper" style="max-width:1180px;margin:0 auto">
<input type="hidden" name="replayid" value="nu-573906547" />
<div class="battle"></div><div class="battle-log"></div><div class="replay-controls"></div><div class="replay-controls-2"></div>
<h1 style="font-weight:normal;text-align:center"><strong>NU</strong><br /><a href="http://pokemonshowdown.com/users/blast" class="subtle" target="_blank">Blast</a> vs. <a href="http://pokemonshowdown.com/users/yogioo" class="subtle" target="_blank">yo!gi!o_o!</a></h1>
<script type="text/plain" class="battle-log-data">|j|Blast
|j|yo!gi!o_o!
|player|p1|Blast|163
|player|p2|yo!gi!o_o!|197
|gametype|singles
|gen|6
|tier|NU
|seed|26862,6331,34007,28555
|rule|Sleep Clause Mod: Limit one foe put to sleep
|rule|Species Clause: Limit one of each Pokémon
|rule|OHKO Clause: OHKO moves are banned
|rule|Moody Clause: Moody is banned
|rule|Evasion Moves Clause: Evasion moves are banned
|rule|Endless Battle Clause: Forcing endless battles is banned
|rule|HP Percentage Mod: HP is shown in percentages
|clearpoke
|poke|p1|Archeops, F|
|poke|p1|Rotom|item
|poke|p1|Hitmonchan, M|item
|poke|p1|Xatu, F|item
|poke|p1|Rhydon, M|item
|poke|p1|Gourgeist-*, F|item
|poke|p2|Roselia, M|item
|poke|p2|Barbaracle, F|item
|poke|p2|Regice|item
|poke|p2|Quagsire, F|item
|poke|p2|Rotom|item
|poke|p2|Rhydon, M|item
|rule|Swagger Clause: Swagger is banned
|rule|Baton Pass Clause: Limit one Baton Passer, can't pass Spe and other stats simultaneously
|teampreview
|c|☆yo!gi!o_o!|u have a boner
|c|☆yo!gi!o_o!|for gourg small
|c|☆yo!gi!o_o!|I swear
|c|☆Blast|i only have like 6 teams
|c|☆Blast|altho i almost want to start building for oras again
|c|☆yo!gi!o_o!|its fun
|c|☆yo!gi!o_o!|ive been enjoying it lately
|c|☆yo!gi!o_o!|and nupl is coming up
|c|☆Blast|bc i'm skeptical on sm being released this month
|c|☆yo!gi!o_o!|I want to be slotted in it
|c|☆yo!gi!o_o!|and yeh
|c|☆yo!gi!o_o!|idt itll happen
|choice|team 6, team 2, team 3, team 4, team 5, team 1|team 1, team 2, team 3, team 4, team 5, team 6
|
|start
|switch|p1a: Gourgeist|Gourgeist-Super, F|369\/369
|switch|p2a: Roselia|Roselia, M|304\/304
|-item|p2a: Roselia|Eviolite|[from] ability: Frisk|[of] p1a: Gourgeist|[identify]
|turn|1
|choice|move rockslide|move spikes
|
|move|p2a: Roselia|Spikes|p1a: Gourgeist
|-sidestart|p1: Blast|Spikes
|move|p1a: Gourgeist|Rock Slide|p2a: Roselia
|-damage|p2a: Roselia|158\/304
|
|upkeep
|turn|2
|c|☆Blast|how
|c|☆yo!gi!o_o!|oh band
|c|☆yo!gi!o_o!|ofc
|c|☆yo!gi!o_o!|I AM DUMB
|choice|switch 3|move synthesis
|
|switch|p1a: Hitmonchan|Hitmonchan, M|261\/261
|-damage|p1a: Hitmonchan|229\/261|[from] Spikes
|move|p2a: Roselia|Synthesis|p2a: Roselia
|-heal|p2a: Roselia|304\/304
|
|upkeep
|turn|3
|c|☆yo!gi!o_o!|ik this team :3
|choice|move rapidspin|switch 5
|
|switch|p2a: Rotom|Rotom|241\/241
|move|p1a: Hitmonchan|Rapid Spin|p2a: Rotom
|-immune|p2a: Rotom|[msg]
|
|upkeep
|turn|4
|c|☆Blast|free shadow punch
|choice|move stoneedge|move willowisp
|
|move|p2a: Rotom|Will-O-Wisp|p1a: Hitmonchan
|-status|p1a: Hitmonchan|brn
|move|p1a: Hitmonchan|Stone Edge|p2a: Rotom
|-damage|p2a: Rotom|172\/241
|
|-damage|p1a: Hitmonchan|197\/261 brn|[from] brn
|upkeep
|turn|5
|c|☆yo!gi!o_o!|agreed
|choice|move stoneedge|switch 4
|
|switch|p2a: Quagsire|Quagsire, F|394\/394
|move|p1a: Hitmonchan|Stone Edge|p2a: Quagsire|[miss]
|-miss|p1a: Hitmonchan|p2a: Quagsire
|
|-damage|p1a: Hitmonchan|165\/261 brn|[from] brn
|upkeep
|turn|6
|choice|move rapidspin|switch 4
|
|switch|p2a: Rotom|Rotom|172\/241
|move|p1a: Hitmonchan|Rapid Spin|p2a: Rotom
|-immune|p2a: Rotom|[msg]
|
|-damage|p1a: Hitmonchan|133\/261 brn|[from] brn
|upkeep
|turn|7
|choice|move stoneedge|move shadowball
|
|move|p2a: Rotom|Shadow Ball|p1a: Hitmonchan
|-damage|p1a: Hitmonchan|60\/261 brn
|move|p1a: Hitmonchan|Stone Edge|p2a: Rotom
|-crit|p2a: Rotom
|-damage|p2a: Rotom|67\/241
|
|-damage|p1a: Hitmonchan|28\/261 brn|[from] brn
|upkeep
|turn|8
|c|☆yo!gi!o_o!|rude
|c|☆Blast|deserved
|j|elop158
|choice|move rapidspin|move shadowball
|
|move|p2a: Rotom|Shadow Ball|p1a: Hitmonchan
|-damage|p1a: Hitmonchan|0 fnt
|faint|p1a: Hitmonchan
|
|upkeep
|l|elop158
|c|☆yo!gi!o_o!|ngl blast
|c|☆yo!gi!o_o!|but why
|c|☆yo!gi!o_o!|did rp regice
|c|☆yo!gi!o_o!|win
|choice|switch 6|
|
|switch|p1a: Archeops|Archeops, F|291\/291
|turn|9
|choice|move acrobatics|switch 6
|
|switch|p2a: Rhydon|Rhydon, M|414\/414
|move|p1a: Archeops|Acrobatics|p2a: Rhydon
|-resisted|p2a: Rhydon
|-crit|p2a: Rhydon
|-damage|p2a: Rhydon|342\/414
|
|upkeep
|turn|10
|choice|switch 4|move stoneedge
|
|switch|p1a: Xatu|Xatu, F|334\/334
|move|p2a: Rhydon|Stone Edge|p1a: Xatu
|-supereffective|p1a: Xatu
|-damage|p1a: Xatu|8\/334
|
|upkeep
|turn|11
|c|☆Blast|how
|c|☆yo!gi!o_o!|ikr
|choice|move psychic|move swordsdance
|
|move|p1a: Xatu|Psychic|p2a: Rhydon
|-damage|p2a: Rhydon|255\/414
|move|p2a: Rhydon|Swords Dance|p2a: Rhydon
|-boost|p2a: Rhydon|atk|2
|
|upkeep
|turn|12
|c|☆yo!gi!o_o!|crazy
|choice|move psychic|move stoneedge
|
|move|p1a: Xatu|Psychic|p2a: Rhydon
|-damage|p2a: Rhydon|164\/414
|move|p2a: Rhydon|Stone Edge|p1a: Xatu
|-supereffective|p1a: Xatu
|-crit|p1a: Xatu
|-damage|p1a: Xatu|0 fnt
|faint|p1a: Xatu
|
|upkeep
|c|☆yo!gi!o_o!|sry
|c|☆Blast|no miss
|c|☆yo!gi!o_o!|I think that mattered
|c|☆Blast|AND a crit???
|c|☆yo!gi!o_o!|ban me please
|c|☆Blast|must be nice bein so g*sh d*rn lucky
|c|☆yo!gi!o_o!|y
|choice|switch 3|
|
|switch|p1a: Gourgeist|Gourgeist-Super, F|369\/369
|-damage|p1a: Gourgeist|323\/369|[from] Spikes
|-item|p2a: Rhydon|Eviolite|[from] ability: Frisk|[of] p1a: Gourgeist|[identify]
|turn|13
|j|Arnik
|choice|move seedbomb|move stoneedge
|
|move|p1a: Gourgeist|Seed Bomb|p2a: Rhydon
|-supereffective|p2a: Rhydon
|-damage|p2a: Rhydon|0 fnt
|faint|p2a: Rhydon
|
|upkeep
|choice||switch 5
|
|switch|p2a: Roselia|Roselia, M|304\/304
|turn|14
|choice|switch 2|move gigadrain
|
|switch|p1a: Rotom|Rotom|241\/241
|move|p2a: Roselia|Giga Drain|p1a: Rotom
|-damage|p1a: Rotom|139\/241
|
|upkeep
|turn|15
|choice|move voltswitch|move gigadrain
|
|move|p1a: Rotom|Volt Switch|p2a: Roselia
|-resisted|p2a: Roselia
|-damage|p2a: Roselia|279\/304
|choice|switch 2|
|
|switch|p1a: Gourgeist|Gourgeist-Super, F|323\/369
|-damage|p1a: Gourgeist|277\/369|[from] Spikes
|-item|p2a: Roselia|Eviolite|[from] ability: Frisk|[of] p1a: Gourgeist|[identify]
|move|p2a: Roselia|Giga Drain|p1a: Gourgeist
|-resisted|p1a: Gourgeist
|-damage|p1a: Gourgeist|220\/369
|-heal|p2a: Roselia|304\/304|[from] drain|[of] p1a: Gourgeist
|
|upkeep
|turn|16
|choice|switch 4|move sludgebomb
|
|switch|p1a: Archeops|Archeops, F|291\/291
|move|p2a: Roselia|Sludge Bomb|p1a: Archeops
|-resisted|p1a: Archeops
|-damage|p1a: Archeops|211\/291
|
|upkeep
|turn|17
|choice|move acrobatics|switch 2
|
|switch|p2a: Barbaracle|Barbaracle, F|285\/285
|move|p1a: Archeops|Acrobatics|p2a: Barbaracle
|-resisted|p2a: Barbaracle
|-damage|p2a: Barbaracle|189\/285
|
|upkeep
|turn|18
|c|☆yo!gi!o_o!|oh
|c|☆yo!gi!o_o!|that's alot
|c|☆Blast|you probably win
|c|☆Blast|i have nothing for quag cores
|c|☆yo!gi!o_o!|go
|choice|switch 4|move razorshell
|
|switch|p1a: Gourgeist|Gourgeist-Super, F|220\/369
|-damage|p1a: Gourgeist|174\/369|[from] Spikes
|-item|p2a: Barbaracle|Shuca Berry|[from] ability: Frisk|[of] p1a: Gourgeist|[identify]
|move|p2a: Barbaracle|Razor Shell|p1a: Gourgeist|[miss]
|-miss|p2a: Barbaracle|p1a: Gourgeist
|
|upkeep
|turn|19
|c|☆yo!gi!o_o!|well
|c|☆yo!gi!o_o!|u have gourg
|c|☆Blast|yea but it's choiced
|l|Arnik
|c|☆Blast|this is prolly my weakest mu against fat teams
|choice|move explosion|move razorshell
|
|move|p2a: Barbaracle|Razor Shell|p1a: Gourgeist|[miss]
|-miss|p2a: Barbaracle|p1a: Gourgeist
|move|p1a: Gourgeist|Explosion|p2a: Barbaracle
|-resisted|p2a: Barbaracle
|-damage|p2a: Barbaracle|19\/285
|faint|p1a: Gourgeist
|
|upkeep
|c|☆Blast|lul
|choice|switch 4|
|
|switch|p1a: Archeops|Archeops, F|211\/291
|turn|20
|c|☆yo!gi!o_o!|yeh I win now
|c|☆yo!gi!o_o!|gg
|choice|move acrobatics|move razorshell
|
|move|p1a: Archeops|Acrobatics|p2a: Barbaracle
|-resisted|p2a: Barbaracle
|-damage|p2a: Barbaracle|0 fnt
|faint|p2a: Barbaracle
|
|upkeep
|choice||switch 4
|
|switch|p2a: Quagsire|Quagsire, F|394\/394
|turn|21
|c|☆yo!gi!o_o!|watch me choke
|choice|switch 5|move scald
|
|switch|p1a: Rhydon|Rhydon, M|414\/414
|-damage|p1a: Rhydon|363\/414|[from] Spikes
|move|p2a: Quagsire|Scald|p1a: Rhydon
|-supereffective|p1a: Rhydon
|-damage|p1a: Rhydon|119\/414
|-status|p1a: Rhydon|brn
|
|-damage|p1a: Rhydon|68\/414 brn|[from] brn
|upkeep
|turn|22
|c|☆yo!gi!o_o!|LIKE LTPL!
|choice|move stealthrock|move scald
|
|move|p1a: Rhydon|Stealth Rock|p2a: Quagsire
|-sidestart|p2: yo!gi!o_o!|move: Stealth Rock
|move|p2a: Quagsire|Scald|p1a: Rhydon
|-supereffective|p1a: Rhydon
|-damage|p1a: Rhydon|0 fnt
|faint|p1a: Rhydon
|
|upkeep
|choice|switch 2|
|
|switch|p1a: Rotom|Rotom|139\/241
|turn|23
|choice|move voltswitch|switch 3
|
|switch|p2a: Regice|Regice|352\/352
|-damage|p2a: Regice|264\/352|[from] Stealth Rock
|move|p1a: Rotom|Volt Switch|p2a: Regice
|-damage|p2a: Regice|209\/352
|c|☆yo!gi!o_o!|ur a god
|choice|switch 5|
|
|switch|p1a: Archeops|Archeops, F|211\/291
|
|-heal|p2a: Regice|231\/352|[from] item: Leftovers
|upkeep
|turn|24
|c|☆Blast|cwl
|choice|move stoneedge|move icebeam
|
|move|p1a: Archeops|Stone Edge|p2a: Regice
|-supereffective|p2a: Regice
|-damage|p2a: Regice|0 fnt
|faint|p2a: Regice
|
|upkeep
|choice||switch 6
|
|switch|p2a: Rotom|Rotom|67\/241
|-damage|p2a: Rotom|37\/241|[from] Stealth Rock
|turn|25
|choice|move acrobatics|move voltswitch
|
|move|p2a: Rotom|Volt Switch|p1a: Archeops
|-supereffective|p1a: Archeops
|-damage|p1a: Archeops|0 fnt
|faint|p1a: Archeops
|choice||switch 2
|
|switch|p2a: Roselia|Roselia, M|304\/304
|-damage|p2a: Roselia|266\/304|[from] Stealth Rock
|
|upkeep
|c|☆Blast|wisp scarf huh
|choice|switch 5|
|
|switch|p1a: Rotom|Rotom|139\/241
|turn|26
|c|☆yo!gi!o_o!|yah
|c|☆yo!gi!o_o!|gg
|c|☆Blast|haven't seen that in a long time
|c|☆Blast|gg
|choice|move trick|move gigadrain
|
|move|p1a: Rotom|Trick|p2a: Roselia
|-activate|p1a: Rotom|move: Trick|[of] p2a: Roselia
|-item|p2a: Roselia|Choice Scarf|[from] move: Trick
|-item|p1a: Rotom|Eviolite|[from] move: Trick
|move|p2a: Roselia|Giga Drain|p1a: Rotom
|-damage|p1a: Rotom|34\/241
|-heal|p2a: Roselia|304\/304|[from] drain|[of] p1a: Rotom
|
|upkeep
|turn|27
|c|☆yo!gi!o_o!|nah its fun af
|choice|move thunderbolt|move gigadrain
|
|move|p1a: Rotom|Thunderbolt|p2a: Roselia
|-resisted|p2a: Roselia
|-damage|p2a: Roselia|253\/304
|move|p2a: Roselia|Giga Drain|p1a: Rotom
|-damage|p1a: Rotom|0 fnt
|-heal|p2a: Roselia|270\/304|[from] drain|[of] p1a: Rotom
|faint|p1a: Rotom
|
|win|yo!gi!o_o!</script>
</div>
<div class="battle-log battle-log-inline"><div class="inner"><div class="battle-options"></div><div class="inner"><div class="chat"><small>Blast joined.</small></div><div class="chat"><small>yo!gi!o_o! joined.</small></div><div class=""><small>Format:</small> <br><strong>NU</strong></div><div class=""><small><em>Sleep Clause Mod:</em> Limit one foe put to sleep</small></div><div class=""><small><em>Species Clause:</em> Limit one of each Pokémon</small></div><div class=""><small><em>OHKO Clause:</em> OHKO moves are banned</small></div><div class=""><small><em>Moody Clause:</em> Moody is banned</small></div><div class=""><small><em>Evasion Moves Clause:</em> Evasion moves are banned</small></div><div class=""><small><em>Endless Battle Clause:</em> Forcing endless battles is banned</small></div><div class=""><small><em>HP Percentage Mod:</em> HP is shown in percentages</small></div><div class=""><small><em>Swagger Clause:</em> Swagger is banned</small></div><div class=""><small><em>Baton Pass Clause:</em> Limit one Baton Passer, can't pass Spe and other stats simultaneously</small></div><div class="chat battle-history"><strong>Blast's team:</strong> <em style="color:#445566;display:block;">Archeops / Rotom / Hitmonchan / Xatu / Rhydon / Gourgeist-*</em></div><div class="chat battle-history"><strong>yo!gi!o_o!'s team:</strong> <em style="color:#445566;display:block;">Roselia / Barbaracle / Regice / Quagsire / Rotom / Rhydon</em></div><div class="chat chatmessage-yogioo"><strong style="color:hsl(113,89%,34.63407077469547%)"><small>☆</small><span class="username" data-name="yo!gi!o_o!">yo!gi!o_o!</span>:</strong> <em>u have a boner</em></div><div class="chat chatmessage-yogioo"><strong style="color:hsl(113,89%,34.63407077469547%)"><small>☆</small><span class="username" data-name="yo!gi!o_o!">yo!gi!o_o!</span>:</strong> <em>for gourg small</em></div><div class="chat chatmessage-yogioo"><strong style="color:hsl(113,89%,34.63407077469547%)"><small>☆</small><span class="username" data-name="yo!gi!o_o!">yo!gi!o_o!</span>:</strong> <em>I swear</em></div><div class="chat chatmessage-blast"><strong style="color:hsl(10,65%,45%)"><small>☆</small><span class="username" data-name="Blast">Blast</span>:</strong> <em>i only have like 6 teams</em></div><div class="chat chatmessage-blast"><strong style="color:hsl(10,65%,45%)"><small>☆</small><span class="username" data-name="Blast">Blast</span>:</strong> <em>altho i almost want to start building for oras again</em></div><div class="chat chatmessage-yogioo"><strong style="color:hsl(113,89%,34.63407077469547%)"><small>☆</small><span class="username" data-name="yo!gi!o_o!">yo!gi!o_o!</span>:</strong> <em>its fun</em></div><div class="chat chatmessage-yogioo"><strong style="color:hsl(113,89%,34.63407077469547%)"><small>☆</small><span class="username" data-name="yo!gi!o_o!">yo!gi!o_o!</span>:</strong> <em>ive been enjoying it lately</em></div><div class="chat chatmessage-yogioo"><strong style="color:hsl(113,89%,34.63407077469547%)"><small>☆</small><span class="username" data-name="yo!gi!o_o!">yo!gi!o_o!</span>:</strong> <em>and nupl is coming up</em></div><div class="chat chatmessage-blast"><strong style="color:hsl(10,65%,45%)"><small>☆</small><span class="username" data-name="Blast">Blast</span>:</strong> <em>bc i'm skeptical on sm being released this month</em></div><div class="chat chatmessage-yogioo"><strong style="color:hsl(113,89%,34.63407077469547%)"><small>☆</small><span class="username" data-name="yo!gi!o_o!">yo!gi!o_o!</span>:</strong> <em>I want to be slotted in it</em></div><div class="chat chatmessage-yogioo"><strong style="color:hsl(113,89%,34.63407077469547%)"><small>☆</small><span class="username" data-name="yo!gi!o_o!">yo!gi!o_o!</span>:</strong> <em>and yeh</em></div><div class="chat chatmessage-yogioo"><strong style="color:hsl(113,89%,34.63407077469547%)"><small>☆</small><span class="username" data-name="yo!gi!o_o!">yo!gi!o_o!</span>:</strong> <em>idt itll happen</em></div><div class="spacer battle-history"><br></div><div class="battle-history">Battle started between Blast and yo!gi!o_o!!<br></div><div class="spacer battle-history"><br></div><div class="battle-history">Go! Gourgeist (<strong>Gourgeist-Super</strong>)!<br></div><div class="spacer battle-history"><br></div><div class="battle-history">yo!gi!o_o! sent out <strong>Roselia</strong>!<br></div><div class="battle-history"><small>[Gourgeist's Frisk]</small><br><small>Gourgeist frisked the opposing Roselia and found its Eviolite!</small><br></div><div class="spacer battle-history"><br></div><h2 class="battle-history">Turn 1</h2><div class="spacer battle-history"><br></div><div class="battle-history">The opposing Roselia used <strong>Spikes</strong>!<br></div><div class="battle-history"><small>Spikes were scattered on the ground all around your team!</small><br></div><div class="spacer battle-history"><br></div><div class="battle-history">Gourgeist used <strong>Rock Slide</strong>!<br></div><div class="battle-history"><small>(The opposing Roselia lost <abbr title="−146/304">48.0%</abbr> of its health!)</small><br></div><div class="spacer battle-history"><br></div><h2 class="battle-history">Turn 2</h2><div class="chat chatmessage-blast"><strong style="color:hsl(10,65%,45%)"><small>☆</small><span class="username" data-name="Blast">Blast</span>:</strong> <em>how</em></div><div class="chat chatmessage-yogioo"><strong style="color:hsl(113,89%,34.63407077469547%)"><small>☆</small><span class="username" data-name="yo!gi!o_o!">yo!gi!o_o!</span>:</strong> <em>oh band</em></div><div class="chat chatmessage-yogioo"><strong style="color:hsl(113,89%,34.63407077469547%)"><small>☆</small><span class="username" data-name="yo!gi!o_o!">yo!gi!o_o!</span>:</strong> <em>ofc</em></div><div class="chat chatmessage-yogioo"><strong style="color:hsl(113,89%,34.63407077469547%)"><small>☆</small><span class="username" data-name="yo!gi!o_o!">yo!gi!o_o!</span>:</strong> <em>I AM DUMB</em></div><div class="spacer battle-history"><br></div><div class="battle-history">Gourgeist, come back!<br></div><div class="battle-history">Go! <strong>Hitmonchan</strong>!<br></div><div class="battle-history"><small>Hitmonchan is hurt by the spikes!</small><br></div><div class="spacer battle-history"><br></div><div class="battle-history">The opposing Roselia used <strong>Synthesis</strong>!<br></div><div class="battle-history"><small>The opposing Roselia restored its HP.</small><br></div><div class="spacer battle-history"><br></div><h2 class="battle-history">Turn 3</h2><div class="chat chatmessage-yogioo"><strong style="color:hsl(113,89%,34.63407077469547%)"><small>☆</small><span class="username" data-name="yo!gi!o_o!">yo!gi!o_o!</span>:</strong> <em>ik this team :3</em></div><div class="spacer battle-history"><br></div><div class="battle-history">yo!gi!o_o! withdrew Roselia!<br></div><div class="battle-history">yo!gi!o_o! sent out <strong>Rotom</strong>!<br></div><div class="spacer battle-history"><br></div><div class="battle-history">Hitmonchan used <strong>Rapid Spin</strong>!<br></div><div class="battle-history"><small>It doesn't affect the opposing Rotom...</small><br></div><div class="spacer battle-history"><br></div><h2 class="battle-history">Turn 4</h2><div class="chat chatmessage-blast"><strong style="color:hsl(10,65%,45%)"><small>☆</small><span class="username" data-name="Blast">Blast</span>:</strong> <em>free shadow punch</em></div><div class="spacer battle-history"><br></div><div class="battle-history">The opposing Rotom used <strong>Will-O-Wisp</strong>!<br></div><div class="battle-history"><small>Hitmonchan was burned!</small><br></div><div class="spacer battle-history"><br></div><div class="battle-history">Hitmonchan used <strong>Stone Edge</strong>!<br></div><div class="battle-history"><small>(The opposing Rotom lost <abbr title="−69/241">28.6%</abbr> of its health!)</small><br></div><div class="spacer battle-history"><br></div><div class="battle-history"><small>Hitmonchan was hurt by its burn!</small><br></div><div class="spacer battle-history"><br></div><h2 class="battle-history">Turn 5</h2><div class="chat chatmessage-yogioo"><strong style="color:hsl(113,89%,34.63407077469547%)"><small>☆</small><span class="username" data-name="yo!gi!o_o!">yo!gi!o_o!</span>:</strong> <em>agreed</em></div><div class="spacer battle-history"><br></div><div class="battle-history">yo!gi!o_o! withdrew Rotom!<br></div><div class="battle-history">yo!gi!o_o! sent out <strong>Quagsire</strong>!<br></div><div class="spacer battle-history"><br></div><div class="battle-history">Hitmonchan used <strong>Stone Edge</strong>!<br></div><div class="battle-history"><small>The opposing Quagsire avoided the attack!</small><br></div><div class="spacer battle-history"><br></div><div class="battle-history"><small>Hitmonchan was hurt by its burn!</small><br></div><div class="spacer battle-history"><br></div><h2 class="battle-history">Turn 6</h2><div class="spacer battle-history"><br></div><div class="battle-history">yo!gi!o_o! withdrew Quagsire!<br></div><div class="battle-history">yo!gi!o_o! sent out <strong>Rotom</strong>!<br></div><div class="spacer battle-history"><br></div><div class="battle-history">Hitmonchan used <strong>Rapid Spin</strong>!<br></div><div class="battle-history"><small>It doesn't affect the opposing Rotom...</small><br></div><div class="spacer battle-history"><br></div><div class="battle-history"><small>Hitmonchan was hurt by its burn!</small><br></div><div class="spacer battle-history"><br></div><h2 class="battle-history">Turn 7</h2><div class="spacer battle-history"><br></div><div class="battle-history">The opposing Rotom used <strong>Shadow Ball</strong>!<br></div><div class="battle-history"><small>(Hitmonchan lost <abbr title="−73/261">28.0%</abbr> of its health!)</small><br></div><div class="spacer battle-history"><br></div><div class="battle-history">Hitmonchan used <strong>Stone Edge</strong>!<br></div><div class="battle-history"><small>A critical hit!</small><br></div><div class="battle-history"><small>(The opposing Rotom lost <abbr title="−105/241">43.6%</abbr> of its health!)</small><br></div><div class="spacer battle-history"><br></div><div class="battle-history"><small>Hitmonchan was hurt by its burn!</small><br></div><div class="spacer battle-history"><br></div><h2 class="battle-history">Turn 8</h2><div class="chat chatmessage-yogioo"><strong style="color:hsl(113,89%,34.63407077469547%)"><small>☆</small><span class="username" data-name="yo!gi!o_o!">yo!gi!o_o!</span>:</strong> <em>rude</em></div><div class="chat chatmessage-blast"><strong style="color:hsl(10,65%,45%)"><small>☆</small><span class="username" data-name="Blast">Blast</span>:</strong> <em>deserved</em></div><div class="chat"><small>elop158 joined.</small></div><div class="spacer battle-history"><br></div><div class="battle-history">The opposing Rotom used <strong>Shadow Ball</strong>!<br></div><div class="battle-history"><small>(Hitmonchan lost <abbr title="−28/261">10.7%</abbr> of its health!)</small><br></div><div class="spacer battle-history"><br></div><div class="battle-history">Hitmonchan fainted!<br></div><div class="chat"><small>elop158 left.</small></div><div class="chat chatmessage-yogioo"><strong style="color:hsl(113,89%,34.63407077469547%)"><small>☆</small><span class="username" data-name="yo!gi!o_o!">yo!gi!o_o!</span>:</strong> <em>ngl blast</em></div><div class="chat chatmessage-yogioo"><strong style="color:hsl(113,89%,34.63407077469547%)"><small>☆</small><span class="username" data-name="yo!gi!o_o!">yo!gi!o_o!</span>:</strong> <em>but why</em></div><div class="chat chatmessage-yogioo"><strong style="color:hsl(113,89%,34.63407077469547%)"><small>☆</small><span class="username" data-name="yo!gi!o_o!">yo!gi!o_o!</span>:</strong> <em>did rp regice</em></div><div class="chat chatmessage-yogioo"><strong style="color:hsl(113,89%,34.63407077469547%)"><small>☆</small><span class="username" data-name="yo!gi!o_o!">yo!gi!o_o!</span>:</strong> <em>win</em></div><div class="spacer battle-history"><br></div><div class="battle-history">Go! <strong>Archeops</strong>!<br></div><div class="spacer battle-history"><br></div><h2 class="battle-history">Turn 9</h2><div class="spacer battle-history"><br></div><div class="battle-history">yo!gi!o_o! withdrew Rotom!<br></div><div class="battle-history">yo!gi!o_o! sent out <strong>Rhydon</strong>!<br></div><div class="spacer battle-history"><br></div><div class="battle-history">Archeops used <strong>Acrobatics</strong>!<br></div><div class="battle-history"><small>It's not very effective...</small><br></div><div class="battle-history"><small>A critical hit!</small><br></div><div class="battle-history"><small>(The opposing Rhydon lost <abbr title="−72/414">17.4%</abbr> of its health!)</small><br></div><div class="spacer battle-history"><br></div><h2 class="battle-history">Turn 10</h2><div class="spacer battle-history"><br></div><div class="battle-history">Archeops, come back!<br></div><div class="battle-history">Go! <strong>Xatu</strong>!<br></div><div class="spacer battle-history"><br></div><div class="battle-history">The opposing Rhydon used <strong>Stone Edge</strong>!<br></div><div class="battle-history"><small>It's super effective!</small><br></div><div class="battle-history"><small>(Xatu lost <abbr title="−326/334">97.6%</abbr> of its health!)</small><br></div><div class="spacer battle-history"><br></div><h2 class="battle-history">Turn 11</h2><div class="chat chatmessage-blast"><strong style="color:hsl(10,65%,45%)"><small>☆</small><span class="username" data-name="Blast">Blast</span>:</strong> <em>how</em></div><div class="chat chatmessage-yogioo"><strong style="color:hsl(113,89%,34.63407077469547%)"><small>☆</small><span class="username" data-name="yo!gi!o_o!">yo!gi!o_o!</span>:</strong> <em>ikr</em></div><div class="spacer battle-history"><br></div><div class="battle-history">Xatu used <strong>Psychic</strong>!<br></div><div class="battle-history"><small>(The opposing Rhydon lost <abbr title="−87/414">21.0%</abbr> of its health!)</small><br></div><div class="spacer battle-history"><br></div><div class="battle-history">The opposing Rhydon used <strong>Swords Dance</strong>!<br></div><div class="battle-history"><small>The opposing Rhydon's Attack rose sharply!</small><br></div><div class="spacer battle-history"><br></div><h2 class="battle-history">Turn 12</h2><div class="chat chatmessage-yogioo"><strong style="color:hsl(113,89%,34.63407077469547%)"><small>☆</small><span class="username" data-name="yo!gi!o_o!">yo!gi!o_o!</span>:</strong> <em>crazy</em></div><div class="spacer battle-history"><br></div><div class="battle-history">Xatu used <strong>Psychic</strong>!<br></div><div class="battle-history"><small>(The opposing Rhydon lost <abbr title="−91/414">22.0%</abbr> of its health!)</small><br></div><div class="spacer battle-history"><br></div><div class="battle-history">The opposing Rhydon used <strong>Stone Edge</strong>!<br></div><div class="battle-history"><small>It's super effective!</small><br></div><div class="battle-history"><small>A critical hit!</small><br></div><div class="battle-history"><small>(Xatu lost <abbr title="−8/334">2.4%</abbr> of its health!)</small><br></div><div class="spacer battle-history"><br></div><div class="battle-history">Xatu fainted!<br></div><div class="chat chatmessage-yogioo"><strong style="color:hsl(113,89%,34.63407077469547%)"><small>☆</small><span class="username" data-name="yo!gi!o_o!">yo!gi!o_o!</span>:</strong> <em>sry</em></div><div class="chat chatmessage-blast"><strong style="color:hsl(10,65%,45%)"><small>☆</small><span class="username" data-name="Blast">Blast</span>:</strong> <em>no miss</em></div><div class="chat chatmessage-yogioo"><strong style="color:hsl(113,89%,34.63407077469547%)"><small>☆</small><span class="username" data-name="yo!gi!o_o!">yo!gi!o_o!</span>:</strong> <em>I think that mattered</em></div><div class="chat chatmessage-blast"><strong style="color:hsl(10,65%,45%)"><small>☆</small><span class="username" data-name="Blast">Blast</span>:</strong> <em>AND a crit???</em></div><div class="chat chatmessage-yogioo"><strong style="color:hsl(113,89%,34.63407077469547%)"><small>☆</small><span class="username" data-name="yo!gi!o_o!">yo!gi!o_o!</span>:</strong> <em>ban me please</em></div><div class="chat chatmessage-blast"><strong style="color:hsl(10,65%,45%)"><small>☆</small><span class="username" data-name="Blast">Blast</span>:</strong> <em>must be nice bein so g*sh d*rn lucky</em></div><div class="chat chatmessage-yogioo"><strong style="color:hsl(113,89%,34.63407077469547%)"><small>☆</small><span class="username" data-name="yo!gi!o_o!">yo!gi!o_o!</span>:</strong> <em>y</em></div><div class="spacer battle-history"><br></div><div class="battle-history">Go! Gourgeist (<strong>Gourgeist-Super</strong>)!<br></div><div class="battle-history"><small>Gourgeist is hurt by the spikes!</small><br></div><div class="battle-history"><small>[Gourgeist's Frisk]</small><br><small>Gourgeist frisked the opposing Rhydon and found its Eviolite!</small><br></div><div class="spacer battle-history"><br></div><h2 class="battle-history">Turn 13</h2><div class="chat"><small>Arnik joined.</small></div><div class="spacer battle-history"><br></div><div class="battle-history">Gourgeist used <strong>Seed Bomb</strong>!<br></div><div class="battle-history"><small>It's super effective!</small><br></div><div class="battle-history"><small>(The opposing Rhydon lost <abbr title="−164/414">39.6%</abbr> of its health!)</small><br></div><div class="spacer battle-history"><br></div><div class="battle-history">The opposing Rhydon fainted!<br></div><div class="spacer battle-history"><br></div><div class="battle-history">yo!gi!o_o! sent out <strong>Roselia</strong>!<br></div><div class="spacer battle-history"><br></div><h2 class="battle-history">Turn 14</h2><div class="spacer battle-history"><br></div><div class="battle-history">Gourgeist, come back!<br></div><div class="battle-history">Go! <strong>Rotom</strong>!<br></div><div class="spacer battle-history"><br></div><div class="battle-history">The opposing Roselia used <strong>Giga Drain</strong>!<br></div><div class="battle-history"><small>(Rotom lost <abbr title="−102/241">42.3%</abbr> of its health!)</small><br></div><div class="spacer battle-history"><br></div><h2 class="battle-history">Turn 15</h2><div class="spacer battle-history"><br></div><div class="battle-history">Rotom used <strong>Volt Switch</strong>!<br></div><div class="battle-history"><small>It's not very effective...</small><br></div><div class="battle-history"><small>(The opposing Roselia lost <abbr title="−25/304">8.2%</abbr> of its health!)</small><br></div><div class="spacer battle-history"><br></div><div class="battle-history">Rotom went back to Blast!<br></div><div class="battle-history">Go! Gourgeist (<strong>Gourgeist-Super</strong>)!<br></div><div class="battle-history"><small>Gourgeist is hurt by the spikes!</small><br></div><div class="battle-history"><small>[Gourgeist's Frisk]</small><br><small>Gourgeist frisked the opposing Roselia and found its Eviolite!</small><br></div><div class="spacer battle-history"><br></div><div class="battle-history">The opposing Roselia used <strong>Giga Drain</strong>!<br></div><div class="battle-history"><small>It's not very effective...</small><br></div><div class="battle-history"><small>(Gourgeist lost <abbr title="−57/369">15.4%</abbr> of its health!)</small><br></div><div class="battle-history"><small>Gourgeist had its energy drained!</small><br></div><div class="spacer battle-history"><br></div><h2 class="battle-history">Turn 16</h2><div class="spacer battle-history"><br></div><div class="battle-history">Gourgeist, come back!<br></div><div class="battle-history">Go! <strong>Archeops</strong>!<br></div><div class="spacer battle-history"><br></div><div class="battle-history">The opposing Roselia used <strong>Sludge Bomb</strong>!<br></div><div class="battle-history"><small>It's not very effective...</small><br></div><div class="battle-history"><small>(Archeops lost <abbr title="−80/291">27.5%</abbr> of its health!)</small><br></div><div class="spacer battle-history"><br></div><h2 class="battle-history">Turn 17</h2><div class="spacer battle-history"><br></div><div class="battle-history">yo!gi!o_o! withdrew Roselia!<br></div><div class="battle-history">yo!gi!o_o! sent out <strong>Barbaracle</strong>!<br></div><div class="spacer battle-history"><br></div><div class="battle-history">Archeops used <strong>Acrobatics</strong>!<br></div><div class="battle-history"><small>It's not very effective...</small><br></div><div class="battle-history"><small>(The opposing Barbaracle lost <abbr title="−96/285">33.7%</abbr> of its health!)</small><br></div><div class="spacer battle-history"><br></div><h2 class="battle-history">Turn 18</h2><div class="chat chatmessage-yogioo"><strong style="color:hsl(113,89%,34.63407077469547%)"><small>☆</small><span class="username" data-name="yo!gi!o_o!">yo!gi!o_o!</span>:</strong> <em>oh</em></div><div class="chat chatmessage-yogioo"><strong style="color:hsl(113,89%,34.63407077469547%)"><small>☆</small><span class="username" data-name="yo!gi!o_o!">yo!gi!o_o!</span>:</strong> <em>that's alot</em></div><div class="chat chatmessage-blast"><strong style="color:hsl(10,65%,45%)"><small>☆</small><span class="username" data-name="Blast">Blast</span>:</strong> <em>you probably win</em></div><div class="chat chatmessage-blast"><strong style="color:hsl(10,65%,45%)"><small>☆</small><span class="username" data-name="Blast">Blast</span>:</strong> <em>i have nothing for quag cores</em></div><div class="chat chatmessage-yogioo"><strong style="color:hsl(113,89%,34.63407077469547%)"><small>☆</small><span class="username" data-name="yo!gi!o_o!">yo!gi!o_o!</span>:</strong> <em>go</em></div><div class="spacer battle-history"><br></div><div class="battle-history">Archeops, come back!<br></div><div class="battle-history">Go! Gourgeist (<strong>Gourgeist-Super</strong>)!<br></div><div class="battle-history"><small>Gourgeist is hurt by the spikes!</small><br></div><div class="battle-history"><small>[Gourgeist's Frisk]</small><br><small>Gourgeist frisked the opposing Barbaracle and found its Shuca Berry!</small><br></div><div class="spacer battle-history"><br></div><div class="battle-history">The opposing Barbaracle used <strong>Razor Shell</strong>!<br></div><div class="battle-history"><small>Gourgeist avoided the attack!</small><br></div><div class="spacer battle-history"><br></div><h2 class="battle-history">Turn 19</h2><div class="chat chatmessage-yogioo"><strong style="color:hsl(113,89%,34.63407077469547%)"><small>☆</small><span class="username" data-name="yo!gi!o_o!">yo!gi!o_o!</span>:</strong> <em>well</em></div><div class="chat chatmessage-yogioo"><strong style="color:hsl(113,89%,34.63407077469547%)"><small>☆</small><span class="username" data-name="yo!gi!o_o!">yo!gi!o_o!</span>:</strong> <em>u have gourg</em></div><div class="chat chatmessage-blast"><strong style="color:hsl(10,65%,45%)"><small>☆</small><span class="username" data-name="Blast">Blast</span>:</strong> <em>yea but it's choiced</em></div><div class="chat"><small>Arnik left.</small></div><div class="chat chatmessage-blast"><strong style="color:hsl(10,65%,45%)"><small>☆</small><span class="username" data-name="Blast">Blast</span>:</strong> <em>this is prolly my weakest mu against fat teams</em></div><div class="spacer battle-history"><br></div><div class="battle-history">The opposing Barbaracle used <strong>Razor Shell</strong>!<br></div><div class="battle-history"><small>Gourgeist avoided the attack!</small><br></div><div class="spacer battle-history"><br></div><div class="battle-history">Gourgeist used <strong>Explosion</strong>!<br></div><div class="battle-history"><small>It's not very effective...</small><br></div><div class="battle-history"><small>(The opposing Barbaracle lost <abbr title="−170/285">59.6%</abbr> of its health!)</small><br></div><div class="spacer battle-history"><br></div><div class="battle-history">Gourgeist fainted!<br></div><div class="chat chatmessage-blast"><strong style="color:hsl(10,65%,45%)"><small>☆</small><span class="username" data-name="Blast">Blast</span>:</strong> <em>lul</em></div><div class="spacer battle-history"><br></div><div class="battle-history">Go! <strong>Archeops</strong>!<br></div><div class="spacer battle-history"><br></div><h2 class="battle-history">Turn 20</h2><div class="chat chatmessage-yogioo"><strong style="color:hsl(113,89%,34.63407077469547%)"><small>☆</small><span class="username" data-name="yo!gi!o_o!">yo!gi!o_o!</span>:</strong> <em>yeh I win now</em></div><div class="chat chatmessage-yogioo"><strong style="color:hsl(113,89%,34.63407077469547%)"><small>☆</small><span class="username" data-name="yo!gi!o_o!">yo!gi!o_o!</span>:</strong> <em>gg</em></div><div class="spacer battle-history"><br></div><div class="battle-history">Archeops used <strong>Acrobatics</strong>!<br></div><div class="battle-history"><small>It's not very effective...</small><br></div><div class="battle-history"><small>(The opposing Barbaracle lost <abbr title="−19/285">6.7%</abbr> of its health!)</small><br></div><div class="spacer battle-history"><br></div><div class="battle-history">The opposing Barbaracle fainted!<br></div><div class="spacer battle-history"><br></div><div class="battle-history">yo!gi!o_o! sent out <strong>Quagsire</strong>!<br></div><div class="spacer battle-history"><br></div><h2 class="battle-history">Turn 21</h2><div class="chat chatmessage-yogioo"><strong style="color:hsl(113,89%,34.63407077469547%)"><small>☆</small><span class="username" data-name="yo!gi!o_o!">yo!gi!o_o!</span>:</strong> <em>watch me choke</em></div><div class="spacer battle-history"><br></div><div class="battle-history">Archeops, come back!<br></div><div class="battle-history">Go! <strong>Rhydon</strong>!<br></div><div class="battle-history"><small>Rhydon is hurt by the spikes!</small><br></div><div class="spacer battle-history"><br></div><div class="battle-history">The opposing Quagsire used <strong>Scald</strong>!<br></div><div class="battle-history"><small>It's super effective!</small><br></div><div class="battle-history"><small>(Rhydon lost <abbr title="−244/414">58.9%</abbr> of its health!)</small><br></div><div class="battle-history"><small>Rhydon was burned!</small><br></div><div class="spacer battle-history"><br></div><div class="battle-history"><small>Rhydon was hurt by its burn!</small><br></div><div class="spacer battle-history"><br></div><h2 class="battle-history">Turn 22</h2><div class="chat chatmessage-yogioo"><strong style="color:hsl(113,89%,34.63407077469547%)"><small>☆</small><span class="username" data-name="yo!gi!o_o!">yo!gi!o_o!</span>:</strong> <em>LIKE LTPL!</em></div><div class="spacer battle-history"><br></div><div class="battle-history">Rhydon used <strong>Stealth Rock</strong>!<br></div><div class="battle-history"><small>Pointed stones float in the air around the opposing team!</small><br></div><div class="spacer battle-history"><br></div><div class="battle-history">The opposing Quagsire used <strong>Scald</strong>!<br></div><div class="battle-history"><small>It's super effective!</small><br></div><div class="battle-history"><small>(Rhydon lost <abbr title="−68/414">16.4%</abbr> of its health!)</small><br></div><div class="spacer battle-history"><br></div><div class="battle-history">Rhydon fainted!<br></div><div class="spacer battle-history"><br></div><div class="battle-history">Go! <strong>Rotom</strong>!<br></div><div class="spacer battle-history"><br></div><h2 class="battle-history">Turn 23</h2><div class="spacer battle-history"><br></div><div class="battle-history">yo!gi!o_o! withdrew Quagsire!<br></div><div class="battle-history">yo!gi!o_o! sent out <strong>Regice</strong>!<br></div><div class="battle-history"><small>Pointed stones dug into the opposing Regice!</small><br></div><div class="spacer battle-history"><br></div><div class="battle-history">Rotom used <strong>Volt Switch</strong>!<br></div><div class="battle-history"><small>(The opposing Regice lost <abbr title="−55/352">15.6%</abbr> of its health!)</small><br></div><div class="chat chatmessage-yogioo"><strong style="color:hsl(113,89%,34.63407077469547%)"><small>☆</small><span class="username" data-name="yo!gi!o_o!">yo!gi!o_o!</span>:</strong> <em>ur a god</em></div><div class="spacer battle-history"><br></div><div class="battle-history">Rotom went back to Blast!<br></div><div class="battle-history">Go! <strong>Archeops</strong>!<br></div><div class="spacer battle-history"><br></div><div class="battle-history"><small>The opposing Regice restored a little HP using its Leftovers!</small><br></div><div class="spacer battle-history"><br></div><h2 class="battle-history">Turn 24</h2><div class="chat chatmessage-blast"><strong style="color:hsl(10,65%,45%)"><small>☆</small><span class="username" data-name="Blast">Blast</span>:</strong> <em>cwl</em></div><div class="spacer battle-history"><br></div><div class="battle-history">Archeops used <strong>Stone Edge</strong>!<br></div><div class="battle-history"><small>It's super effective!</small><br></div><div class="battle-history"><small>(The opposing Regice lost <abbr title="−231/352">65.6%</abbr> of its health!)</small><br></div><div class="spacer battle-history"><br></div><div class="battle-history">The opposing Regice fainted!<br></div><div class="spacer battle-history"><br></div><div class="battle-history">yo!gi!o_o! sent out <strong>Rotom</strong>!<br></div><div class="battle-history"><small>Pointed stones dug into the opposing Rotom!</small><br></div><div class="spacer battle-history"><br></div><h2 class="battle-history">Turn 25</h2><div class="spacer battle-history"><br></div><div class="battle-history">The opposing Rotom used <strong>Volt Switch</strong>!<br></div><div class="battle-history"><small>It's super effective!</small><br></div><div class="battle-history"><small>(Archeops lost <abbr title="−211/291">72.5%</abbr> of its health!)</small><br></div><div class="spacer battle-history"><br></div><div class="battle-history">Archeops fainted!<br></div><div class="spacer battle-history"><br></div><div class="battle-history">The opposing Rotom went back to yo!gi!o_o!!<br></div><div class="battle-history">yo!gi!o_o! sent out <strong>Roselia</strong>!<br></div><div class="battle-history"><small>Pointed stones dug into the opposing Roselia!</small><br></div><div class="chat chatmessage-blast"><strong style="color:hsl(10,65%,45%)"><small>☆</small><span class="username" data-name="Blast">Blast</span>:</strong> <em>wisp scarf huh</em></div><div class="spacer battle-history"><br></div><div class="battle-history">Go! <strong>Rotom</strong>!<br></div><div class="spacer battle-history"><br></div><h2 class="battle-history">Turn 26</h2><div class="chat chatmessage-yogioo"><strong style="color:hsl(113,89%,34.63407077469547%)"><small>☆</small><span class="username" data-name="yo!gi!o_o!">yo!gi!o_o!</span>:</strong> <em>yah</em></div><div class="chat chatmessage-yogioo"><strong style="color:hsl(113,89%,34.63407077469547%)"><small>☆</small><span class="username" data-name="yo!gi!o_o!">yo!gi!o_o!</span>:</strong> <em>gg</em></div><div class="chat chatmessage-blast"><strong style="color:hsl(10,65%,45%)"><small>☆</small><span class="username" data-name="Blast">Blast</span>:</strong> <em>haven't seen that in a long time</em></div><div class="chat chatmessage-blast"><strong style="color:hsl(10,65%,45%)"><small>☆</small><span class="username" data-name="Blast">Blast</span>:</strong> <em>gg</em></div><div class="spacer battle-history"><br></div><div class="battle-history">Rotom used <strong>Trick</strong>!<br></div><div class="battle-history"><small>Rotom switched items with its target!</small><br></div><div class="battle-history"><small>The opposing Roselia obtained one Choice Scarf.</small><br></div><div class="battle-history"><small>Rotom obtained one Eviolite.</small><br></div><div class="spacer battle-history"><br></div><div class="battle-history">The opposing Roselia used <strong>Giga Drain</strong>!<br></div><div class="battle-history"><small>(Rotom lost <abbr title="−105/241">43.6%</abbr> of its health!)</small><br></div><div class="battle-history"><small>Rotom had its energy drained!</small><br></div><div class="spacer battle-history"><br></div><h2 class="battle-history">Turn 27</h2><div class="chat chatmessage-yogioo"><strong style="color:hsl(113,89%,34.63407077469547%)"><small>☆</small><span class="username" data-name="yo!gi!o_o!">yo!gi!o_o!</span>:</strong> <em>nah its fun af</em></div><div class="spacer battle-history"><br></div><div class="battle-history">Rotom used <strong>Thunderbolt</strong>!<br></div><div class="battle-history"><small>It's not very effective...</small><br></div><div class="battle-history"><small>(The opposing Roselia lost <abbr title="−51/304">16.8%</abbr> of its health!)</small><br></div><div class="spacer battle-history"><br></div><div class="battle-history">The opposing Roselia used <strong>Giga Drain</strong>!<br></div><div class="battle-history"><small>(Rotom lost <abbr title="−34/241">14.1%</abbr> of its health!)</small><br></div><div class="battle-history"><small>Rotom had its energy drained!</small><br></div><div class="spacer battle-history"><br></div><div class="battle-history">Rotom fainted!<br></div><div class="spacer battle-history"><br></div><div class="battle-history"><strong>yo!gi!o_o!</strong> won the battle!<br></div></div><div class="inner-preempt"></div></div></div>
</div>
<script>
let daily = Math.floor(Date.now()/1000/60/60/24);document.write('<script src="https://play.pokemonshowdown.com/js/replay-embed.js?version'+daily+'"></'+'script>');
</script>
