<!DOCTYPE html>
<meta charset="utf-8" />
<!-- version 1 -->
<title>NU replay: yo!gi!o_o! vs. Shadestep!!</title>
<style>
html,body {font-family:Verdana, sans-serif;font-size:10pt;margin:0;padding:0;}body{padding:12px 0;} .battle-log {font-family:Verdana, sans-serif;font-size:10pt;} .battle-log-inline {border:1px solid #AAAAAA;background:#EEF2F5;color:black;max-width:640px;margin:0 auto 80px;padding-bottom:5px;} .battle-log .inner {padding:4px 8px 0px 8px;} .battle-log .inner-preempt {padding:0 8px 4px 8px;} .battle-log .inner-after {margin-top:0.5em;} .battle-log h2 {margin:0.5em -8px;padding:4px 8px;border:1px solid #AAAAAA;background:#E0E7EA;border-left:0;border-right:0;font-family:Verdana, sans-serif;font-size:13pt;} .battle-log .chat {vertical-align:middle;padding:3px 0 3px 0;font-size:8pt;} .battle-log .chat strong {color:#40576A;} .battle-log .chat em {padding:1px 4px 1px 3px;color:#000000;font-style:normal;} .chat.mine {background:rgba(0,0,0,0.05);margin-left:-8px;margin-right:-8px;padding-left:8px;padding-right:8px;} .spoiler {color:#BBBBBB;background:#BBBBBB;padding:0px 3px;} .spoiler:hover, .spoiler:active, .spoiler-shown {color:#000000;background:#E2E2E2;padding:0px 3px;} .spoiler a {color:#BBBBBB;} .spoiler:hover a, .spoiler:active a, .spoiler-shown a {color:#2288CC;} .chat code, .chat .spoiler:hover code, .chat .spoiler:active code, .chat .spoiler-shown code {border:1px solid #C0C0C0;background:#EEEEEE;color:black;padding:0 2px;} .chat .spoiler code {border:1px solid #CCCCCC;background:#CCCCCC;color:#CCCCCC;} .battle-log .rated {padding:3px 4px;} .battle-log .rated strong {color:white;background:#89A;padding:1px 4px;border-radius:4px;} .spacer {margin-top:0.5em;} .message-announce {background:#6688AA;color:white;padding:1px 4px 2px;} .message-announce a, .broadcast-green a, .broadcast-blue a, .broadcast-red a {color:#DDEEFF;} .broadcast-green {background-color:#559955;color:white;padding:2px 4px;} .broadcast-blue {background-color:#6688AA;color:white;padding:2px 4px;} .infobox {border:1px solid #6688AA;padding:2px 4px;} .infobox-limited {max-height:200px;overflow:auto;overflow-x:hidden;} .broadcast-red {background-color:#AA5544;color:white;padding:2px 4px;} .message-learn-canlearn {font-weight:bold;color:#228822;text-decoration:underline;} .message-learn-cannotlearn {font-weight:bold;color:#CC2222;text-decoration:underline;} .message-effect-weak {font-weight:bold;color:#CC2222;} .message-effect-resist {font-weight:bold;color:#6688AA;} .message-effect-immune {font-weight:bold;color:#666666;} .message-learn-list {margin-top:0;margin-bottom:0;} .message-throttle-notice, .message-error {color:#992222;} .message-overflow, .chat small.message-overflow {font-size:0pt;} .message-overflow::before {font-size:9pt;content:'...';} .subtle {color:#3A4A66;}
</style>
<div class="wrapper replay-wrapper" style="max-width:1180px;margin:0 auto">
<input type="hidden" name="replayid" value="nu-574914752" />
<div class="battle"></div><div class="battle-log"></div><div class="replay-controls"></div><div class="replay-controls-2"></div>
<h1 style="font-weight:normal;text-align:center"><strong>NU</strong><br /><a href="http://pokemonshowdown.com/users/yogioo" class="subtle" target="_blank">yo!gi!o_o!</a> vs. <a href="http://pokemonshowdown.com/users/shadestep" class="subtle" target="_blank">Shadestep!!</a></h1>
<script type="text/plain" class="battle-log-data">|j|yo!gi!o_o!
|j|Shadestep!!
|player|p1|yo!gi!o_o!|197
|player|p2|Shadestep!!|237
|gametype|singles
|gen|6
|tier|NU
|seed|52409,54759,60329,41089
|rule|Sleep Clause Mod: Limit one foe put to sleep
|rule|Species Clause: Limit one of each Pokémon
|rule|OHKO Clause: OHKO moves are banned
|rule|Moody Clause: Moody is banned
|rule|Evasion Moves Clause: Evasion moves are banned
|rule|Endless Battle Clause: Forcing endless battles is banned
|rule|HP Percentage Mod: HP is shown in percentages
|clearpoke
|poke|p1|Scyther, M|item
|poke|p1|Pinsir, M|item
|poke|p1|Mesprit|item
|poke|p1|Miltank, F|item
|poke|p1|Hitmonchan, M|item
|poke|p1|Roselia, M|item
|poke|p2|Trevenant, F|item
|poke|p2|Garbodor, F|item
|poke|p2|Rhydon, M|item
|poke|p2|Xatu, M|item
|poke|p2|Liepard, M|item
|poke|p2|Audino, F|item
|rule|Swagger Clause: Swagger is banned
|rule|Baton Pass Clause: Limit one Baton Passer, can't pass Spe and other stats simultaneously
|teampreview
|choice|team 1, team 2, team 3, team 4, team 5, team 6|team 5, team 2, team 3, team 4, team 1, team 6
|
|start
|switch|p1a: Scyther|Scyther, M|281\/281
|switch|p2a: Liepard|Liepard, M|269\/269
|turn|1
|choice|move knockoff|switch 2
|
|switch|p2a: Garbodor|Garbodor, F|364\/364
|move|p1a: Scyther|Knock Off|p2a: Garbodor
|-damage|p2a: Garbodor|268\/364
|-damage|p1a: Scyther|235\/281|[from] item: Rocky Helmet|[of] p2a: Garbodor
|-enditem|p2a: Garbodor|Rocky Helmet|[from] move: Knock Off|[of] p1a: Scyther
|
|upkeep
|turn|2
|choice|move uturn|move toxicspikes
|
|move|p1a: Scyther|U-turn|p2a: Garbodor
|-resisted|p2a: Garbodor
|-damage|p2a: Garbodor|214\/364
|c|☆Shadestep!!|anime tiddies
|c|☆yo!gi!o_o!|y
|choice|switch 2|
|
|switch|p1a: Pinsir|Pinsir, M|271\/271
|-ability|p1a: Pinsir|Mold Breaker
|move|p2a: Garbodor|Toxic Spikes|p1a: Pinsir
|-sidestart|p1: yo!gi!o_o!|move: Toxic Spikes
|
|upkeep
|turn|3
|choice|move earthquake|switch 4
|
|switch|p2a: Xatu|Xatu, M|333\/333
|move|p1a: Pinsir|Earthquake|p2a: Xatu
|-immune|p2a: Xatu|[msg]
|
|upkeep
|turn|4
|choice|switch 3|move heatwave
|
|switch|p1a: Mesprit|Mesprit|301\/301
|move|p2a: Xatu|Heat Wave|p1a: Mesprit
|-damage|p1a: Mesprit|235\/301
|
|upkeep
|turn|5
|choice|move icebeam|switch 2
|
|switch|p2a: Liepard|Liepard, M|269\/269
|move|p1a: Mesprit|Ice Beam|p2a: Liepard
|-damage|p2a: Liepard|10\/269
|
|upkeep
|turn|6
|choice|move icebeam|move knockoff
|
|move|p2a: Liepard|Knock Off|p1a: Mesprit
|-supereffective|p1a: Mesprit
|-damage|p1a: Mesprit|0 fnt
|-enditem|p1a: Mesprit|Choice Specs|[from] move: Knock Off|[of] p2a: Liepard
|faint|p1a: Mesprit
|
|upkeep
|choice|switch 2|
|
|switch|p1a: Scyther|Scyther, M|235\/281
|turn|7
|choice|move knockoff|move thunderwave
|
|move|p2a: Liepard|Thunder Wave|p1a: Scyther
|-status|p1a: Scyther|par
|move|p1a: Scyther|Knock Off|p2a: Liepard
|-resisted|p2a: Liepard
|-damage|p2a: Liepard|0 fnt
|-enditem|p2a: Liepard|Black Glasses|[from] move: Knock Off|[of] p1a: Scyther
|faint|p2a: Liepard
|
|upkeep
|choice||switch 3
|
|switch|p2a: Rhydon|Rhydon, M|413\/413
|turn|8
|choice|move knockoff|move stealthrock
|
|move|p2a: Rhydon|Stealth Rock|p1a: Scyther
|-sidestart|p1: yo!gi!o_o!|move: Stealth Rock
|move|p1a: Scyther|Knock Off|p2a: Rhydon
|-damage|p2a: Rhydon|353\/413
|-enditem|p2a: Rhydon|Eviolite|[from] move: Knock Off|[of] p1a: Scyther
|
|upkeep
|turn|9
|choice|move aerialace|move earthquake
|
|move|p2a: Rhydon|Earthquake|p1a: Scyther
|-immune|p1a: Scyther|[msg]
|cant|p1a: Scyther|par
|
|upkeep
|turn|10
|choice|move knockoff|move rockblast
|
|move|p2a: Rhydon|Rock Blast|p1a: Scyther
|-supereffective|p1a: Scyther
|-crit|p1a: Scyther
|-damage|p1a: Scyther|27\/281 par
|-supereffective|p1a: Scyther
|-damage|p1a: Scyther|0 fnt
|-hitcount|p1a: Scyther|2
|faint|p1a: Scyther
|
|upkeep
|choice|switch 6|
|
|switch|p1a: Roselia|Roselia, M|304\/304
|-damage|p1a: Roselia|266\/304|[from] Stealth Rock
|-sideend|p1: yo!gi!o_o!|move: Toxic Spikes|[of] p1a: Roselia
|turn|11
|choice|move sludgebomb|switch 4
|
|switch|p2a: Garbodor|Garbodor, F|214\/364
|move|p1a: Roselia|Sludge Bomb|p2a: Garbodor
|-resisted|p2a: Garbodor
|-damage|p2a: Garbodor|157\/364
|
|upkeep
|turn|12
|choice|move spikes|move gunkshot
|
|move|p2a: Garbodor|Gunk Shot|p1a: Roselia|[miss]
|-miss|p2a: Garbodor|p1a: Roselia
|move|p1a: Roselia|Spikes|p2a: Garbodor
|-sidestart|p2: Shadestep!!|Spikes
|
|upkeep
|turn|13
|choice|move sludgebomb|move gunkshot
|
|move|p2a: Garbodor|Gunk Shot|p1a: Roselia
|-damage|p1a: Roselia|110\/304
|move|p1a: Roselia|Sludge Bomb|p2a: Garbodor
|-resisted|p2a: Garbodor
|-damage|p2a: Garbodor|96\/364
|
|upkeep
|turn|14
|choice|switch 3|move toxicspikes
|
|switch|p1a: Pinsir|Pinsir, M|271\/271
|-damage|p1a: Pinsir|204\/271|[from] Stealth Rock
|-ability|p1a: Pinsir|Mold Breaker
|move|p2a: Garbodor|Toxic Spikes|p1a: Pinsir
|-sidestart|p1: yo!gi!o_o!|move: Toxic Spikes
|
|upkeep
|turn|15
|choice|move stoneedge|switch 2
|
|switch|p2a: Xatu|Xatu, M|333\/333
|move|p1a: Pinsir|Stone Edge|p2a: Xatu
|-supereffective|p2a: Xatu
|-damage|p2a: Xatu|75\/333
|
|upkeep
|turn|16
|choice|move stoneedge|switch 4
|
|switch|p2a: Rhydon|Rhydon, M|353\/413
|-damage|p2a: Rhydon|302\/413|[from] Spikes
|move|p1a: Pinsir|Stone Edge|p2a: Rhydon
|-resisted|p2a: Rhydon
|-damage|p2a: Rhydon|254\/413
|
|upkeep
|turn|17
|choice|move stoneedge|move earthquake
|
|move|p1a: Pinsir|Stone Edge|p2a: Rhydon
|-resisted|p2a: Rhydon
|-damage|p2a: Rhydon|206\/413
|move|p2a: Rhydon|Earthquake|p1a: Pinsir
|-resisted|p1a: Pinsir
|-damage|p1a: Pinsir|114\/271
|
|upkeep
|turn|18
|choice|move stoneedge|move rockblast
|
|move|p1a: Pinsir|Stone Edge|p2a: Rhydon
|-resisted|p2a: Rhydon
|-damage|p2a: Rhydon|159\/413
|move|p2a: Rhydon|Rock Blast|p1a: Pinsir|[miss]
|-miss|p2a: Rhydon|p1a: Pinsir
|
|upkeep
|turn|19
|choice|move stoneedge|move rockblast
|
|move|p1a: Pinsir|Stone Edge|p2a: Rhydon
|-resisted|p2a: Rhydon
|-damage|p2a: Rhydon|107\/413
|move|p2a: Rhydon|Rock Blast|p1a: Pinsir
|-supereffective|p1a: Pinsir
|-crit|p1a: Pinsir
|-damage|p1a: Pinsir|0 fnt
|-hitcount|p1a: Pinsir|1
|faint|p1a: Pinsir
|
|upkeep
|choice|switch 3|
|
|switch|p1a: Roselia|Roselia, M|110\/304
|-sideend|p1: yo!gi!o_o!|move: Toxic Spikes|[of] p1a: Roselia
|-damage|p1a: Roselia|72\/304|[from] Stealth Rock
|turn|20
|choice|move synthesis|switch 4
|
|switch|p2a: Xatu|Xatu, M|75\/333
|move|p1a: Roselia|Synthesis|p1a: Roselia
|-heal|p1a: Roselia|224\/304
|
|upkeep
|turn|21
|choice|move sludgebomb|move roost
|
|move|p2a: Xatu|Roost|p2a: Xatu
|-heal|p2a: Xatu|242\/333
|move|p1a: Roselia|Sludge Bomb|p2a: Xatu
|-damage|p2a: Xatu|107\/333
|-status|p2a: Xatu|psn
|
|-damage|p2a: Xatu|66\/333 psn|[from] psn
|upkeep
|turn|22
|choice|move synthesis|move psychic
|
|move|p2a: Xatu|Psychic|p1a: Roselia
|-supereffective|p1a: Roselia
|-damage|p1a: Roselia|114\/304
|move|p1a: Roselia|Synthesis|p1a: Roselia
|-heal|p1a: Roselia|266\/304
|
|-damage|p2a: Xatu|25\/333 psn|[from] psn
|upkeep
|turn|23
|choice|move sludgebomb|move psychic
|
|move|p2a: Xatu|Psychic|p1a: Roselia
|-supereffective|p1a: Roselia
|-damage|p1a: Roselia|144\/304
|move|p1a: Roselia|Sludge Bomb|p2a: Xatu
|-damage|p2a: Xatu|0 fnt
|faint|p2a: Xatu
|
|upkeep
|choice||switch 2
|
|switch|p2a: Garbodor|Garbodor, F|96\/364
|-damage|p2a: Garbodor|51\/364|[from] Spikes
|turn|24
|choice|switch 5|move spikes
|
|switch|p1a: Hitmonchan|Hitmonchan, M|303\/303
|-damage|p1a: Hitmonchan|285\/303|[from] Stealth Rock
|move|p2a: Garbodor|Spikes|p1a: Hitmonchan
|-sidestart|p1: yo!gi!o_o!|Spikes
|
|upkeep
|turn|25
|choice|move icepunch|move spikes
|
|move|p2a: Garbodor|Spikes|p1a: Hitmonchan
|-sidestart|p1: yo!gi!o_o!|Spikes
|move|p1a: Hitmonchan|Ice Punch|p2a: Garbodor
|-damage|p2a: Garbodor|0 fnt
|-damage|p1a: Hitmonchan|210\/303|[from] ability: Aftermath|[of] p2a: Garbodor
|faint|p2a: Garbodor
|
|upkeep
|choice||switch 5
|
|switch|p2a: Trevenant|Trevenant, F|374\/374
|-damage|p2a: Trevenant|328\/374|[from] Spikes
|turn|26
|choice|move icepunch|move substitute
|
|move|p1a: Hitmonchan|Ice Punch|p2a: Trevenant
|-supereffective|p2a: Trevenant
|-damage|p2a: Trevenant|58\/374
|-enditem|p2a: Trevenant|Sitrus Berry|[eat]
|-heal|p2a: Trevenant|151\/374|[from] item: Sitrus Berry
|move|p2a: Trevenant|Substitute|p2a: Trevenant
|-start|p2a: Trevenant|Substitute
|-damage|p2a: Trevenant|58\/374
|
|-item|p2a: Trevenant|Sitrus Berry|[from] ability: Harvest
|upkeep
|-enditem|p2a: Trevenant|Sitrus Berry|[eat]
|-heal|p2a: Trevenant|151\/374|[from] item: Sitrus Berry
|turn|27
|choice|move icepunch|move protect
|
|move|p2a: Trevenant|Protect|p2a: Trevenant
|-singleturn|p2a: Trevenant|Protect
|move|p1a: Hitmonchan|Ice Punch|p2a: Trevenant
|-activate|p2a: Trevenant|move: Protect
|
|-item|p2a: Trevenant|Sitrus Berry|[from] ability: Harvest
|upkeep
|-enditem|p2a: Trevenant|Sitrus Berry|[eat]
|-heal|p2a: Trevenant|244\/374|[from] item: Sitrus Berry
|turn|28
|choice|move icepunch|move leechseed
|
|move|p1a: Hitmonchan|Ice Punch|p2a: Trevenant
|-supereffective|p2a: Trevenant
|-end|p2a: Trevenant|Substitute
|move|p2a: Trevenant|Leech Seed|p1a: Hitmonchan
|-start|p1a: Hitmonchan|move: Leech Seed
|
|-damage|p1a: Hitmonchan|173\/303|[from] Leech Seed|[of] p2a: Trevenant
|-heal|p2a: Trevenant|281\/374|[silent]
|upkeep
|turn|29
|choice|switch 4|move protect
|
|switch|p1a: Miltank|Miltank, F|394\/394
|-damage|p1a: Miltank|329\/394|[from] Spikes
|-damage|p1a: Miltank|280\/394|[from] Stealth Rock
|move|p2a: Trevenant|Protect|p2a: Trevenant
|-fail|p2a: Trevenant
|
|-heal|p1a: Miltank|304\/394|[from] item: Leftovers
|-item|p2a: Trevenant|Sitrus Berry|[from] ability: Harvest
|upkeep
|turn|30
|choice|move thunderwave|move leechseed
|
|move|p1a: Miltank|Thunder Wave|p2a: Trevenant
|-status|p2a: Trevenant|par
|cant|p2a: Trevenant|par
|
|-heal|p1a: Miltank|328\/394|[from] item: Leftovers
|upkeep
|turn|31
|choice|switch 5|move leechseed
|
|switch|p1a: Roselia|Roselia, M|144\/304
|-damage|p1a: Roselia|94\/304|[from] Spikes
|-damage|p1a: Roselia|56\/304|[from] Stealth Rock
|cant|p2a: Trevenant|par
|
|upkeep
|turn|32
|c|☆Shadestep!!|,,
|choice|move synthesis|move phantomforce
|
|move|p1a: Roselia|Synthesis|p1a: Roselia
|-heal|p1a: Roselia|208\/304
|move|p2a: Trevenant|Phantom Force|p1a: Roselia|[still]
|-prepare|p2a: Trevenant|Phantom Force|p1a: Roselia
|
|upkeep
|turn|33
|c|☆yo!gi!o_o!|ew
|choice|move synthesis|move phantomforce
|
|move|p1a: Roselia|Synthesis|p1a: Roselia
|-heal|p1a: Roselia|304\/304
|cant|p2a: Trevenant|par
|
|upkeep
|turn|34
|c|☆Shadestep!!|....
|choice|move spikes|move phantomforce
|
|move|p1a: Roselia|Spikes|p2a: Trevenant
|-sidestart|p2: Shadestep!!|Spikes
|move|p2a: Trevenant|Phantom Force|p1a: Roselia|[still]
|-prepare|p2a: Trevenant|Phantom Force|p1a: Roselia
|
|upkeep
|turn|35
|c|☆yo!gi!o_o!|why
|choice|move spikes|move phantomforce
|
|move|p1a: Roselia|Spikes|p2a: Trevenant
|-sidestart|p2: Shadestep!!|Spikes
|move|p2a: Trevenant|Phantom Force|p1a: Roselia|[from]lockedmove
|-damage|p1a: Roselia|171\/304
|
|upkeep
|turn|36
|choice|move synthesis|move protect
|
|move|p2a: Trevenant|Protect|p2a: Trevenant
|-singleturn|p2a: Trevenant|Protect
|move|p1a: Roselia|Synthesis|p1a: Roselia
|-heal|p1a: Roselia|304\/304
|
|upkeep
|turn|37
|choice|move sludgebomb|move substitute
|
|move|p1a: Roselia|Sludge Bomb|p2a: Trevenant
|-damage|p2a: Trevenant|185\/374 par
|-enditem|p2a: Trevenant|Sitrus Berry|[eat]
|-heal|p2a: Trevenant|278\/374 par|[from] item: Sitrus Berry
|move|p2a: Trevenant|Substitute|p2a: Trevenant
|-start|p2a: Trevenant|Substitute
|-damage|p2a: Trevenant|185\/374 par
|
|-item|p2a: Trevenant|Sitrus Berry|[from] ability: Harvest
|upkeep
|-enditem|p2a: Trevenant|Sitrus Berry|[eat]
|-heal|p2a: Trevenant|278\/374 par|[from] item: Sitrus Berry
|turn|38
|choice|move spikes|move protect
|
|cant|p2a: Trevenant|par
|move|p1a: Roselia|Spikes|p2a: Trevenant
|-fail|p2a: Trevenant
|
|-item|p2a: Trevenant|Sitrus Berry|[from] ability: Harvest
|upkeep
|turn|39
|choice|move spikes|move protect
|
|move|p2a: Trevenant|Protect|p2a: Trevenant
|-singleturn|p2a: Trevenant|Protect
|move|p1a: Roselia|Spikes|p2a: Trevenant
|-fail|p2a: Trevenant
|
|upkeep
|turn|40
|choice|switch 5|move phantomforce
|
|switch|p1a: Miltank|Miltank, F|328\/394
|-damage|p1a: Miltank|279\/394|[from] Stealth Rock
|-damage|p1a: Miltank|214\/394|[from] Spikes
|cant|p2a: Trevenant|par
|
|-heal|p1a: Miltank|238\/394|[from] item: Leftovers
|upkeep
|turn|41
|c|☆Shadestep!!|what are u doing
|c|☆yo!gi!o_o!|waiting
|choice|move milkdrink|move leechseed
|
|move|p1a: Miltank|Milk Drink|p1a: Miltank
|-heal|p1a: Miltank|394\/394
|move|p2a: Trevenant|Leech Seed|p1a: Miltank
|-start|p1a: Miltank|move: Leech Seed
|
|-damage|p1a: Miltank|345\/394|[from] Leech Seed|[of] p2a: Trevenant
|-heal|p2a: Trevenant|327\/374 par|[silent]
|upkeep
|turn|42
|c|☆yo!gi!o_o!|if i have to pp stall
|c|☆yo!gi!o_o!|i will .
|choice|move seismictoss|move leechseed
|
|move|p1a: Miltank|Seismic Toss|p2a: Trevenant
|-immune|p2a: Trevenant|[msg]
|move|p2a: Trevenant|Leech Seed|p1a: Miltank
|-fail|p1a: Miltank
|
|-heal|p1a: Miltank|369\/394|[from] item: Leftovers
|-damage|p1a: Miltank|320\/394|[from] Leech Seed|[of] p2a: Trevenant
|-heal|p2a: Trevenant|374\/374 par|[silent]
|upkeep
|turn|43
|choice|move seismictoss|move phantomforce
|
|move|p1a: Miltank|Seismic Toss|p2a: Trevenant
|-immune|p2a: Trevenant|[msg]
|move|p2a: Trevenant|Phantom Force|p1a: Miltank|[still]
|-prepare|p2a: Trevenant|Phantom Force|p1a: Miltank
|
|-heal|p1a: Miltank|344\/394|[from] item: Leftovers
|-damage|p1a: Miltank|295\/394|[from] Leech Seed|[of] p2a: Trevenant
|upkeep
|turn|44
|-message|Shadestep!! forfeited.
|
|win|yo!gi!o_o!
|l|Shadestep!!</script>
</div>
<div class="battle-log battle-log-inline"><div class="inner"><div class="battle-options"></div><div class="inner"><div class="chat"><small>yo!gi!o_o! joined.</small></div><div class="chat"><small>Shadestep!! joined.</small></div><div class=""><small>Format:</small> <br><strong>NU</strong></div><div class=""><small><em>Sleep Clause Mod:</em> Limit one foe put to sleep</small></div><div class=""><small><em>Species Clause:</em> Limit one of each Pokémon</small></div><div class=""><small><em>OHKO Clause:</em> OHKO moves are banned</small></div><div class=""><small><em>Moody Clause:</em> Moody is banned</small></div><div class=""><small><em>Evasion Moves Clause:</em> Evasion moves are banned</small></div><div class=""><small><em>Endless Battle Clause:</em> Forcing endless battles is banned</small></div><div class=""><small><em>HP Percentage Mod:</em> HP is shown in percentages</small></div><div class=""><small><em>Swagger Clause:</em> Swagger is banned</small></div><div class=""><small><em>Baton Pass Clause:</em> Limit one Baton Passer, can't pass Spe and other stats simultaneously</small></div><div class="chat battle-history"><strong>yo!gi!o_o!'s team:</strong> <em style="color:#445566;display:block;">Scyther / Pinsir / Mesprit / Miltank / Hitmonchan / Roselia</em></div><div class="chat battle-history"><strong>Shadestep!!'s team:</strong> <em style="color:#445566;display:block;">Trevenant / Garbodor / Rhydon / Xatu / Liepard / Audino</em></div><div class="spacer battle-history"><br></div><div class="battle-history">Battle started between yo!gi!o_o! and Shadestep!!!<br></div><div class="spacer battle-history"><br></div><div class="battle-history">Go! <strong>Scyther</strong>!<br></div><div class="spacer battle-history"><br></div><div class="battle-history">Shadestep!! sent out <strong>Liepard</strong>!<br></div><div class="spacer battle-history"><br></div><h2 class="battle-history">Turn 1</h2><div class="spacer battle-history"><br></div><div class="battle-history">Shadestep!! withdrew Liepard!<br></div><div class="battle-history">Shadestep!! sent out <strong>Garbodor</strong>!<br></div><div class="spacer battle-history"><br></div><div class="battle-history">Scyther used <strong>Knock Off</strong>!<br></div><div class="battle-history"><small>(The opposing Garbodor lost <abbr title="−96/364">26.4%</abbr> of its health!)</small><br></div><div class="battle-history"><small>Scyther was hurt by the Rocky Helmet!</small><br></div><div class="battle-history"><small>Scyther knocked off the opposing Garbodor's Rocky Helmet!</small><br></div><div class="spacer battle-history"><br></div><h2 class="battle-history">Turn 2</h2><div class="spacer battle-history"><br></div><div class="battle-history">Scyther used <strong>U-turn</strong>!<br></div><div class="battle-history"><small>It's not very effective...</small><br></div><div class="battle-history"><small>(The opposing Garbodor lost <abbr title="−54/364">14.8%</abbr> of its health!)</small><br></div><div class="chat chatmessage-shadestep"><strong style="color:hsl(348,69%,49.13556749513967%)"><small>☆</small><span class="username" data-name="Shadestep!!">Shadestep!!</span>:</strong> <em>anime tiddies</em></div><div class="chat chatmessage-yogioo"><strong style="color:hsl(113,89%,34.63407077469547%)"><small>☆</small><span class="username" data-name="yo!gi!o_o!">yo!gi!o_o!</span>:</strong> <em>y</em></div><div class="spacer battle-history"><br></div><div class="battle-history">Scyther went back to yo!gi!o_o!!<br></div><div class="battle-history">Go! <strong>Pinsir</strong>!<br></div><div class="battle-history"><small>[Pinsir's Mold Breaker]</small><br><small>Pinsir breaks the mold!</small><br></div><div class="spacer battle-history"><br></div><div class="battle-history">The opposing Garbodor used <strong>Toxic Spikes</strong>!<br></div><div class="battle-history"><small>Poison spikes were scattered on the ground all around your team!</small><br></div><div class="spacer battle-history"><br></div><h2 class="battle-history">Turn 3</h2><div class="spacer battle-history"><br></div><div class="battle-history">Shadestep!! withdrew Garbodor!<br></div><div class="battle-history">Shadestep!! sent out <strong>Xatu</strong>!<br></div><div class="spacer battle-history"><br></div><div class="battle-history">Pinsir used <strong>Earthquake</strong>!<br></div><div class="battle-history"><small>It doesn't affect the opposing Xatu...</small><br></div><div class="spacer battle-history"><br></div><h2 class="battle-history">Turn 4</h2><div class="spacer battle-history"><br></div><div class="battle-history">Pinsir, come back!<br></div><div class="battle-history">Go! <strong>Mesprit</strong>!<br></div><div class="spacer battle-history"><br></div><div class="battle-history">The opposing Xatu used <strong>Heat Wave</strong>!<br></div><div class="battle-history"><small>(Mesprit lost <abbr title="−66/301">21.9%</abbr> of its health!)</small><br></div><div class="spacer battle-history"><br></div><h2 class="battle-history">Turn 5</h2><div class="spacer battle-history"><br></div><div class="battle-history">Shadestep!! withdrew Xatu!<br></div><div class="battle-history">Shadestep!! sent out <strong>Liepard</strong>!<br></div><div class="spacer battle-history"><br></div><div class="battle-history">Mesprit used <strong>Ice Beam</strong>!<br></div><div class="battle-history"><small>(The opposing Liepard lost <abbr title="−259/269">96.3%</abbr> of its health!)</small><br></div><div class="spacer battle-history"><br></div><h2 class="battle-history">Turn 6</h2><div class="spacer battle-history"><br></div><div class="battle-history">The opposing Liepard used <strong>Knock Off</strong>!<br></div><div class="battle-history"><small>It's super effective!</small><br></div><div class="battle-history"><small>(Mesprit lost <abbr title="−235/301">78.1%</abbr> of its health!)</small><br></div><div class="battle-history"><small>The opposing Liepard knocked off Mesprit's Choice Specs!</small><br></div><div class="spacer battle-history"><br></div><div class="battle-history">Mesprit fainted!<br></div><div class="spacer battle-history"><br></div><div class="battle-history">Go! <strong>Scyther</strong>!<br></div><div class="spacer battle-history"><br></div><h2 class="battle-history">Turn 7</h2><div class="spacer battle-history"><br></div><div class="battle-history">The opposing Liepard used <strong>Thunder Wave</strong>!<br></div><div class="battle-history"><small>Scyther is paralyzed! It may be unable to move!</small><br></div><div class="spacer battle-history"><br></div><div class="battle-history">Scyther used <strong>Knock Off</strong>!<br></div><div class="battle-history"><small>It's not very effective...</small><br></div><div class="battle-history"><small>(The opposing Liepard lost <abbr title="−10/269">3.7%</abbr> of its health!)</small><br></div><div class="battle-history"><small>Scyther knocked off the opposing Liepard's Black Glasses!</small><br></div><div class="spacer battle-history"><br></div><div class="battle-history">The opposing Liepard fainted!<br></div><div class="spacer battle-history"><br></div><div class="battle-history">Shadestep!! sent out <strong>Rhydon</strong>!<br></div><div class="spacer battle-history"><br></div><h2 class="battle-history">Turn 8</h2><div class="spacer battle-history"><br></div><div class="battle-history">The opposing Rhydon used <strong>Stealth Rock</strong>!<br></div><div class="battle-history"><small>Pointed stones float in the air around your team!</small><br></div><div class="spacer battle-history"><br></div><div class="battle-history">Scyther used <strong>Knock Off</strong>!<br></div><div class="battle-history"><small>(The opposing Rhydon lost <abbr title="−60/413">14.5%</abbr> of its health!)</small><br></div><div class="battle-history"><small>Scyther knocked off the opposing Rhydon's Eviolite!</small><br></div><div class="spacer battle-history"><br></div><h2 class="battle-history">Turn 9</h2><div class="spacer battle-history"><br></div><div class="battle-history">The opposing Rhydon used <strong>Earthquake</strong>!<br></div><div class="battle-history"><small>It doesn't affect Scyther...</small><br></div><div class="spacer battle-history"><br></div><div class="battle-history">Scyther is paralyzed! It can't move!<br></div><div class="spacer battle-history"><br></div><h2 class="battle-history">Turn 10</h2><div class="spacer battle-history"><br></div><div class="battle-history">The opposing Rhydon used <strong>Rock Blast</strong>!<br></div><div class="battle-history"><small>It's super effective!</small><br></div><div class="battle-history"><small>A critical hit!</small><br></div><div class="battle-history"><small>(Scyther lost <abbr title="−208/281">74.0%</abbr> of its health!)</small><br></div><div class="battle-history"><small>It's super effective!</small><br></div><div class="battle-history"><small>(Scyther lost <abbr title="−27/281">9.6%</abbr> of its health!)</small><br></div><div class="battle-history"><small>Hit 2 times!</small><br></div><div class="spacer battle-history"><br></div><div class="battle-history">Scyther fainted!<br></div><div class="spacer battle-history"><br></div><div class="battle-history">Go! <strong>Roselia</strong>!<br></div><div class="battle-history"><small>Pointed stones dug into Roselia!</small><br></div><div class="battle-history"><small>The poison spikes disappeared from the ground around your team!</small><br></div><div class="spacer battle-history"><br></div><h2 class="battle-history">Turn 11</h2><div class="spacer battle-history"><br></div><div class="battle-history">Shadestep!! withdrew Rhydon!<br></div><div class="battle-history">Shadestep!! sent out <strong>Garbodor</strong>!<br></div><div class="spacer battle-history"><br></div><div class="battle-history">Roselia used <strong>Sludge Bomb</strong>!<br></div><div class="battle-history"><small>It's not very effective...</small><br></div><div class="battle-history"><small>(The opposing Garbodor lost <abbr title="−57/364">15.7%</abbr> of its health!)</small><br></div><div class="spacer battle-history"><br></div><h2 class="battle-history">Turn 12</h2><div class="spacer battle-history"><br></div><div class="battle-history">The opposing Garbodor used <strong>Gunk Shot</strong>!<br></div><div class="battle-history"><small>Roselia avoided the attack!</small><br></div><div class="spacer battle-history"><br></div><div class="battle-history">Roselia used <strong>Spikes</strong>!<br></div><div class="battle-history"><small>Spikes were scattered on the ground all around the opposing team!</small><br></div><div class="spacer battle-history"><br></div><h2 class="battle-history">Turn 13</h2><div class="spacer battle-history"><br></div><div class="battle-history">The opposing Garbodor used <strong>Gunk Shot</strong>!<br></div><div class="battle-history"><small>(Roselia lost <abbr title="−156/304">51.3%</abbr> of its health!)</small><br></div><div class="spacer battle-history"><br></div><div class="battle-history">Roselia used <strong>Sludge Bomb</strong>!<br></div><div class="battle-history"><small>It's not very effective...</small><br></div><div class="battle-history"><small>(The opposing Garbodor lost <abbr title="−61/364">16.8%</abbr> of its health!)</small><br></div><div class="spacer battle-history"><br></div><h2 class="battle-history">Turn 14</h2><div class="spacer battle-history"><br></div><div class="battle-history">Roselia, come back!<br></div><div class="battle-history">Go! <strong>Pinsir</strong>!<br></div><div class="battle-history"><small>Pointed stones dug into Pinsir!</small><br></div><div class="battle-history"><small>[Pinsir's Mold Breaker]</small><br><small>Pinsir breaks the mold!</small><br></div><div class="spacer battle-history"><br></div><div class="battle-history">The opposing Garbodor used <strong>Toxic Spikes</strong>!<br></div><div class="battle-history"><small>Poison spikes were scattered on the ground all around your team!</small><br></div><div class="spacer battle-history"><br></div><h2 class="battle-history">Turn 15</h2><div class="spacer battle-history"><br></div><div class="battle-history">Shadestep!! withdrew Garbodor!<br></div><div class="battle-history">Shadestep!! sent out <strong>Xatu</strong>!<br></div><div class="spacer battle-history"><br></div><div class="battle-history">Pinsir used <strong>Stone Edge</strong>!<br></div><div class="battle-history"><small>It's super effective!</small><br></div><div class="battle-history"><small>(The opposing Xatu lost <abbr title="−258/333">77.5%</abbr> of its health!)</small><br></div><div class="spacer battle-history"><br></div><h2 class="battle-history">Turn 16</h2><div class="spacer battle-history"><br></div><div class="battle-history">Shadestep!! withdrew Xatu!<br></div><div class="battle-history">Shadestep!! sent out <strong>Rhydon</strong>!<br></div><div class="battle-history"><small>The opposing Rhydon is hurt by the spikes!</small><br></div><div class="spacer battle-history"><br></div><div class="battle-history">Pinsir used <strong>Stone Edge</strong>!<br></div><div class="battle-history"><small>It's not very effective...</small><br></div><div class="battle-history"><small>(The opposing Rhydon lost <abbr title="−48/413">11.6%</abbr> of its health!)</small><br></div><div class="spacer battle-history"><br></div><h2 class="battle-history">Turn 17</h2><div class="spacer battle-history"><br></div><div class="battle-history">Pinsir used <strong>Stone Edge</strong>!<br></div><div class="battle-history"><small>It's not very effective...</small><br></div><div class="battle-history"><small>(The opposing Rhydon lost <abbr title="−48/413">11.6%</abbr> of its health!)</small><br></div><div class="spacer battle-history"><br></div><div class="battle-history">The opposing Rhydon used <strong>Earthquake</strong>!<br></div><div class="battle-history"><small>It's not very effective...</small><br></div><div class="battle-history"><small>(Pinsir lost <abbr title="−90/271">33.2%</abbr> of its health!)</small><br></div><div class="spacer battle-history"><br></div><h2 class="battle-history">Turn 18</h2><div class="spacer battle-history"><br></div><div class="battle-history">Pinsir used <strong>Stone Edge</strong>!<br></div><div class="battle-history"><small>It's not very effective...</small><br></div><div class="battle-history"><small>(The opposing Rhydon lost <abbr title="−47/413">11.4%</abbr> of its health!)</small><br></div><div class="spacer battle-history"><br></div><div class="battle-history">The opposing Rhydon used <strong>Rock Blast</strong>!<br></div><div class="battle-history"><small>Pinsir avoided the attack!</small><br></div><div class="spacer battle-history"><br></div><h2 class="battle-history">Turn 19</h2><div class="spacer battle-history"><br></div><div class="battle-history">Pinsir used <strong>Stone Edge</strong>!<br></div><div class="battle-history"><small>It's not very effective...</small><br></div><div class="battle-history"><small>(The opposing Rhydon lost <abbr title="−52/413">12.6%</abbr> of its health!)</small><br></div><div class="spacer battle-history"><br></div><div class="battle-history">The opposing Rhydon used <strong>Rock Blast</strong>!<br></div><div class="battle-history"><small>It's super effective!</small><br></div><div class="battle-history"><small>A critical hit!</small><br></div><div class="battle-history"><small>(Pinsir lost <abbr title="−114/271">42.1%</abbr> of its health!)</small><br></div><div class="battle-history"><small>Hit 1 time!</small><br></div><div class="spacer battle-history"><br></div><div class="battle-history">Pinsir fainted!<br></div><div class="spacer battle-history"><br></div><div class="battle-history">Go! <strong>Roselia</strong>!<br></div><div class="battle-history"><small>The poison spikes disappeared from the ground around your team!</small><br></div><div class="battle-history"><small>Pointed stones dug into Roselia!</small><br></div><div class="spacer battle-history"><br></div><h2 class="battle-history">Turn 20</h2><div class="spacer battle-history"><br></div><div class="battle-history">Shadestep!! withdrew Rhydon!<br></div><div class="battle-history">Shadestep!! sent out <strong>Xatu</strong>!<br></div><div class="spacer battle-history"><br></div><div class="battle-history">Roselia used <strong>Synthesis</strong>!<br></div><div class="battle-history"><small>Roselia restored its HP.</small><br></div><div class="spacer battle-history"><br></div><h2 class="battle-history">Turn 21</h2><div class="spacer battle-history"><br></div><div class="battle-history">The opposing Xatu used <strong>Roost</strong>!<br></div><div class="battle-history"><small>The opposing Xatu restored its HP.</small><br></div><div class="spacer battle-history"><br></div><div class="battle-history">Roselia used <strong>Sludge Bomb</strong>!<br></div><div class="battle-history"><small>(The opposing Xatu lost <abbr title="−135/333">40.5%</abbr> of its health!)</small><br></div><div class="battle-history"><small>The opposing Xatu was poisoned!</small><br></div><div class="spacer battle-history"><br></div><div class="battle-history"><small>The opposing Xatu was hurt by poison!</small><br></div><div class="spacer battle-history"><br></div><h2 class="battle-history">Turn 22</h2><div class="spacer battle-history"><br></div><div class="battle-history">The opposing Xatu used <strong>Psychic</strong>!<br></div><div class="battle-history"><small>It's super effective!</small><br></div><div class="battle-history"><small>(Roselia lost <abbr title="−110/304">36.2%</abbr> of its health!)</small><br></div><div class="spacer battle-history"><br></div><div class="battle-history">Roselia used <strong>Synthesis</strong>!<br></div><div class="battle-history"><small>Roselia restored its HP.</small><br></div><div class="spacer battle-history"><br></div><div class="battle-history"><small>The opposing Xatu was hurt by poison!</small><br></div><div class="spacer battle-history"><br></div><h2 class="battle-history">Turn 23</h2><div class="spacer battle-history"><br></div><div class="battle-history">The opposing Xatu used <strong>Psychic</strong>!<br></div><div class="battle-history"><small>It's super effective!</small><br></div><div class="battle-history"><small>(Roselia lost <abbr title="−122/304">40.1%</abbr> of its health!)</small><br></div><div class="spacer battle-history"><br></div><div class="battle-history">Roselia used <strong>Sludge Bomb</strong>!<br></div><div class="battle-history"><small>(The opposing Xatu lost <abbr title="−25/333">7.5%</abbr> of its health!)</small><br></div><div class="spacer battle-history"><br></div><div class="battle-history">The opposing Xatu fainted!<br></div><div class="spacer battle-history"><br></div><div class="battle-history">Shadestep!! sent out <strong>Garbodor</strong>!<br></div><div class="battle-history"><small>The opposing Garbodor is hurt by the spikes!</small><br></div><div class="spacer battle-history"><br></div><h2 class="battle-history">Turn 24</h2><div class="spacer battle-history"><br></div><div class="battle-history">Roselia, come back!<br></div><div class="battle-history">Go! <strong>Hitmonchan</strong>!<br></div><div class="battle-history"><small>Pointed stones dug into Hitmonchan!</small><br></div><div class="spacer battle-history"><br></div><div class="battle-history">The opposing Garbodor used <strong>Spikes</strong>!<br></div><div class="battle-history"><small>Spikes were scattered on the ground all around your team!</small><br></div><div class="spacer battle-history"><br></div><h2 class="battle-history">Turn 25</h2><div class="spacer battle-history"><br></div><div class="battle-history">The opposing Garbodor used <strong>Spikes</strong>!<br></div><div class="battle-history"><small>Spikes were scattered on the ground all around your team!</small><br></div><div class="spacer battle-history"><br></div><div class="battle-history">Hitmonchan used <strong>Ice Punch</strong>!<br></div><div class="battle-history"><small>(The opposing Garbodor lost <abbr title="−51/364">14.0%</abbr> of its health!)</small><br></div><div class="battle-history"><small>[The opposing Garbodor's Aftermath]</small><br><small>Hitmonchan is hurt!</small><br></div><div class="spacer battle-history"><br></div><div class="battle-history">The opposing Garbodor fainted!<br></div><div class="spacer battle-history"><br></div><div class="battle-history">Shadestep!! sent out <strong>Trevenant</strong>!<br></div><div class="battle-history"><small>The opposing Trevenant is hurt by the spikes!</small><br></div><div class="spacer battle-history"><br></div><h2 class="battle-history">Turn 26</h2><div class="spacer battle-history"><br></div><div class="battle-history">Hitmonchan used <strong>Ice Punch</strong>!<br></div><div class="battle-history"><small>It's super effective!</small><br></div><div class="battle-history"><small>(The opposing Trevenant lost <abbr title="−270/374">72.2%</abbr> of its health!)</small><br></div><div class="battle-history"><small>The opposing Trevenant ate its Sitrus Berry!</small><br></div><div class="battle-history"><small>The opposing Trevenant restored HP using its Sitrus Berry!</small><br></div><div class="spacer battle-history"><br></div><div class="battle-history">The opposing Trevenant used <strong>Substitute</strong>!<br></div><div class="battle-history"><small>The opposing Trevenant put in a substitute!</small><br></div><div class="battle-history"><small>(The opposing Trevenant lost <abbr title="−93/374">24.9%</abbr> of its health!)</small><br></div><div class="spacer battle-history"><br></div><div class="battle-history"><small>[The opposing Trevenant's Harvest]</small><br><small>The opposing Trevenant harvested one Sitrus Berry!</small><br></div><div class="spacer battle-history"><br></div><div class="battle-history"><small>The opposing Trevenant ate its Sitrus Berry!</small><br></div><div class="battle-history"><small>The opposing Trevenant restored HP using its Sitrus Berry!</small><br></div><div class="spacer battle-history"><br></div><h2 class="battle-history">Turn 27</h2><div class="spacer battle-history"><br></div><div class="battle-history">The opposing Trevenant used <strong>Protect</strong>!<br></div><div class="battle-history"><small>The opposing Trevenant protected itself!</small><br></div><div class="spacer battle-history"><br></div><div class="battle-history">Hitmonchan used <strong>Ice Punch</strong>!<br></div><div class="battle-history"><small>The opposing Trevenant protected itself!</small><br></div><div class="spacer battle-history"><br></div><div class="battle-history"><small>[The opposing Trevenant's Harvest]</small><br><small>The opposing Trevenant harvested one Sitrus Berry!</small><br></div><div class="spacer battle-history"><br></div><div class="battle-history"><small>The opposing Trevenant ate its Sitrus Berry!</small><br></div><div class="battle-history"><small>The opposing Trevenant restored HP using its Sitrus Berry!</small><br></div><div class="spacer battle-history"><br></div><h2 class="battle-history">Turn 28</h2><div class="spacer battle-history"><br></div><div class="battle-history">Hitmonchan used <strong>Ice Punch</strong>!<br></div><div class="battle-history"><small>It's super effective!</small><br></div><div class="battle-history"><small>The opposing Trevenant's substitute faded!</small><br></div><div class="spacer battle-history"><br></div><div class="battle-history">The opposing Trevenant used <strong>Leech Seed</strong>!<br></div><div class="battle-history"><small>Hitmonchan was seeded!</small><br></div><div class="spacer battle-history"><br></div><div class="battle-history"><small>Hitmonchan's health is sapped by Leech Seed!</small><br></div><div class="spacer battle-history"><br></div><h2 class="battle-history">Turn 29</h2><div class="spacer battle-history"><br></div><div class="battle-history">Hitmonchan, come back!<br></div><div class="battle-history">Go! <strong>Miltank</strong>!<br></div><div class="battle-history"><small>Miltank is hurt by the spikes!</small><br></div><div class="battle-history"><small>Pointed stones dug into Miltank!</small><br></div><div class="spacer battle-history"><br></div><div class="battle-history">The opposing Trevenant used <strong>Protect</strong>!<br></div><div class="battle-history"><small>But it failed!</small><br></div><div class="spacer battle-history"><br></div><div class="battle-history"><small>Miltank restored a little HP using its Leftovers!</small><br></div><div class="battle-history"><small>[The opposing Trevenant's Harvest]</small><br><small>The opposing Trevenant harvested one Sitrus Berry!</small><br></div><div class="spacer battle-history"><br></div><h2 class="battle-history">Turn 30</h2><div class="spacer battle-history"><br></div><div class="battle-history">Miltank used <strong>Thunder Wave</strong>!<br></div><div class="battle-history"><small>The opposing Trevenant is paralyzed! It may be unable to move!</small><br></div><div class="spacer battle-history"><br></div><div class="battle-history">The opposing Trevenant is paralyzed! It can't move!<br></div><div class="spacer battle-history"><br></div><div class="battle-history"><small>Miltank restored a little HP using its Leftovers!</small><br></div><div class="spacer battle-history"><br></div><h2 class="battle-history">Turn 31</h2><div class="spacer battle-history"><br></div><div class="battle-history">Miltank, come back!<br></div><div class="battle-history">Go! <strong>Roselia</strong>!<br></div><div class="battle-history"><small>Roselia is hurt by the spikes!</small><br></div><div class="battle-history"><small>Pointed stones dug into Roselia!</small><br></div><div class="spacer battle-history"><br></div><div class="battle-history">The opposing Trevenant is paralyzed! It can't move!<br></div><div class="spacer battle-history"><br></div><h2 class="battle-history">Turn 32</h2><div class="chat chatmessage-shadestep"><strong style="color:hsl(348,69%,49.13556749513967%)"><small>☆</small><span class="username" data-name="Shadestep!!">Shadestep!!</span>:</strong> <em>,,</em></div><div class="spacer battle-history"><br></div><div class="battle-history">Roselia used <strong>Synthesis</strong>!<br></div><div class="battle-history"><small>Roselia restored its HP.</small><br></div><div class="spacer battle-history"><br></div><div class="battle-history">The opposing Trevenant used <strong>Phantom Force</strong>!<br></div><div class="battle-history">The opposing Trevenant vanished instantly!<br></div><div class="spacer battle-history"><br></div><h2 class="battle-history">Turn 33</h2><div class="chat chatmessage-yogioo"><strong style="color:hsl(113,89%,34.63407077469547%)"><small>☆</small><span class="username" data-name="yo!gi!o_o!">yo!gi!o_o!</span>:</strong> <em>ew</em></div><div class="spacer battle-history"><br></div><div class="battle-history">Roselia used <strong>Synthesis</strong>!<br></div><div class="battle-history"><small>Roselia restored its HP.</small><br></div><div class="spacer battle-history"><br></div><div class="battle-history">The opposing Trevenant is paralyzed! It can't move!<br></div><div class="spacer battle-history"><br></div><h2 class="battle-history">Turn 34</h2><div class="chat chatmessage-shadestep"><strong style="color:hsl(348,69%,49.13556749513967%)"><small>☆</small><span class="username" data-name="Shadestep!!">Shadestep!!</span>:</strong> <em>....</em></div><div class="spacer battle-history"><br></div><div class="battle-history">Roselia used <strong>Spikes</strong>!<br></div><div class="battle-history"><small>Spikes were scattered on the ground all around the opposing team!</small><br></div><div class="spacer battle-history"><br></div><div class="battle-history">The opposing Trevenant used <strong>Phantom Force</strong>!<br></div><div class="battle-history">The opposing Trevenant vanished instantly!<br></div><div class="spacer battle-history"><br></div><h2 class="battle-history">Turn 35</h2><div class="chat chatmessage-yogioo"><strong style="color:hsl(113,89%,34.63407077469547%)"><small>☆</small><span class="username" data-name="yo!gi!o_o!">yo!gi!o_o!</span>:</strong> <em>why</em></div><div class="spacer battle-history"><br></div><div class="battle-history">Roselia used <strong>Spikes</strong>!<br></div><div class="battle-history"><small>Spikes were scattered on the ground all around the opposing team!</small><br></div><div class="spacer battle-history"><br></div><div class="battle-history">The opposing Trevenant used <strong>Phantom Force</strong>!<br></div><div class="battle-history"><small>(Roselia lost <abbr title="−133/304">43.8%</abbr> of its health!)</small><br></div><div class="spacer battle-history"><br></div><h2 class="battle-history">Turn 36</h2><div class="spacer battle-history"><br></div><div class="battle-history">The opposing Trevenant used <strong>Protect</strong>!<br></div><div class="battle-history"><small>The opposing Trevenant protected itself!</small><br></div><div class="spacer battle-history"><br></div><div class="battle-history">Roselia used <strong>Synthesis</strong>!<br></div><div class="battle-history"><small>Roselia restored its HP.</small><br></div><div class="spacer battle-history"><br></div><h2 class="battle-history">Turn 37</h2><div class="spacer battle-history"><br></div><div class="battle-history">Roselia used <strong>Sludge Bomb</strong>!<br></div><div class="battle-history"><small>(The opposing Trevenant lost <abbr title="−96/374">25.7%</abbr> of its health!)</small><br></div><div class="battle-history"><small>The opposing Trevenant ate its Sitrus Berry!</small><br></div><div class="battle-history"><small>The opposing Trevenant restored HP using its Sitrus Berry!</small><br></div><div class="spacer battle-history"><br></div><div class="battle-history">The opposing Trevenant used <strong>Substitute</strong>!<br></div><div class="battle-history"><small>The opposing Trevenant put in a substitute!</small><br></div><div class="battle-history"><small>(The opposing Trevenant lost <abbr title="−93/374">24.9%</abbr> of its health!)</small><br></div><div class="spacer battle-history"><br></div><div class="battle-history"><small>[The opposing Trevenant's Harvest]</small><br><small>The opposing Trevenant harvested one Sitrus Berry!</small><br></div><div class="spacer battle-history"><br></div><div class="battle-history"><small>The opposing Trevenant ate its Sitrus Berry!</small><br></div><div class="battle-history"><small>The opposing Trevenant restored HP using its Sitrus Berry!</small><br></div><div class="spacer battle-history"><br></div><h2 class="battle-history">Turn 38</h2><div class="spacer battle-history"><br></div><div class="battle-history">The opposing Trevenant is paralyzed! It can't move!<br></div><div class="spacer battle-history"><br></div><div class="battle-history">Roselia used <strong>Spikes</strong>!<br></div><div class="battle-history"><small>But it failed!</small><br></div><div class="spacer battle-history"><br></div><div class="battle-history"><small>[The opposing Trevenant's Harvest]</small><br><small>The opposing Trevenant harvested one Sitrus Berry!</small><br></div><div class="spacer battle-history"><br></div><h2 class="battle-history">Turn 39</h2><div class="spacer battle-history"><br></div><div class="battle-history">The opposing Trevenant used <strong>Protect</strong>!<br></div><div class="battle-history"><small>The opposing Trevenant protected itself!</small><br></div><div class="spacer battle-history"><br></div><div class="battle-history">Roselia used <strong>Spikes</strong>!<br></div><div class="battle-history"><small>But it failed!</small><br></div><div class="spacer battle-history"><br></div><h2 class="battle-history">Turn 40</h2><div class="spacer battle-history"><br></div><div class="battle-history">Roselia, come back!<br></div><div class="battle-history">Go! <strong>Miltank</strong>!<br></div><div class="battle-history"><small>Pointed stones dug into Miltank!</small><br></div><div class="battle-history"><small>Miltank is hurt by the spikes!</small><br></div><div class="spacer battle-history"><br></div><div class="battle-history">The opposing Trevenant is paralyzed! It can't move!<br></div><div class="spacer battle-history"><br></div><div class="battle-history"><small>Miltank restored a little HP using its Leftovers!</small><br></div><div class="spacer battle-history"><br></div><h2 class="battle-history">Turn 41</h2><div class="chat chatmessage-shadestep"><strong style="color:hsl(348,69%,49.13556749513967%)"><small>☆</small><span class="username" data-name="Shadestep!!">Shadestep!!</span>:</strong> <em>what are u doing</em></div><div class="chat chatmessage-yogioo"><strong style="color:hsl(113,89%,34.63407077469547%)"><small>☆</small><span class="username" data-name="yo!gi!o_o!">yo!gi!o_o!</span>:</strong> <em>waiting</em></div><div class="spacer battle-history"><br></div><div class="battle-history">Miltank used <strong>Milk Drink</strong>!<br></div><div class="battle-history"><small>Miltank restored its HP.</small><br></div><div class="spacer battle-history"><br></div><div class="battle-history">The opposing Trevenant used <strong>Leech Seed</strong>!<br></div><div class="battle-history"><small>Miltank was seeded!</small><br></div><div class="spacer battle-history"><br></div><div class="battle-history"><small>Miltank's health is sapped by Leech Seed!</small><br></div><div class="spacer battle-history"><br></div><h2 class="battle-history">Turn 42</h2><div class="chat chatmessage-yogioo"><strong style="color:hsl(113,89%,34.63407077469547%)"><small>☆</small><span class="username" data-name="yo!gi!o_o!">yo!gi!o_o!</span>:</strong> <em>if i have to pp stall</em></div><div class="chat chatmessage-yogioo"><strong style="color:hsl(113,89%,34.63407077469547%)"><small>☆</small><span class="username" data-name="yo!gi!o_o!">yo!gi!o_o!</span>:</strong> <em>i will .</em></div><div class="spacer battle-history"><br></div><div class="battle-history">Miltank used <strong>Seismic Toss</strong>!<br></div><div class="battle-history"><small>It doesn't affect the opposing Trevenant...</small><br></div><div class="spacer battle-history"><br></div><div class="battle-history">The opposing Trevenant used <strong>Leech Seed</strong>!<br></div><div class="battle-history"><small>But it failed!</small><br></div><div class="spacer battle-history"><br></div><div class="battle-history"><small>Miltank restored a little HP using its Leftovers!</small><br></div><div class="battle-history"><small>Miltank's health is sapped by Leech Seed!</small><br></div><div class="spacer battle-history"><br></div><h2 class="battle-history">Turn 43</h2><div class="spacer battle-history"><br></div><div class="battle-history">Miltank used <strong>Seismic Toss</strong>!<br></div><div class="battle-history"><small>It doesn't affect the opposing Trevenant...</small><br></div><div class="spacer battle-history"><br></div><div class="battle-history">The opposing Trevenant used <strong>Phantom Force</strong>!<br></div><div class="battle-history">The opposing Trevenant vanished instantly!<br></div><div class="spacer battle-history"><br></div><div class="battle-history"><small>Miltank restored a little HP using its Leftovers!</small><br></div><div class="battle-history"><small>Miltank's health is sapped by Leech Seed!</small><br></div><div class="spacer battle-history"><br></div><h2 class="battle-history">Turn 44</h2><div class="spacer battle-history"><br></div><div class="battle-history"><small>Shadestep!! forfeited.</small><br></div><div class="spacer battle-history"><br></div><div class="battle-history"><strong>yo!gi!o_o!</strong> won the battle!<br></div><div class="chat"><small>Shadestep!! left.</small></div></div><div class="inner-preempt"></div></div></div>
</div>
<script>
let daily = Math.floor(Date.now()/1000/60/60/24);document.write('<script src="https://play.pokemonshowdown.com/js/replay-embed.js?version'+daily+'"></'+'script>');
</script>
