<!DOCTYPE html>
<meta charset="utf-8" />
<!-- version 1 -->
<title>NU replay: Heroic Troller vs. Miked97</title>
<style>
html,body {font-family:Verdana, sans-serif;font-size:10pt;margin:0;padding:0;}body{padding:12px 0;} .battle-log {font-family:Verdana, sans-serif;font-size:10pt;} .battle-log-inline {border:1px solid #AAAAAA;background:#EEF2F5;color:black;max-width:640px;margin:0 auto 80px;padding-bottom:5px;} .battle-log .inner {padding:4px 8px 0px 8px;} .battle-log .inner-preempt {padding:0 8px 4px 8px;} .battle-log .inner-after {margin-top:0.5em;} .battle-log h2 {margin:0.5em -8px;padding:4px 8px;border:1px solid #AAAAAA;background:#E0E7EA;border-left:0;border-right:0;font-family:Verdana, sans-serif;font-size:13pt;} .battle-log .chat {vertical-align:middle;padding:3px 0 3px 0;font-size:8pt;} .battle-log .chat strong {color:#40576A;} .battle-log .chat em {padding:1px 4px 1px 3px;color:#000000;font-style:normal;} .chat.mine {background:rgba(0,0,0,0.05);margin-left:-8px;margin-right:-8px;padding-left:8px;padding-right:8px;} .spoiler {color:#BBBBBB;background:#BBBBBB;padding:0px 3px;} .spoiler:hover, .spoiler:active, .spoiler-shown {color:#000000;background:#E2E2E2;padding:0px 3px;} .spoiler a {color:#BBBBBB;} .spoiler:hover a, .spoiler:active a, .spoiler-shown a {color:#2288CC;} .chat code, .chat .spoiler:hover code, .chat .spoiler:active code, .chat .spoiler-shown code {border:1px solid #C0C0C0;background:#EEEEEE;color:black;padding:0 2px;} .chat .spoiler code {border:1px solid #CCCCCC;background:#CCCCCC;color:#CCCCCC;} .battle-log .rated {padding:3px 4px;} .battle-log .rated strong {color:white;background:#89A;padding:1px 4px;border-radius:4px;} .spacer {margin-top:0.5em;} .message-announce {background:#6688AA;color:white;padding:1px 4px 2px;} .message-announce a, .broadcast-green a, .broadcast-blue a, .broadcast-red a {color:#DDEEFF;} .broadcast-green {background-color:#559955;color:white;padding:2px 4px;} .broadcast-blue {background-color:#6688AA;color:white;padding:2px 4px;} .infobox {border:1px solid #6688AA;padding:2px 4px;} .infobox-limited {max-height:200px;overflow:auto;overflow-x:hidden;} .broadcast-red {background-color:#AA5544;color:white;padding:2px 4px;} .message-learn-canlearn {font-weight:bold;color:#228822;text-decoration:underline;} .message-learn-cannotlearn {font-weight:bold;color:#CC2222;text-decoration:underline;} .message-effect-weak {font-weight:bold;color:#CC2222;} .message-effect-resist {font-weight:bold;color:#6688AA;} .message-effect-immune {font-weight:bold;color:#666666;} .message-learn-list {margin-top:0;margin-bottom:0;} .message-throttle-notice, .message-error {color:#992222;} .message-overflow, .chat small.message-overflow {font-size:0pt;} .message-overflow::before {font-size:9pt;content:'...';} .subtle {color:#3A4A66;}
</style>
<div class="wrapper replay-wrapper" style="max-width:1180px;margin:0 auto">
<input type="hidden" name="replayid" value="nu-546644843" />
<div class="battle"></div><div class="battle-log"></div><div class="replay-controls"></div><div class="replay-controls-2"></div>
<h1 style="font-weight:normal;text-align:center"><strong>NU</strong><br /><a href="http://pokemonshowdown.com/users/heroictroller" class="subtle" target="_blank">Heroic Troller</a> vs. <a href="http://pokemonshowdown.com/users/miked97" class="subtle" target="_blank">Miked97</a></h1>
<script type="text/plain" class="battle-log-data">|j|Heroic Troller
|j|Miked97
|player|p1|Heroic Troller|256
|player|p2|Miked97|1
|gametype|singles
|gen|6
|tier|NU
|seed|48296,64960,8084,6817
|rule|Sleep Clause Mod: Limit one foe put to sleep
|rule|Species Clause: Limit one of each Pokémon
|rule|OHKO Clause: OHKO moves are banned
|rule|Moody Clause: Moody is banned
|rule|Evasion Moves Clause: Evasion moves are banned
|rule|Endless Battle Clause: Forcing endless battles is banned
|rule|HP Percentage Mod: HP is shown in percentages
|clearpoke
|poke|p1|Mesprit, shiny|item
|poke|p1|Omastar, M|item
|poke|p1|Rotom, shiny|item
|poke|p1|Hitmonchan, M|item
|poke|p1|Liepard, F|item
|poke|p1|Gogoat, F|item
|poke|p2|Pyroar, M|item
|poke|p2|Poliwrath, M, shiny|item
|poke|p2|Electivire, M|item
|poke|p2|Gogoat, M|item
|poke|p2|Claydol|item
|poke|p2|Skuntank, F|item
|rule|Swagger Clause: Swagger is banned
|rule|Baton Pass Clause: Limit one Baton Passer, can't pass Spe and other stats simultaneously
|teampreview
|choice|team 3, team 2, team 1, team 4, team 5, team 6|team 6, team 2, team 3, team 4, team 5, team 1
|
|start
|switch|p1a: Rotom|Rotom, shiny|241\/241
|switch|p2a: Honker|Skuntank, F|410\/410
|turn|1
|choice|move willowisp|move protect
|
|move|p2a: Honker|Protect|p2a: Honker
|-singleturn|p2a: Honker|Protect
|move|p1a: Rotom|Will-O-Wisp|p2a: Honker
|-activate|p2a: Honker|move: Protect
|
|upkeep
|turn|2
|choice|move voltswitch|move suckerpunch
|
|move|p2a: Honker|Sucker Punch|p1a: Rotom
|-supereffective|p1a: Rotom
|-enditem|p1a: Rotom|Colbur Berry|[eat]
|-enditem|p1a: Rotom|Colbur Berry|[weaken]
|-damage|p1a: Rotom|123\/241
|move|p1a: Rotom|Volt Switch|p2a: Honker
|-damage|p2a: Honker|265\/410
|choice|switch 2|
|
|switch|p1a: Omastar|Omastar, M|343\/343
|
|-heal|p2a: Honker|290\/410|[from] item: Black Sludge
|upkeep
|turn|3
|choice|move stealthrock|move taunt
|
|move|p2a: Honker|Taunt|p1a: Omastar
|-start|p1a: Omastar|move: Taunt
|cant|p1a: Omastar|move: Taunt|Stealth Rock
|
|-heal|p2a: Honker|315\/410|[from] item: Black Sludge
|upkeep
|turn|4
|choice|switch 2|switch 4
|
|switch|p2a: Asgore|Gogoat, M|450\/450
|switch|p1a: Rotom|Rotom, shiny|123\/241
|
|upkeep
|turn|5
|choice|move willowisp|move toxic
|
|move|p1a: Rotom|Will-O-Wisp|p2a: Asgore|[miss]
|-miss|p1a: Rotom|p2a: Asgore
|move|p2a: Asgore|Toxic|p1a: Rotom
|-status|p1a: Rotom|tox
|
|-damage|p1a: Rotom|108\/241 tox|[from] psn
|upkeep
|turn|6
|choice|move willowisp|switch 6
|
|switch|p2a: Simba|Pyroar, M|313\/313
|move|p1a: Rotom|Will-O-Wisp|p2a: Simba
|-immune|p2a: Simba|[msg]
|
|-damage|p1a: Rotom|78\/241 tox|[from] psn
|upkeep
|turn|7
|choice|switch 4|move hiddenpower
|
|switch|p1a: Hitmonchan|Hitmonchan, M|241\/241
|move|p2a: Simba|Hidden Power|p1a: Hitmonchan
|-damage|p1a: Hitmonchan|181\/241
|-damage|p2a: Simba|282\/313|[from] item: Life Orb
|
|upkeep
|turn|8
|choice|move icepunch|switch 5
|
|switch|p2a: Vicen|Claydol|321\/321
|move|p1a: Hitmonchan|Ice Punch|p2a: Vicen
|-supereffective|p2a: Vicen
|-damage|p2a: Vicen|173\/321
|
|-heal|p2a: Vicen|193\/321|[from] item: Leftovers
|upkeep
|turn|9
|choice|move icepunch|switch 2
|
|switch|p2a: Clasius Clay|Poliwrath, M, shiny|384\/384
|move|p1a: Hitmonchan|Ice Punch|p2a: Clasius Clay
|-resisted|p2a: Clasius Clay
|-damage|p2a: Clasius Clay|346\/384
|
|-heal|p2a: Clasius Clay|370\/384|[from] item: Leftovers
|upkeep
|turn|10
|choice|move drainpunch|move scald
|
|move|p1a: Hitmonchan|Drain Punch|p2a: Clasius Clay
|-damage|p2a: Clasius Clay|262\/384
|-heal|p1a: Hitmonchan|235\/241|[from] drain|[of] p2a: Clasius Clay
|move|p2a: Clasius Clay|Scald|p1a: Hitmonchan
|-damage|p1a: Hitmonchan|193\/241
|
|-heal|p2a: Clasius Clay|286\/384|[from] item: Leftovers
|upkeep
|turn|11
|choice|switch 2|move scald
|
|switch|p1a: Omastar|Omastar, M|343\/343
|move|p2a: Clasius Clay|Scald|p1a: Omastar
|-damage|p1a: Omastar|256\/343
|-status|p1a: Omastar|brn
|
|-heal|p2a: Clasius Clay|310\/384|[from] item: Leftovers
|-heal|p1a: Omastar|277\/343 brn|[from] item: Leftovers
|-damage|p1a: Omastar|235\/343 brn|[from] brn
|upkeep
|turn|12
|choice|move stealthrock|move circlethrow
|
|move|p1a: Omastar|Stealth Rock|p2a: Clasius Clay
|-sidestart|p2: Miked97|move: Stealth Rock
|move|p2a: Clasius Clay|Circle Throw|p1a: Omastar
|-supereffective|p1a: Omastar
|-damage|p1a: Omastar|155\/343 brn
|drag|p1a: Mesprit|Mesprit, shiny|363\/363
|
|-heal|p2a: Clasius Clay|334\/384|[from] item: Leftovers
|upkeep
|turn|13
|choice|switch 6|move circlethrow
|
|switch|p1a: Gogoat|Gogoat, F|387\/387
|move|p2a: Clasius Clay|Circle Throw|p1a: Gogoat
|-damage|p1a: Gogoat|287\/387
|drag|p1a: Omastar|Omastar, M|155\/343 brn
|
|-heal|p2a: Clasius Clay|358\/384|[from] item: Leftovers
|-heal|p1a: Omastar|176\/343 brn|[from] item: Leftovers
|-damage|p1a: Omastar|134\/343 brn|[from] brn
|upkeep
|turn|14
|choice|move toxic|move scald
|
|move|p2a: Clasius Clay|Scald|p1a: Omastar
|-damage|p1a: Omastar|55\/343 brn
|move|p1a: Omastar|Toxic|p2a: Clasius Clay
|-status|p2a: Clasius Clay|tox
|
|-heal|p2a: Clasius Clay|382\/384 tox|[from] item: Leftovers
|-heal|p1a: Omastar|76\/343 brn|[from] item: Leftovers
|-damage|p2a: Clasius Clay|358\/384 tox|[from] psn
|-damage|p1a: Omastar|34\/343 brn|[from] brn
|upkeep
|turn|15
|choice|switch 3|move circlethrow
|
|switch|p1a: Gogoat|Gogoat, F|287\/387
|move|p2a: Clasius Clay|Circle Throw|p1a: Gogoat
|-damage|p1a: Gogoat|191\/387
|drag|p1a: Hitmonchan|Hitmonchan, M|193\/241
|
|-heal|p2a: Clasius Clay|382\/384 tox|[from] item: Leftovers
|-damage|p2a: Clasius Clay|334\/384 tox|[from] psn
|upkeep
|turn|16
|choice|move drainpunch|move scald
|
|move|p1a: Hitmonchan|Drain Punch|p2a: Clasius Clay
|-damage|p2a: Clasius Clay|220\/384 tox
|-heal|p1a: Hitmonchan|241\/241|[from] drain|[of] p2a: Clasius Clay
|move|p2a: Clasius Clay|Scald|p1a: Hitmonchan
|-damage|p1a: Hitmonchan|205\/241
|-status|p1a: Hitmonchan|brn
|
|-heal|p2a: Clasius Clay|244\/384 tox|[from] item: Leftovers
|-damage|p1a: Hitmonchan|175\/241 brn|[from] brn
|-damage|p2a: Clasius Clay|172\/384 tox|[from] psn
|upkeep
|turn|17
|choice|switch 2|move rest
|
|switch|p1a: Gogoat|Gogoat, F|191\/387
|move|p2a: Clasius Clay|Rest|p2a: Clasius Clay
|-status|p2a: Clasius Clay|slp
|-heal|p2a: Clasius Clay|384\/384 slp|[silent]
|-status|p2a: Clasius Clay|slp|[from] move: Rest
|
|upkeep
|turn|18
|choice|move leafblade|switch 6
|
|switch|p2a: Asgore|Gogoat, M|450\/450
|-damage|p2a: Asgore|394\/450|[from] Stealth Rock
|move|p1a: Gogoat|Leaf Blade|p2a: Asgore
|-ability|p2a: Asgore|Sap Sipper|boost
|-boost|p2a: Asgore|atk|1
|
|-heal|p2a: Asgore|422\/450|[from] item: Leftovers
|upkeep
|turn|19
|choice|switch 6|move toxic
|
|switch|p1a: Mesprit|Mesprit, shiny|363\/363
|move|p2a: Asgore|Toxic|p1a: Mesprit
|-status|p1a: Mesprit|tox
|
|-heal|p2a: Asgore|450\/450|[from] item: Leftovers
|-damage|p1a: Mesprit|341\/363 tox|[from] psn
|upkeep
|turn|20
|choice|switch 6|move hornleech
|
|switch|p1a: Gogoat|Gogoat, F|191\/387
|move|p2a: Asgore|Horn Leech|p1a: Gogoat
|-ability|p1a: Gogoat|Sap Sipper|boost
|-boost|p1a: Gogoat|atk|1
|
|upkeep
|turn|21
|choice|move rockslide|move toxic
|
|move|p1a: Gogoat|Rock Slide|p2a: Asgore
|-damage|p2a: Asgore|333\/450
|move|p2a: Asgore|Toxic|p1a: Gogoat|[miss]
|-miss|p2a: Asgore|p1a: Gogoat
|
|-heal|p2a: Asgore|361\/450|[from] item: Leftovers
|upkeep
|turn|22
|choice|move rockslide|move toxic
|
|move|p1a: Gogoat|Rock Slide|p2a: Asgore
|-damage|p2a: Asgore|246\/450
|cant|p2a: Asgore|flinch
|
|-heal|p2a: Asgore|274\/450|[from] item: Leftovers
|upkeep
|turn|23
|choice|move rockslide|move milkdrink
|
|move|p1a: Gogoat|Rock Slide|p2a: Asgore|[miss]
|-miss|p1a: Gogoat|p2a: Asgore
|move|p2a: Asgore|Milk Drink|p2a: Asgore
|-heal|p2a: Asgore|450\/450
|
|upkeep
|turn|24
|choice|move rockslide|move toxic
|
|move|p1a: Gogoat|Rock Slide|p2a: Asgore
|-damage|p2a: Asgore|334\/450
|move|p2a: Asgore|Toxic|p1a: Gogoat
|-status|p1a: Gogoat|tox
|
|-heal|p2a: Asgore|362\/450|[from] item: Leftovers
|-damage|p1a: Gogoat|167\/387 tox|[from] psn
|upkeep
|turn|25
|c|☆Heroic Troller|i guess it's way better now
|-message|Heroic Troller forfeited.
|
|win|Miked97
|player|p1
|player|p2
|l|Heroic Troller</script>
</div>
<div class="battle-log battle-log-inline"><div class="inner"><div class="battle-options"></div><div class="inner"><div class="chat"><small>Heroic Troller joined.</small></div><div class="chat"><small>Miked97 joined.</small></div><div class=""><small>Format:</small> <br><strong>NU</strong></div><div class=""><small><em>Sleep Clause Mod:</em> Limit one foe put to sleep</small></div><div class=""><small><em>Species Clause:</em> Limit one of each Pokémon</small></div><div class=""><small><em>OHKO Clause:</em> OHKO moves are banned</small></div><div class=""><small><em>Moody Clause:</em> Moody is banned</small></div><div class=""><small><em>Evasion Moves Clause:</em> Evasion moves are banned</small></div><div class=""><small><em>Endless Battle Clause:</em> Forcing endless battles is banned</small></div><div class=""><small><em>HP Percentage Mod:</em> HP is shown in percentages</small></div><div class=""><small><em>Swagger Clause:</em> Swagger is banned</small></div><div class=""><small><em>Baton Pass Clause:</em> Limit one Baton Passer, can't pass Spe and other stats simultaneously</small></div><div class="chat battle-history"><strong>Heroic Troller's team:</strong> <em style="color:#445566;display:block;">Mesprit / Omastar / Rotom / Hitmonchan / Liepard / Gogoat</em></div><div class="chat battle-history"><strong>Miked97's team:</strong> <em style="color:#445566;display:block;">Pyroar / Poliwrath / Electivire / Gogoat / Claydol / Skuntank</em></div><div class="spacer battle-history"><br></div><div class="battle-history">Battle started between Heroic Troller and Miked97!<br></div><div class="spacer battle-history"><br></div><div class="battle-history">Go! <strong>Rotom</strong>!<br></div><div class="spacer battle-history"><br></div><div class="battle-history">Miked97 sent out Honker (<strong>Skuntank</strong>)!<br></div><div class="spacer battle-history"><br></div><h2 class="battle-history">Turn 1</h2><div class="spacer battle-history"><br></div><div class="battle-history">The opposing Honker used <strong>Protect</strong>!<br></div><div class="battle-history"><small>The opposing Honker protected itself!</small><br></div><div class="spacer battle-history"><br></div><div class="battle-history">Rotom used <strong>Will-O-Wisp</strong>!<br></div><div class="battle-history"><small>The opposing Honker protected itself!</small><br></div><div class="spacer battle-history"><br></div><h2 class="battle-history">Turn 2</h2><div class="spacer battle-history"><br></div><div class="battle-history">The opposing Honker used <strong>Sucker Punch</strong>!<br></div><div class="battle-history"><small>It's super effective!</small><br></div><div class="battle-history"><small>Rotom ate its Colbur Berry!</small><br></div><div class="battle-history"><small>The Colbur Berry weakened the damage to Rotom!</small><br></div><div class="battle-history"><small>(Rotom lost <abbr title="−118/241">49.0%</abbr> of its health!)</small><br></div><div class="spacer battle-history"><br></div><div class="battle-history">Rotom used <strong>Volt Switch</strong>!<br></div><div class="battle-history"><small>(The opposing Honker lost <abbr title="−145/410">35.4%</abbr> of its health!)</small><br></div><div class="spacer battle-history"><br></div><div class="battle-history">Rotom went back to Heroic Troller!<br></div><div class="battle-history">Go! <strong>Omastar</strong>!<br></div><div class="spacer battle-history"><br></div><div class="battle-history"><small>The opposing Honker restored a little HP using its Black Sludge!</small><br></div><div class="spacer battle-history"><br></div><h2 class="battle-history">Turn 3</h2><div class="spacer battle-history"><br></div><div class="battle-history">The opposing Honker used <strong>Taunt</strong>!<br></div><div class="battle-history"><small>Omastar fell for the taunt!</small><br></div><div class="spacer battle-history"><br></div><div class="battle-history">Omastar can't use Stealth Rock after the taunt!<br></div><div class="spacer battle-history"><br></div><div class="battle-history"><small>The opposing Honker restored a little HP using its Black Sludge!</small><br></div><div class="spacer battle-history"><br></div><h2 class="battle-history">Turn 4</h2><div class="spacer battle-history"><br></div><div class="battle-history">Miked97 withdrew Honker!<br></div><div class="battle-history">Miked97 sent out Asgore (<strong>Gogoat</strong>)!<br></div><div class="spacer battle-history"><br></div><div class="battle-history">Omastar, come back!<br></div><div class="battle-history">Go! <strong>Rotom</strong>!<br></div><div class="spacer battle-history"><br></div><h2 class="battle-history">Turn 5</h2><div class="spacer battle-history"><br></div><div class="battle-history">Rotom used <strong>Will-O-Wisp</strong>!<br></div><div class="battle-history"><small>The opposing Asgore avoided the attack!</small><br></div><div class="spacer battle-history"><br></div><div class="battle-history">The opposing Asgore used <strong>Toxic</strong>!<br></div><div class="battle-history"><small>Rotom was badly poisoned!</small><br></div><div class="spacer battle-history"><br></div><div class="battle-history"><small>Rotom was hurt by poison!</small><br></div><div class="spacer battle-history"><br></div><h2 class="battle-history">Turn 6</h2><div class="spacer battle-history"><br></div><div class="battle-history">Miked97 withdrew Asgore!<br></div><div class="battle-history">Miked97 sent out Simba (<strong>Pyroar</strong>)!<br></div><div class="spacer battle-history"><br></div><div class="battle-history">Rotom used <strong>Will-O-Wisp</strong>!<br></div><div class="battle-history"><small>It doesn't affect the opposing Simba...</small><br></div><div class="spacer battle-history"><br></div><div class="battle-history"><small>Rotom was hurt by poison!</small><br></div><div class="spacer battle-history"><br></div><h2 class="battle-history">Turn 7</h2><div class="spacer battle-history"><br></div><div class="battle-history">Rotom, come back!<br></div><div class="battle-history">Go! <strong>Hitmonchan</strong>!<br></div><div class="spacer battle-history"><br></div><div class="battle-history">The opposing Simba used <strong>Hidden Power</strong>!<br></div><div class="battle-history"><small>(Hitmonchan lost <abbr title="−60/241">24.9%</abbr> of its health!)</small><br></div><div class="battle-history"><small>The opposing Simba lost some of its HP!</small><br></div><div class="spacer battle-history"><br></div><h2 class="battle-history">Turn 8</h2><div class="spacer battle-history"><br></div><div class="battle-history">Miked97 withdrew Simba!<br></div><div class="battle-history">Miked97 sent out Vicen (<strong>Claydol</strong>)!<br></div><div class="spacer battle-history"><br></div><div class="battle-history">Hitmonchan used <strong>Ice Punch</strong>!<br></div><div class="battle-history"><small>It's super effective!</small><br></div><div class="battle-history"><small>(The opposing Vicen lost <abbr title="−148/321">46.1%</abbr> of its health!)</small><br></div><div class="spacer battle-history"><br></div><div class="battle-history"><small>The opposing Vicen restored a little HP using its Leftovers!</small><br></div><div class="spacer battle-history"><br></div><h2 class="battle-history">Turn 9</h2><div class="spacer battle-history"><br></div><div class="battle-history">Miked97 withdrew Vicen!<br></div><div class="battle-history">Miked97 sent out Clasius Clay (<strong>Poliwrath</strong>)!<br></div><div class="spacer battle-history"><br></div><div class="battle-history">Hitmonchan used <strong>Ice Punch</strong>!<br></div><div class="battle-history"><small>It's not very effective...</small><br></div><div class="battle-history"><small>(The opposing Clasius Clay lost <abbr title="−38/384">9.9%</abbr> of its health!)</small><br></div><div class="spacer battle-history"><br></div><div class="battle-history"><small>The opposing Clasius Clay restored a little HP using its Leftovers!</small><br></div><div class="spacer battle-history"><br></div><h2 class="battle-history">Turn 10</h2><div class="spacer battle-history"><br></div><div class="battle-history">Hitmonchan used <strong>Drain Punch</strong>!<br></div><div class="battle-history"><small>(The opposing Clasius Clay lost <abbr title="−108/384">28.1%</abbr> of its health!)</small><br></div><div class="battle-history"><small>The opposing Clasius Clay had its energy drained!</small><br></div><div class="spacer battle-history"><br></div><div class="battle-history">The opposing Clasius Clay used <strong>Scald</strong>!<br></div><div class="battle-history"><small>(Hitmonchan lost <abbr title="−42/241">17.4%</abbr> of its health!)</small><br></div><div class="spacer battle-history"><br></div><div class="battle-history"><small>The opposing Clasius Clay restored a little HP using its Leftovers!</small><br></div><div class="spacer battle-history"><br></div><h2 class="battle-history">Turn 11</h2><div class="spacer battle-history"><br></div><div class="battle-history">Hitmonchan, come back!<br></div><div class="battle-history">Go! <strong>Omastar</strong>!<br></div><div class="spacer battle-history"><br></div><div class="battle-history">The opposing Clasius Clay used <strong>Scald</strong>!<br></div><div class="battle-history"><small>(Omastar lost <abbr title="−87/343">25.4%</abbr> of its health!)</small><br></div><div class="battle-history"><small>Omastar was burned!</small><br></div><div class="spacer battle-history"><br></div><div class="battle-history"><small>The opposing Clasius Clay restored a little HP using its Leftovers!</small><br></div><div class="battle-history"><small>Omastar restored a little HP using its Leftovers!</small><br></div><div class="battle-history"><small>Omastar was hurt by its burn!</small><br></div><div class="spacer battle-history"><br></div><h2 class="battle-history">Turn 12</h2><div class="spacer battle-history"><br></div><div class="battle-history">Omastar used <strong>Stealth Rock</strong>!<br></div><div class="battle-history"><small>Pointed stones float in the air around the opposing team!</small><br></div><div class="spacer battle-history"><br></div><div class="battle-history">The opposing Clasius Clay used <strong>Circle Throw</strong>!<br></div><div class="battle-history"><small>It's super effective!</small><br></div><div class="battle-history"><small>(Omastar lost <abbr title="−80/343">23.3%</abbr> of its health!)</small><br></div><div class="spacer battle-history"><br></div><div class="battle-history"><strong>Mesprit</strong> was dragged out!<br></div><div class="spacer battle-history"><br></div><div class="battle-history"><small>The opposing Clasius Clay restored a little HP using its Leftovers!</small><br></div><div class="spacer battle-history"><br></div><h2 class="battle-history">Turn 13</h2><div class="spacer battle-history"><br></div><div class="battle-history">Mesprit, come back!<br></div><div class="battle-history">Go! <strong>Gogoat</strong>!<br></div><div class="spacer battle-history"><br></div><div class="battle-history">The opposing Clasius Clay used <strong>Circle Throw</strong>!<br></div><div class="battle-history"><small>(Gogoat lost <abbr title="−100/387">25.8%</abbr> of its health!)</small><br></div><div class="spacer battle-history"><br></div><div class="battle-history"><strong>Omastar</strong> was dragged out!<br></div><div class="spacer battle-history"><br></div><div class="battle-history"><small>The opposing Clasius Clay restored a little HP using its Leftovers!</small><br></div><div class="battle-history"><small>Omastar restored a little HP using its Leftovers!</small><br></div><div class="battle-history"><small>Omastar was hurt by its burn!</small><br></div><div class="spacer battle-history"><br></div><h2 class="battle-history">Turn 14</h2><div class="spacer battle-history"><br></div><div class="battle-history">The opposing Clasius Clay used <strong>Scald</strong>!<br></div><div class="battle-history"><small>(Omastar lost <abbr title="−79/343">23.0%</abbr> of its health!)</small><br></div><div class="spacer battle-history"><br></div><div class="battle-history">Omastar used <strong>Toxic</strong>!<br></div><div class="battle-history"><small>The opposing Clasius Clay was badly poisoned!</small><br></div><div class="spacer battle-history"><br></div><div class="battle-history"><small>The opposing Clasius Clay restored a little HP using its Leftovers!</small><br></div><div class="battle-history"><small>Omastar restored a little HP using its Leftovers!</small><br></div><div class="battle-history"><small>The opposing Clasius Clay was hurt by poison!</small><br></div><div class="battle-history"><small>Omastar was hurt by its burn!</small><br></div><div class="spacer battle-history"><br></div><h2 class="battle-history">Turn 15</h2><div class="spacer battle-history"><br></div><div class="battle-history">Omastar, come back!<br></div><div class="battle-history">Go! <strong>Gogoat</strong>!<br></div><div class="spacer battle-history"><br></div><div class="battle-history">The opposing Clasius Clay used <strong>Circle Throw</strong>!<br></div><div class="battle-history"><small>(Gogoat lost <abbr title="−96/387">24.8%</abbr> of its health!)</small><br></div><div class="spacer battle-history"><br></div><div class="battle-history"><strong>Hitmonchan</strong> was dragged out!<br></div><div class="spacer battle-history"><br></div><div class="battle-history"><small>The opposing Clasius Clay restored a little HP using its Leftovers!</small><br></div><div class="battle-history"><small>The opposing Clasius Clay was hurt by poison!</small><br></div><div class="spacer battle-history"><br></div><h2 class="battle-history">Turn 16</h2><div class="spacer battle-history"><br></div><div class="battle-history">Hitmonchan used <strong>Drain Punch</strong>!<br></div><div class="battle-history"><small>(The opposing Clasius Clay lost <abbr title="−114/384">29.7%</abbr> of its health!)</small><br></div><div class="battle-history"><small>The opposing Clasius Clay had its energy drained!</small><br></div><div class="spacer battle-history"><br></div><div class="battle-history">The opposing Clasius Clay used <strong>Scald</strong>!<br></div><div class="battle-history"><small>(Hitmonchan lost <abbr title="−36/241">14.9%</abbr> of its health!)</small><br></div><div class="battle-history"><small>Hitmonchan was burned!</small><br></div><div class="spacer battle-history"><br></div><div class="battle-history"><small>The opposing Clasius Clay restored a little HP using its Leftovers!</small><br></div><div class="battle-history"><small>Hitmonchan was hurt by its burn!</small><br></div><div class="battle-history"><small>The opposing Clasius Clay was hurt by poison!</small><br></div><div class="spacer battle-history"><br></div><h2 class="battle-history">Turn 17</h2><div class="spacer battle-history"><br></div><div class="battle-history">Hitmonchan, come back!<br></div><div class="battle-history">Go! <strong>Gogoat</strong>!<br></div><div class="spacer battle-history"><br></div><div class="battle-history">The opposing Clasius Clay used <strong>Rest</strong>!<br></div><div class="battle-history"><small>The opposing Clasius Clay fell asleep!</small><br></div><div class="battle-history"><small>The opposing Clasius Clay slept and became healthy!</small><br></div><div class="spacer battle-history"><br></div><h2 class="battle-history">Turn 18</h2><div class="spacer battle-history"><br></div><div class="battle-history">Miked97 withdrew Clasius Clay!<br></div><div class="battle-history">Miked97 sent out Asgore (<strong>Gogoat</strong>)!<br></div><div class="battle-history"><small>Pointed stones dug into the opposing Asgore!</small><br></div><div class="spacer battle-history"><br></div><div class="battle-history">Gogoat used <strong>Leaf Blade</strong>!<br></div><div class="battle-history"><small>[The opposing Asgore's Sap Sipper]</small><br></div><div class="battle-history"><small>The opposing Asgore's Attack rose!</small><br></div><div class="spacer battle-history"><br></div><div class="battle-history"><small>The opposing Asgore restored a little HP using its Leftovers!</small><br></div><div class="spacer battle-history"><br></div><h2 class="battle-history">Turn 19</h2><div class="spacer battle-history"><br></div><div class="battle-history">Gogoat, come back!<br></div><div class="battle-history">Go! <strong>Mesprit</strong>!<br></div><div class="spacer battle-history"><br></div><div class="battle-history">The opposing Asgore used <strong>Toxic</strong>!<br></div><div class="battle-history"><small>Mesprit was badly poisoned!</small><br></div><div class="spacer battle-history"><br></div><div class="battle-history"><small>The opposing Asgore restored a little HP using its Leftovers!</small><br></div><div class="battle-history"><small>Mesprit was hurt by poison!</small><br></div><div class="spacer battle-history"><br></div><h2 class="battle-history">Turn 20</h2><div class="spacer battle-history"><br></div><div class="battle-history">Mesprit, come back!<br></div><div class="battle-history">Go! <strong>Gogoat</strong>!<br></div><div class="spacer battle-history"><br></div><div class="battle-history">The opposing Asgore used <strong>Horn Leech</strong>!<br></div><div class="battle-history"><small>[Gogoat's Sap Sipper]</small><br></div><div class="battle-history"><small>Gogoat's Attack rose!</small><br></div><div class="spacer battle-history"><br></div><h2 class="battle-history">Turn 21</h2><div class="spacer battle-history"><br></div><div class="battle-history">Gogoat used <strong>Rock Slide</strong>!<br></div><div class="battle-history"><small>(The opposing Asgore lost <abbr title="−117/450">26%</abbr> of its health!)</small><br></div><div class="spacer battle-history"><br></div><div class="battle-history">The opposing Asgore used <strong>Toxic</strong>!<br></div><div class="battle-history"><small>Gogoat avoided the attack!</small><br></div><div class="spacer battle-history"><br></div><div class="battle-history"><small>The opposing Asgore restored a little HP using its Leftovers!</small><br></div><div class="spacer battle-history"><br></div><h2 class="battle-history">Turn 22</h2><div class="spacer battle-history"><br></div><div class="battle-history">Gogoat used <strong>Rock Slide</strong>!<br></div><div class="battle-history"><small>(The opposing Asgore lost <abbr title="−115/450">25.6%</abbr> of its health!)</small><br></div><div class="spacer battle-history"><br></div><div class="battle-history">The opposing Asgore flinched and couldn't move!<br></div><div class="spacer battle-history"><br></div><div class="battle-history"><small>The opposing Asgore restored a little HP using its Leftovers!</small><br></div><div class="spacer battle-history"><br></div><h2 class="battle-history">Turn 23</h2><div class="spacer battle-history"><br></div><div class="battle-history">Gogoat used <strong>Rock Slide</strong>!<br></div><div class="battle-history"><small>The opposing Asgore avoided the attack!</small><br></div><div class="spacer battle-history"><br></div><div class="battle-history">The opposing Asgore used <strong>Milk Drink</strong>!<br></div><div class="battle-history"><small>The opposing Asgore restored its HP.</small><br></div><div class="spacer battle-history"><br></div><h2 class="battle-history">Turn 24</h2><div class="spacer battle-history"><br></div><div class="battle-history">Gogoat used <strong>Rock Slide</strong>!<br></div><div class="battle-history"><small>(The opposing Asgore lost <abbr title="−116/450">25.8%</abbr> of its health!)</small><br></div><div class="spacer battle-history"><br></div><div class="battle-history">The opposing Asgore used <strong>Toxic</strong>!<br></div><div class="battle-history"><small>Gogoat was badly poisoned!</small><br></div><div class="spacer battle-history"><br></div><div class="battle-history"><small>The opposing Asgore restored a little HP using its Leftovers!</small><br></div><div class="battle-history"><small>Gogoat was hurt by poison!</small><br></div><div class="spacer battle-history"><br></div><h2 class="battle-history">Turn 25</h2><div class="chat chatmessage-heroictroller"><strong style="color:hsl(156,41%,45%)"><small>☆</small><span class="username" data-name="Heroic Troller">Heroic Troller</span>:</strong> <em>i guess it's way better now</em></div><div class="spacer battle-history"><br></div><div class="battle-history"><small>Heroic Troller forfeited.</small><br></div><div class="spacer battle-history"><br></div><div class="battle-history"><strong>Miked97</strong> won the battle!<br></div><div class="chat"><small>Heroic Troller left.</small></div></div><div class="inner-preempt"></div></div></div>
</div>
<script>
let daily = Math.floor(Date.now()/1000/60/60/24);document.write('<script src="https://play.pokemonshowdown.com/js/replay-embed.js?version'+daily+'"></'+'script>');
</script>
