<!DOCTYPE html>
<meta charset="utf-8" />
<!-- version 1 -->
<title>NU replay: SnailBoi vs. themadkingatmey</title>
<style>
html,body {font-family:Verdana, sans-serif;font-size:10pt;margin:0;padding:0;}body{padding:12px 0;} .battle-log {font-family:Verdana, sans-serif;font-size:10pt;} .battle-log-inline {border:1px solid #AAAAAA;background:#EEF2F5;color:black;max-width:640px;margin:0 auto 80px;padding-bottom:5px;} .battle-log .inner {padding:4px 8px 0px 8px;} .battle-log .inner-preempt {padding:0 8px 4px 8px;} .battle-log .inner-after {margin-top:0.5em;} .battle-log h2 {margin:0.5em -8px;padding:4px 8px;border:1px solid #AAAAAA;background:#E0E7EA;border-left:0;border-right:0;font-family:Verdana, sans-serif;font-size:13pt;} .battle-log .chat {vertical-align:middle;padding:3px 0 3px 0;font-size:8pt;} .battle-log .chat strong {color:#40576A;} .battle-log .chat em {padding:1px 4px 1px 3px;color:#000000;font-style:normal;} .chat.mine {background:rgba(0,0,0,0.05);margin-left:-8px;margin-right:-8px;padding-left:8px;padding-right:8px;} .spoiler {color:#BBBBBB;background:#BBBBBB;padding:0px 3px;} .spoiler:hover, .spoiler:active, .spoiler-shown {color:#000000;background:#E2E2E2;padding:0px 3px;} .spoiler a {color:#BBBBBB;} .spoiler:hover a, .spoiler:active a, .spoiler-shown a {color:#2288CC;} .chat code, .chat .spoiler:hover code, .chat .spoiler:active code, .chat .spoiler-shown code {border:1px solid #C0C0C0;background:#EEEEEE;color:black;padding:0 2px;} .chat .spoiler code {border:1px solid #CCCCCC;background:#CCCCCC;color:#CCCCCC;} .battle-log .rated {padding:3px 4px;} .battle-log .rated strong {color:white;background:#89A;padding:1px 4px;border-radius:4px;} .spacer {margin-top:0.5em;} .message-announce {background:#6688AA;color:white;padding:1px 4px 2px;} .message-announce a, .broadcast-green a, .broadcast-blue a, .broadcast-red a {color:#DDEEFF;} .broadcast-green {background-color:#559955;color:white;padding:2px 4px;} .broadcast-blue {background-color:#6688AA;color:white;padding:2px 4px;} .infobox {border:1px solid #6688AA;padding:2px 4px;} .infobox-limited {max-height:200px;overflow:auto;overflow-x:hidden;} .broadcast-red {background-color:#AA5544;color:white;padding:2px 4px;} .message-learn-canlearn {font-weight:bold;color:#228822;text-decoration:underline;} .message-learn-cannotlearn {font-weight:bold;color:#CC2222;text-decoration:underline;} .message-effect-weak {font-weight:bold;color:#CC2222;} .message-effect-resist {font-weight:bold;color:#6688AA;} .message-effect-immune {font-weight:bold;color:#666666;} .message-learn-list {margin-top:0;margin-bottom:0;} .message-throttle-notice, .message-error {color:#992222;} .message-overflow, .chat small.message-overflow {font-size:0pt;} .message-overflow::before {font-size:9pt;content:'...';} .subtle {color:#3A4A66;}
</style>
<div class="wrapper replay-wrapper" style="max-width:1180px;margin:0 auto">
<input type="hidden" name="replayid" value="nu-516249557" />
<div class="battle"></div><div class="battle-log"></div><div class="replay-controls"></div><div class="replay-controls-2"></div>
<h1 style="font-weight:normal;text-align:center"><strong>NU</strong><br /><a href="http://pokemonshowdown.com/users/snailboi" class="subtle" target="_blank">SnailBoi</a> vs. <a href="http://pokemonshowdown.com/users/themadkingatmey" class="subtle" target="_blank">themadkingatmey</a></h1>
<script type="text/plain" class="battle-log-data">|j|SnailBoi
|j|themadkingatmey
|player|p1|SnailBoi|226
|player|p2|themadkingatmey|249
|gametype|singles
|gen|6
|tier|NU
|rated
|seed|42007,54671,13818,46734
|rule|Sleep Clause Mod: Limit one foe put to sleep
|rule|Species Clause: Limit one of each Pokémon
|rule|OHKO Clause: OHKO moves are banned
|rule|Moody Clause: Moody is banned
|rule|Evasion Moves Clause: Evasion moves are banned
|rule|Endless Battle Clause: Forcing endless battles is banned
|rule|HP Percentage Mod: HP is shown in percentages
|clearpoke
|poke|p1|Swellow, F|item
|poke|p1|Probopass, M|item
|poke|p1|Zangoose, M|item
|poke|p1|Skuntank, F|item
|poke|p1|Exeggutor, F|item
|poke|p1|Samurott, M|item
|poke|p2|Tauros, M|item
|poke|p2|Lilligant, F, shiny|item
|poke|p2|Carracosta, M|item
|poke|p2|Magmortar, M, shiny|item
|poke|p2|Claydol, shiny|item
|poke|p2|Scyther, F, shiny|item
|rule|Swagger Clause: Swagger is banned
|rule|Baton Pass Clause: Limit one Baton Passer, can't pass Spe and other stats simultaneously
|teampreview
|c|★themadkingatmey|So we meet again.
|c|★SnailBoi|As I suspected.
|c|★SnailBoi|As you can see, I've got a new ragtag team that's ripe and raring to go.
|c|★themadkingatmey|Well, let's see what happens!
|choice|team 2, team 1, team 3, team 4, team 5, team 6|team 3, team 2, team 1, team 4, team 5, team 6
|
|start
|switch|p1a: Mamma Mia|Probopass, M|303\/303
|switch|p2a: Gamera|Carracosta, M|352\/352
|-item|p1a: Mamma Mia|Air Balloon
|turn|1
|choice|move stealthrock|move superpower
|
|move|p1a: Mamma Mia|Stealth Rock|p2a: Gamera
|-sidestart|p2: themadkingatmey|move: Stealth Rock
|move|p2a: Gamera|Superpower|p1a: Mamma Mia
|-supereffective|p1a: Mamma Mia
|-crit|p1a: Mamma Mia
|-damage|p1a: Mamma Mia|0 fnt
|-enditem|p1a: Mamma Mia|Air Balloon
|-unboost|p2a: Gamera|atk|1
|-unboost|p2a: Gamera|def|1
|-damage|p2a: Gamera|317\/352|[from] item: Life Orb
|faint|p1a: Mamma Mia
|
|upkeep
|c|★SnailBoi|ouch
|choice|switch 2|
|
|switch|p1a: S C R E E C H|Swellow, F|261\/261
|turn|2
|choice|move hiddenpower|move stealthrock
|
|move|p1a: S C R E E C H|Hidden Power|p2a: Gamera
|-supereffective|p2a: Gamera
|-damage|p2a: Gamera|74\/352
|move|p2a: Gamera|Stealth Rock|p1a: S C R E E C H
|-sidestart|p1: SnailBoi|move: Stealth Rock
|
|upkeep
|turn|3
|choice|move hiddenpower|switch 5
|
|switch|p2a: Arahabaki|Claydol, shiny|262\/262
|-damage|p2a: Arahabaki|246\/262|[from] Stealth Rock
|move|p1a: S C R E E C H|Hidden Power|p2a: Arahabaki
|-supereffective|p2a: Arahabaki
|-crit|p2a: Arahabaki
|-damage|p2a: Arahabaki|78\/262
|
|upkeep
|turn|4
|choice|move hiddenpower|move rapidspin
|
|move|p1a: S C R E E C H|Hidden Power|p2a: Arahabaki
|-supereffective|p2a: Arahabaki
|-damage|p2a: Arahabaki|0 fnt
|faint|p2a: Arahabaki
|
|upkeep
|choice||switch 3
|
|switch|p2a: Apis|Tauros, M|291\/291
|-damage|p2a: Apis|255\/291|[from] Stealth Rock
|turn|5
|choice|switch 5|move rockslide
|
|switch|p1a: eg g|Exeggutor, F|394\/394
|-damage|p1a: eg g|345\/394|[from] Stealth Rock
|move|p2a: Apis|Rock Slide|p1a: eg g
|-damage|p1a: eg g|188\/394
|
|-heal|p1a: eg g|212\/394|[from] item: Leftovers
|upkeep
|turn|6
|choice|move sleeppowder|move rockclimb
|
|move|p2a: Apis|Rock Climb|p1a: eg g
|-damage|p1a: eg g|0 fnt
|faint|p1a: eg g
|
|upkeep
|choice|switch 3|
|
|switch|p1a: Emo Grass|Zangoose, M|288\/288
|-damage|p1a: Emo Grass|252\/288|[from] Stealth Rock
|turn|7
|choice|move closecombat|move rockclimb
|
|move|p2a: Apis|Rock Climb|p1a: Emo Grass
|-damage|p1a: Emo Grass|0 fnt
|faint|p1a: Emo Grass
|
|upkeep
|c|★SnailBoi|Ohmygosh!
|choice|switch 6|
|
|switch|p1a: Seppuku|Samurott, M|331\/331
|-damage|p1a: Seppuku|290\/331|[from] Stealth Rock
|turn|8
|choice|move hydropump|move rockclimb
|
|move|p2a: Apis|Rock Climb|p1a: Seppuku
|-damage|p1a: Seppuku|35\/331
|move|p1a: Seppuku|Hydro Pump|p2a: Apis
|-damage|p2a: Apis|0 fnt
|-damage|p1a: Seppuku|2\/331|[from] item: Life Orb
|faint|p2a: Apis
|
|upkeep
|choice||switch 2
|
|switch|p2a: Belle|Lilligant, F, shiny|281\/281
|-damage|p2a: Belle|246\/281|[from] Stealth Rock
|turn|9
|choice|move aquajet|move sleeppowder
|
|move|p1a: Seppuku|Aqua Jet|p2a: Belle
|-resisted|p2a: Belle
|-damage|p2a: Belle|191\/281
|-damage|p1a: Seppuku|0 fnt|[from] item: Life Orb
|faint|p1a: Seppuku
|move|p2a: Belle|Sleep Powder|p1: Seppuku|[notarget]
|-notarget
|
|upkeep
|choice|switch 5|
|
|switch|p1a: S C R E E C H|Swellow, F|261\/261
|-damage|p1a: S C R E E C H|196\/261|[from] Stealth Rock
|turn|10
|choice|move boomburst|switch 5
|
|switch|p2a: Gamera|Carracosta, M|74\/352
|-damage|p2a: Gamera|30\/352|[from] Stealth Rock
|move|p1a: S C R E E C H|Boomburst|p2a: Gamera
|-resisted|p2a: Gamera
|-damage|p2a: Gamera|0 fnt
|faint|p2a: Gamera
|
|upkeep
|choice||switch 4
|
|switch|p2a: Dropsy|Magmortar, M, shiny|291\/291
|-damage|p2a: Dropsy|219\/291|[from] Stealth Rock
|turn|11
|choice|move boomburst|move thunderbolt
|
|move|p1a: S C R E E C H|Boomburst|p2a: Dropsy
|-damage|p2a: Dropsy|0 fnt
|faint|p2a: Dropsy
|
|upkeep
|choice||switch 6
|
|switch|p2a: Slicer|Scyther, F, shiny|343\/343
|-damage|p2a: Slicer|172\/343|[from] Stealth Rock
|turn|12
|choice|move boomburst|move roost
|
|move|p1a: S C R E E C H|Boomburst|p2a: Slicer
|-damage|p2a: Slicer|6\/343
|move|p2a: Slicer|Roost|p2a: Slicer
|-heal|p2a: Slicer|178\/343
|
|upkeep
|turn|13
|choice|move boomburst|move roost
|
|move|p1a: S C R E E C H|Boomburst|p2a: Slicer
|-damage|p2a: Slicer|7\/343
|move|p2a: Slicer|Roost|p2a: Slicer
|-heal|p2a: Slicer|179\/343
|
|upkeep
|turn|14
|choice|move boomburst|move roost
|
|move|p1a: S C R E E C H|Boomburst|p2a: Slicer
|-damage|p2a: Slicer|23\/343
|move|p2a: Slicer|Roost|p2a: Slicer
|-heal|p2a: Slicer|195\/343
|
|upkeep
|turn|15
|choice|move boomburst|move roost
|
|move|p1a: S C R E E C H|Boomburst|p2a: Slicer
|-damage|p2a: Slicer|39\/343
|move|p2a: Slicer|Roost|p2a: Slicer
|-heal|p2a: Slicer|211\/343
|
|upkeep
|turn|16
|choice|move boomburst|move roost
|
|move|p1a: S C R E E C H|Boomburst|p2a: Slicer
|-damage|p2a: Slicer|58\/343
|move|p2a: Slicer|Roost|p2a: Slicer
|-heal|p2a: Slicer|230\/343
|
|upkeep
|turn|17
|choice|move boomburst|move roost
|
|move|p1a: S C R E E C H|Boomburst|p2a: Slicer
|-damage|p2a: Slicer|50\/343
|move|p2a: Slicer|Roost|p2a: Slicer
|-heal|p2a: Slicer|222\/343
|
|upkeep
|turn|18
|choice|move boomburst|move roost
|
|move|p1a: S C R E E C H|Boomburst|p2a: Slicer
|-damage|p2a: Slicer|66\/343
|move|p2a: Slicer|Roost|p2a: Slicer
|-heal|p2a: Slicer|238\/343
|
|upkeep
|turn|19
|c|★SnailBoi|Come on crit!
|choice|move boomburst|move roost
|
|move|p1a: S C R E E C H|Boomburst|p2a: Slicer
|-damage|p2a: Slicer|84\/343
|move|p2a: Slicer|Roost|p2a: Slicer
|-heal|p2a: Slicer|256\/343
|
|upkeep
|turn|20
|choice|move boomburst|move roost
|
|move|p1a: S C R E E C H|Boomburst|p2a: Slicer
|-crit|p2a: Slicer
|-damage|p2a: Slicer|13\/343
|move|p2a: Slicer|Roost|p2a: Slicer
|-heal|p2a: Slicer|185\/343
|
|upkeep
|turn|21
|choice|move boomburst|move roost
|
|move|p1a: S C R E E C H|Boomburst|p2a: Slicer
|-crit|p2a: Slicer
|-damage|p2a: Slicer|0 fnt
|faint|p2a: Slicer
|
|upkeep
|c|★SnailBoi|!!!!!!
|c|★themadkingatmey|Dang
|choice||switch 5
|
|switch|p2a: Belle|Lilligant, F, shiny|191\/281
|-damage|p2a: Belle|156\/281|[from] Stealth Rock
|turn|22
|c|★SnailBoi|In one way, I'm sorry about the crits. In another, I'm not at all.
|choice|move boomburst|move sleeppowder
|
|move|p1a: S C R E E C H|Boomburst|p2a: Belle
|-damage|p2a: Belle|0 fnt
|faint|p2a: Belle
|
|win|SnailBoi
|player|p1
|player|p2
|c|★themadkingatmey|Well, yeah, that's the way it goes sometimes.
|raw|SnailBoi's rating: 1112 &rarr; <strong>1147<\/strong><br \/>(+35 for winning)
|raw|themadkingatmey's rating: 1261 &rarr; <strong>1226<\/strong><br \/>(-35 for losing)
|c|★SnailBoi|Good game!
|c|★themadkingatmey|Thanks, same to you.</script>
</div>
<div class="battle-log battle-log-inline"><div class="inner"><div class="battle-options"></div><div class="inner"><div class="chat"><small>SnailBoi joined.</small></div><div class="chat"><small>themadkingatmey joined.</small></div><div class=""><small>Format:</small> <br><strong>NU</strong></div><div class="rated"><strong>Rated battle</strong></div><div class=""><small><em>Sleep Clause Mod:</em> Limit one foe put to sleep</small></div><div class=""><small><em>Species Clause:</em> Limit one of each Pokémon</small></div><div class=""><small><em>OHKO Clause:</em> OHKO moves are banned</small></div><div class=""><small><em>Moody Clause:</em> Moody is banned</small></div><div class=""><small><em>Evasion Moves Clause:</em> Evasion moves are banned</small></div><div class=""><small><em>Endless Battle Clause:</em> Forcing endless battles is banned</small></div><div class=""><small><em>HP Percentage Mod:</em> HP is shown in percentages</small></div><div class=""><small><em>Swagger Clause:</em> Swagger is banned</small></div><div class=""><small><em>Baton Pass Clause:</em> Limit one Baton Passer, can't pass Spe and other stats simultaneously</small></div><div class="chat battle-history"><strong>SnailBoi's team:</strong> <em style="color:#445566;display:block;">Swellow / Probopass / Zangoose / Skuntank / Exeggutor / Samurott</em></div><div class="chat battle-history"><strong>themadkingatmey's team:</strong> <em style="color:#445566;display:block;">Tauros / Lilligant / Carracosta / Magmortar / Claydol / Scyther</em></div><div class="chat chatmessage-themadkingatmey"><strong style="color:hsl(204,86%,39.00910212306441%)"><small>★</small><span class="username" data-name="themadkingatmey">themadkingatmey</span>:</strong> <em>So we meet again.</em></div><div class="chat chatmessage-snailboi"><strong style="color:hsl(253,76%,60.223906071473394%)"><small>★</small><span class="username" data-name="SnailBoi">SnailBoi</span>:</strong> <em>As I suspected.</em></div><div class="chat chatmessage-snailboi"><strong style="color:hsl(253,76%,60.223906071473394%)"><small>★</small><span class="username" data-name="SnailBoi">SnailBoi</span>:</strong> <em>As you can see, I've got a new ragtag team that's ripe and raring to go.</em></div><div class="chat chatmessage-themadkingatmey"><strong style="color:hsl(204,86%,39.00910212306441%)"><small>★</small><span class="username" data-name="themadkingatmey">themadkingatmey</span>:</strong> <em>Well, let's see what happens!</em></div><div class="spacer battle-history"><br></div><div class="battle-history">Battle started between SnailBoi and themadkingatmey!<br></div><div class="spacer battle-history"><br></div><div class="battle-history">Go! Mamma Mia (<strong>Probopass</strong>)!<br></div><div class="spacer battle-history"><br></div><div class="battle-history">themadkingatmey sent out Gamera (<strong>Carracosta</strong>)!<br></div><div class="battle-history"><small>Mamma Mia floats in the air with its Air Balloon!</small><br></div><div class="spacer battle-history"><br></div><h2 class="battle-history">Turn 1</h2><div class="spacer battle-history"><br></div><div class="battle-history">Mamma Mia used <strong>Stealth Rock</strong>!<br></div><div class="battle-history"><small>Pointed stones float in the air around the opposing team!</small><br></div><div class="spacer battle-history"><br></div><div class="battle-history">The opposing Gamera used <strong>Superpower</strong>!<br></div><div class="battle-history"><small>It's super effective!</small><br></div><div class="battle-history"><small>A critical hit!</small><br></div><div class="battle-history"><small>(Mamma Mia lost <abbr title="−303/303">100%</abbr> of its health!)</small><br></div><div class="battle-history"><small>Mamma Mia's Air Balloon popped!</small><br></div><div class="battle-history"><small>The opposing Gamera's Attack fell!</small><br></div><div class="battle-history"><small>The opposing Gamera's Defense fell!</small><br></div><div class="battle-history"><small>The opposing Gamera lost some of its HP!</small><br></div><div class="spacer battle-history"><br></div><div class="battle-history">Mamma Mia fainted!<br></div><div class="chat chatmessage-snailboi"><strong style="color:hsl(253,76%,60.223906071473394%)"><small>★</small><span class="username" data-name="SnailBoi">SnailBoi</span>:</strong> <em>ouch</em></div><div class="spacer battle-history"><br></div><div class="battle-history">Go! S C R E E C H (<strong>Swellow</strong>)!<br></div><div class="spacer battle-history"><br></div><h2 class="battle-history">Turn 2</h2><div class="spacer battle-history"><br></div><div class="battle-history">S C R E E C H used <strong>Hidden Power</strong>!<br></div><div class="battle-history"><small>It's super effective!</small><br></div><div class="battle-history"><small>(The opposing Gamera lost <abbr title="−243/352">69.0%</abbr> of its health!)</small><br></div><div class="spacer battle-history"><br></div><div class="battle-history">The opposing Gamera used <strong>Stealth Rock</strong>!<br></div><div class="battle-history"><small>Pointed stones float in the air around your team!</small><br></div><div class="spacer battle-history"><br></div><h2 class="battle-history">Turn 3</h2><div class="spacer battle-history"><br></div><div class="battle-history">themadkingatmey withdrew Gamera!<br></div><div class="battle-history">themadkingatmey sent out Arahabaki (<strong>Claydol</strong>)!<br></div><div class="battle-history"><small>Pointed stones dug into the opposing Arahabaki!</small><br></div><div class="spacer battle-history"><br></div><div class="battle-history">S C R E E C H used <strong>Hidden Power</strong>!<br></div><div class="battle-history"><small>It's super effective!</small><br></div><div class="battle-history"><small>A critical hit!</small><br></div><div class="battle-history"><small>(The opposing Arahabaki lost <abbr title="−168/262">64.1%</abbr> of its health!)</small><br></div><div class="spacer battle-history"><br></div><h2 class="battle-history">Turn 4</h2><div class="spacer battle-history"><br></div><div class="battle-history">S C R E E C H used <strong>Hidden Power</strong>!<br></div><div class="battle-history"><small>It's super effective!</small><br></div><div class="battle-history"><small>(The opposing Arahabaki lost <abbr title="−78/262">29.8%</abbr> of its health!)</small><br></div><div class="spacer battle-history"><br></div><div class="battle-history">The opposing Arahabaki fainted!<br></div><div class="spacer battle-history"><br></div><div class="battle-history">themadkingatmey sent out Apis (<strong>Tauros</strong>)!<br></div><div class="battle-history"><small>Pointed stones dug into the opposing Apis!</small><br></div><div class="spacer battle-history"><br></div><h2 class="battle-history">Turn 5</h2><div class="spacer battle-history"><br></div><div class="battle-history">S C R E E C H, come back!<br></div><div class="battle-history">Go! eg g (<strong>Exeggutor</strong>)!<br></div><div class="battle-history"><small>Pointed stones dug into eg g!</small><br></div><div class="spacer battle-history"><br></div><div class="battle-history">The opposing Apis used <strong>Rock Slide</strong>!<br></div><div class="battle-history"><small>(eg g lost <abbr title="−157/394">39.8%</abbr> of its health!)</small><br></div><div class="spacer battle-history"><br></div><div class="battle-history"><small>eg g restored a little HP using its Leftovers!</small><br></div><div class="spacer battle-history"><br></div><h2 class="battle-history">Turn 6</h2><div class="spacer battle-history"><br></div><div class="battle-history">The opposing Apis used <strong>Rock Climb</strong>!<br></div><div class="battle-history"><small>(eg g lost <abbr title="−212/394">53.8%</abbr> of its health!)</small><br></div><div class="spacer battle-history"><br></div><div class="battle-history">eg g fainted!<br></div><div class="spacer battle-history"><br></div><div class="battle-history">Go! Emo Grass (<strong>Zangoose</strong>)!<br></div><div class="battle-history"><small>Pointed stones dug into Emo Grass!</small><br></div><div class="spacer battle-history"><br></div><h2 class="battle-history">Turn 7</h2><div class="spacer battle-history"><br></div><div class="battle-history">The opposing Apis used <strong>Rock Climb</strong>!<br></div><div class="battle-history"><small>(Emo Grass lost <abbr title="−252/288">87.5%</abbr> of its health!)</small><br></div><div class="spacer battle-history"><br></div><div class="battle-history">Emo Grass fainted!<br></div><div class="chat chatmessage-snailboi"><strong style="color:hsl(253,76%,60.223906071473394%)"><small>★</small><span class="username" data-name="SnailBoi">SnailBoi</span>:</strong> <em>Ohmygosh!</em></div><div class="spacer battle-history"><br></div><div class="battle-history">Go! Seppuku (<strong>Samurott</strong>)!<br></div><div class="battle-history"><small>Pointed stones dug into Seppuku!</small><br></div><div class="spacer battle-history"><br></div><h2 class="battle-history">Turn 8</h2><div class="spacer battle-history"><br></div><div class="battle-history">The opposing Apis used <strong>Rock Climb</strong>!<br></div><div class="battle-history"><small>(Seppuku lost <abbr title="−255/331">77.0%</abbr> of its health!)</small><br></div><div class="spacer battle-history"><br></div><div class="battle-history">Seppuku used <strong>Hydro Pump</strong>!<br></div><div class="battle-history"><small>(The opposing Apis lost <abbr title="−255/291">87.6%</abbr> of its health!)</small><br></div><div class="battle-history"><small>Seppuku lost some of its HP!</small><br></div><div class="spacer battle-history"><br></div><div class="battle-history">The opposing Apis fainted!<br></div><div class="spacer battle-history"><br></div><div class="battle-history">themadkingatmey sent out Belle (<strong>Lilligant</strong>)!<br></div><div class="battle-history"><small>Pointed stones dug into the opposing Belle!</small><br></div><div class="spacer battle-history"><br></div><h2 class="battle-history">Turn 9</h2><div class="spacer battle-history"><br></div><div class="battle-history">Seppuku used <strong>Aqua Jet</strong>!<br></div><div class="battle-history"><small>It's not very effective...</small><br></div><div class="battle-history"><small>(The opposing Belle lost <abbr title="−55/281">19.6%</abbr> of its health!)</small><br></div><div class="battle-history"><small>Seppuku lost some of its HP!</small><br></div><div class="spacer battle-history"><br></div><div class="battle-history">Seppuku fainted!<br></div><div class="battle-history">The opposing Belle used <strong>Sleep Powder</strong>!<br></div><div class="battle-history"><small>But there was no target...</small><br></div><div class="spacer battle-history"><br></div><div class="battle-history">Go! S C R E E C H (<strong>Swellow</strong>)!<br></div><div class="battle-history"><small>Pointed stones dug into S C R E E C H!</small><br></div><div class="spacer battle-history"><br></div><h2 class="battle-history">Turn 10</h2><div class="spacer battle-history"><br></div><div class="battle-history">themadkingatmey withdrew Belle!<br></div><div class="battle-history">themadkingatmey sent out Gamera (<strong>Carracosta</strong>)!<br></div><div class="battle-history"><small>Pointed stones dug into the opposing Gamera!</small><br></div><div class="spacer battle-history"><br></div><div class="battle-history">S C R E E C H used <strong>Boomburst</strong>!<br></div><div class="battle-history"><small>It's not very effective...</small><br></div><div class="battle-history"><small>(The opposing Gamera lost <abbr title="−30/352">8.5%</abbr> of its health!)</small><br></div><div class="spacer battle-history"><br></div><div class="battle-history">The opposing Gamera fainted!<br></div><div class="spacer battle-history"><br></div><div class="battle-history">themadkingatmey sent out Dropsy (<strong>Magmortar</strong>)!<br></div><div class="battle-history"><small>Pointed stones dug into the opposing Dropsy!</small><br></div><div class="spacer battle-history"><br></div><h2 class="battle-history">Turn 11</h2><div class="spacer battle-history"><br></div><div class="battle-history">S C R E E C H used <strong>Boomburst</strong>!<br></div><div class="battle-history"><small>(The opposing Dropsy lost <abbr title="−219/291">75.3%</abbr> of its health!)</small><br></div><div class="spacer battle-history"><br></div><div class="battle-history">The opposing Dropsy fainted!<br></div><div class="spacer battle-history"><br></div><div class="battle-history">themadkingatmey sent out Slicer (<strong>Scyther</strong>)!<br></div><div class="battle-history"><small>Pointed stones dug into the opposing Slicer!</small><br></div><div class="spacer battle-history"><br></div><h2 class="battle-history">Turn 12</h2><div class="spacer battle-history"><br></div><div class="battle-history">S C R E E C H used <strong>Boomburst</strong>!<br></div><div class="battle-history"><small>(The opposing Slicer lost <abbr title="−166/343">48.4%</abbr> of its health!)</small><br></div><div class="spacer battle-history"><br></div><div class="battle-history">The opposing Slicer used <strong>Roost</strong>!<br></div><div class="battle-history"><small>The opposing Slicer restored its HP.</small><br></div><div class="spacer battle-history"><br></div><h2 class="battle-history">Turn 13</h2><div class="spacer battle-history"><br></div><div class="battle-history">S C R E E C H used <strong>Boomburst</strong>!<br></div><div class="battle-history"><small>(The opposing Slicer lost <abbr title="−171/343">49.9%</abbr> of its health!)</small><br></div><div class="spacer battle-history"><br></div><div class="battle-history">The opposing Slicer used <strong>Roost</strong>!<br></div><div class="battle-history"><small>The opposing Slicer restored its HP.</small><br></div><div class="spacer battle-history"><br></div><h2 class="battle-history">Turn 14</h2><div class="spacer battle-history"><br></div><div class="battle-history">S C R E E C H used <strong>Boomburst</strong>!<br></div><div class="battle-history"><small>(The opposing Slicer lost <abbr title="−156/343">45.5%</abbr> of its health!)</small><br></div><div class="spacer battle-history"><br></div><div class="battle-history">The opposing Slicer used <strong>Roost</strong>!<br></div><div class="battle-history"><small>The opposing Slicer restored its HP.</small><br></div><div class="spacer battle-history"><br></div><h2 class="battle-history">Turn 15</h2><div class="spacer battle-history"><br></div><div class="battle-history">S C R E E C H used <strong>Boomburst</strong>!<br></div><div class="battle-history"><small>(The opposing Slicer lost <abbr title="−156/343">45.5%</abbr> of its health!)</small><br></div><div class="spacer battle-history"><br></div><div class="battle-history">The opposing Slicer used <strong>Roost</strong>!<br></div><div class="battle-history"><small>The opposing Slicer restored its HP.</small><br></div><div class="spacer battle-history"><br></div><h2 class="battle-history">Turn 16</h2><div class="spacer battle-history"><br></div><div class="battle-history">S C R E E C H used <strong>Boomburst</strong>!<br></div><div class="battle-history"><small>(The opposing Slicer lost <abbr title="−153/343">44.6%</abbr> of its health!)</small><br></div><div class="spacer battle-history"><br></div><div class="battle-history">The opposing Slicer used <strong>Roost</strong>!<br></div><div class="battle-history"><small>The opposing Slicer restored its HP.</small><br></div><div class="spacer battle-history"><br></div><h2 class="battle-history">Turn 17</h2><div class="spacer battle-history"><br></div><div class="battle-history">S C R E E C H used <strong>Boomburst</strong>!<br></div><div class="battle-history"><small>(The opposing Slicer lost <abbr title="−180/343">52.5%</abbr> of its health!)</small><br></div><div class="spacer battle-history"><br></div><div class="battle-history">The opposing Slicer used <strong>Roost</strong>!<br></div><div class="battle-history"><small>The opposing Slicer restored its HP.</small><br></div><div class="spacer battle-history"><br></div><h2 class="battle-history">Turn 18</h2><div class="spacer battle-history"><br></div><div class="battle-history">S C R E E C H used <strong>Boomburst</strong>!<br></div><div class="battle-history"><small>(The opposing Slicer lost <abbr title="−156/343">45.5%</abbr> of its health!)</small><br></div><div class="spacer battle-history"><br></div><div class="battle-history">The opposing Slicer used <strong>Roost</strong>!<br></div><div class="battle-history"><small>The opposing Slicer restored its HP.</small><br></div><div class="spacer battle-history"><br></div><h2 class="battle-history">Turn 19</h2><div class="chat chatmessage-snailboi"><strong style="color:hsl(253,76%,60.223906071473394%)"><small>★</small><span class="username" data-name="SnailBoi">SnailBoi</span>:</strong> <em>Come on crit!</em></div><div class="spacer battle-history"><br></div><div class="battle-history">S C R E E C H used <strong>Boomburst</strong>!<br></div><div class="battle-history"><small>(The opposing Slicer lost <abbr title="−154/343">44.9%</abbr> of its health!)</small><br></div><div class="spacer battle-history"><br></div><div class="battle-history">The opposing Slicer used <strong>Roost</strong>!<br></div><div class="battle-history"><small>The opposing Slicer restored its HP.</small><br></div><div class="spacer battle-history"><br></div><h2 class="battle-history">Turn 20</h2><div class="spacer battle-history"><br></div><div class="battle-history">S C R E E C H used <strong>Boomburst</strong>!<br></div><div class="battle-history"><small>A critical hit!</small><br></div><div class="battle-history"><small>(The opposing Slicer lost <abbr title="−243/343">70.8%</abbr> of its health!)</small><br></div><div class="spacer battle-history"><br></div><div class="battle-history">The opposing Slicer used <strong>Roost</strong>!<br></div><div class="battle-history"><small>The opposing Slicer restored its HP.</small><br></div><div class="spacer battle-history"><br></div><h2 class="battle-history">Turn 21</h2><div class="spacer battle-history"><br></div><div class="battle-history">S C R E E C H used <strong>Boomburst</strong>!<br></div><div class="battle-history"><small>A critical hit!</small><br></div><div class="battle-history"><small>(The opposing Slicer lost <abbr title="−185/343">53.9%</abbr> of its health!)</small><br></div><div class="spacer battle-history"><br></div><div class="battle-history">The opposing Slicer fainted!<br></div><div class="chat chatmessage-snailboi"><strong style="color:hsl(253,76%,60.223906071473394%)"><small>★</small><span class="username" data-name="SnailBoi">SnailBoi</span>:</strong> <em>!!!!!!</em></div><div class="chat chatmessage-themadkingatmey"><strong style="color:hsl(204,86%,39.00910212306441%)"><small>★</small><span class="username" data-name="themadkingatmey">themadkingatmey</span>:</strong> <em>Dang</em></div><div class="spacer battle-history"><br></div><div class="battle-history">themadkingatmey sent out Belle (<strong>Lilligant</strong>)!<br></div><div class="battle-history"><small>Pointed stones dug into the opposing Belle!</small><br></div><div class="spacer battle-history"><br></div><h2 class="battle-history">Turn 22</h2><div class="chat chatmessage-snailboi"><strong style="color:hsl(253,76%,60.223906071473394%)"><small>★</small><span class="username" data-name="SnailBoi">SnailBoi</span>:</strong> <em>In one way, I'm sorry about the crits. In another, I'm not at all.</em></div><div class="spacer battle-history"><br></div><div class="battle-history">S C R E E C H used <strong>Boomburst</strong>!<br></div><div class="battle-history"><small>(The opposing Belle lost <abbr title="−156/281">55.5%</abbr> of its health!)</small><br></div><div class="spacer battle-history"><br></div><div class="battle-history">The opposing Belle fainted!<br></div><div class="spacer battle-history"><br></div><div class="battle-history"><strong>SnailBoi</strong> won the battle!<br></div><div class="chat chatmessage-themadkingatmey"><strong style="color:hsl(204,86%,39.00910212306441%)"><small>★</small><span class="username" data-name="themadkingatmey">themadkingatmey</span>:</strong> <em>Well, yeah, that's the way it goes sometimes.</em></div><div class="chat">SnailBoi's rating: 1112 → <strong>1147</strong><br>(+35 for winning)</div><div class="chat">themadkingatmey's rating: 1261 → <strong>1226</strong><br>(-35 for losing)</div><div class="chat chatmessage-snailboi"><strong style="color:hsl(253,76%,60.223906071473394%)"><small>★</small><span class="username" data-name="SnailBoi">SnailBoi</span>:</strong> <em>Good game!</em></div><div class="chat chatmessage-themadkingatmey"><strong style="color:hsl(204,86%,39.00910212306441%)"><small>★</small><span class="username" data-name="themadkingatmey">themadkingatmey</span>:</strong> <em>Thanks, same to you.</em></div></div><div class="inner-preempt"></div></div></div>
</div>
<script>
let daily = Math.floor(Date.now()/1000/60/60/24);document.write('<script src="https://play.pokemonshowdown.com/js/replay-embed.js?version'+daily+'"></'+'script>');
</script>
