<!DOCTYPE html>
<meta charset="utf-8" />
<!-- version 1 -->
<title>NU replay: adewale vs. BrojinSiiiiiii</title>
<style>
html,body {font-family:Verdana, sans-serif;font-size:10pt;margin:0;padding:0;}body{padding:12px 0;} .battle-log {font-family:Verdana, sans-serif;font-size:10pt;} .battle-log-inline {border:1px solid #AAAAAA;background:#EEF2F5;color:black;max-width:640px;margin:0 auto 80px;padding-bottom:5px;} .battle-log .inner {padding:4px 8px 0px 8px;} .battle-log .inner-preempt {padding:0 8px 4px 8px;} .battle-log .inner-after {margin-top:0.5em;} .battle-log h2 {margin:0.5em -8px;padding:4px 8px;border:1px solid #AAAAAA;background:#E0E7EA;border-left:0;border-right:0;font-family:Verdana, sans-serif;font-size:13pt;} .battle-log .chat {vertical-align:middle;padding:3px 0 3px 0;font-size:8pt;} .battle-log .chat strong {color:#40576A;} .battle-log .chat em {padding:1px 4px 1px 3px;color:#000000;font-style:normal;} .chat.mine {background:rgba(0,0,0,0.05);margin-left:-8px;margin-right:-8px;padding-left:8px;padding-right:8px;} .spoiler {color:#BBBBBB;background:#BBBBBB;padding:0px 3px;} .spoiler:hover, .spoiler:active, .spoiler-shown {color:#000000;background:#E2E2E2;padding:0px 3px;} .spoiler a {color:#BBBBBB;} .spoiler:hover a, .spoiler:active a, .spoiler-shown a {color:#2288CC;} .chat code, .chat .spoiler:hover code, .chat .spoiler:active code, .chat .spoiler-shown code {border:1px solid #C0C0C0;background:#EEEEEE;color:black;padding:0 2px;} .chat .spoiler code {border:1px solid #CCCCCC;background:#CCCCCC;color:#CCCCCC;} .battle-log .rated {padding:3px 4px;} .battle-log .rated strong {color:white;background:#89A;padding:1px 4px;border-radius:4px;} .spacer {margin-top:0.5em;} .message-announce {background:#6688AA;color:white;padding:1px 4px 2px;} .message-announce a, .broadcast-green a, .broadcast-blue a, .broadcast-red a {color:#DDEEFF;} .broadcast-green {background-color:#559955;color:white;padding:2px 4px;} .broadcast-blue {background-color:#6688AA;color:white;padding:2px 4px;} .infobox {border:1px solid #6688AA;padding:2px 4px;} .infobox-limited {max-height:200px;overflow:auto;overflow-x:hidden;} .broadcast-red {background-color:#AA5544;color:white;padding:2px 4px;} .message-learn-canlearn {font-weight:bold;color:#228822;text-decoration:underline;} .message-learn-cannotlearn {font-weight:bold;color:#CC2222;text-decoration:underline;} .message-effect-weak {font-weight:bold;color:#CC2222;} .message-effect-resist {font-weight:bold;color:#6688AA;} .message-effect-immune {font-weight:bold;color:#666666;} .message-learn-list {margin-top:0;margin-bottom:0;} .message-throttle-notice, .message-error {color:#992222;} .message-overflow, .chat small.message-overflow {font-size:0pt;} .message-overflow::before {font-size:9pt;content:'...';} .subtle {color:#3A4A66;}
</style>
<div class="wrapper replay-wrapper" style="max-width:1180px;margin:0 auto">
<input type="hidden" name="replayid" value="nu-528642854" />
<div class="battle"></div><div class="battle-log"></div><div class="replay-controls"></div><div class="replay-controls-2"></div>
<h1 style="font-weight:normal;text-align:center"><strong>NU</strong><br /><a href="http://pokemonshowdown.com/users/adewale" class="subtle" target="_blank">adewale</a> vs. <a href="http://pokemonshowdown.com/users/brojinsiiiiiii" class="subtle" target="_blank">BrojinSiiiiiii</a></h1>
<script type="text/plain" class="battle-log-data">|j|adewale
|j|BrojinSiiiiiii
|player|p1|adewale|40
|player|p2|BrojinSiiiiiii|2
|gametype|singles
|gen|6
|tier|NU
|rated
|seed|42859,38171,6988,52687
|rule|Sleep Clause Mod: Limit one foe put to sleep
|rule|Species Clause: Limit one of each Pokémon
|rule|OHKO Clause: OHKO moves are banned
|rule|Moody Clause: Moody is banned
|rule|Evasion Moves Clause: Evasion moves are banned
|rule|Endless Battle Clause: Forcing endless battles is banned
|rule|HP Percentage Mod: HP is shown in percentages
|clearpoke
|poke|p1|Electivire, M|item
|poke|p1|Garbodor, F|item
|poke|p1|Drifblim, F|item
|poke|p1|Gigalith, M|item
|poke|p1|Dewgong, M|item
|poke|p1|Magmortar, M|item
|poke|p2|Charizard, F, shiny|item
|poke|p2|Samurott, F, shiny|item
|poke|p2|Torterra, M, shiny|item
|poke|p2|Regirock, shiny|item
|poke|p2|Mesprit, shiny|item
|poke|p2|Audino, M, shiny|item
|rule|Swagger Clause: Swagger is banned
|rule|Baton Pass Clause: Limit one Baton Passer, can't pass Spe and other stats simultaneously
|teampreview
|choice|team 3, team 2, team 1, team 4, team 5, team 6|team 4, team 2, team 3, team 1, team 5, team 6
|
|start
|switch|p1a: Drifblim|Drifblim, F|441\/441
|switch|p2a: Lekgolo 🖼|Regirock, shiny|364\/364
|turn|1
|choice|move destinybond|move toxic
|
|move|p1a: Drifblim|Destiny Bond|p1a: Drifblim
|-singlemove|p1a: Drifblim|Destiny Bond
|move|p2a: Lekgolo 🖼|Toxic|p1a: Drifblim
|-status|p1a: Drifblim|tox
|
|-damage|p1a: Drifblim|414\/441 tox|[from] psn
|upkeep
|turn|2
|choice|move acrobatics|move stealthrock
|
|move|p1a: Drifblim|Acrobatics|p2a: Lekgolo 🖼
|-resisted|p2a: Lekgolo 🖼
|-damage|p2a: Lekgolo 🖼|349\/364
|move|p2a: Lekgolo 🖼|Stealth Rock|p1a: Drifblim
|-sidestart|p1: adewale|move: Stealth Rock
|
|-heal|p2a: Lekgolo 🖼|364\/364|[from] item: Leftovers
|-damage|p1a: Drifblim|360\/441 tox|[from] psn
|upkeep
|turn|3
|choice|move destinybond|move toxic
|
|move|p1a: Drifblim|Destiny Bond|p1a: Drifblim
|-singlemove|p1a: Drifblim|Destiny Bond
|move|p2a: Lekgolo 🖼|Toxic|p1a: Drifblim
|-fail|p1a: Drifblim|tox
|
|-damage|p1a: Drifblim|279\/441 tox|[from] psn
|upkeep
|turn|4
|choice|move knockoff|move toxic
|
|move|p1a: Drifblim|Knock Off|p2a: Lekgolo 🖼
|-damage|p2a: Lekgolo 🖼|327\/364
|-enditem|p2a: Lekgolo 🖼|Leftovers|[from] move: Knock Off|[of] p1a: Drifblim
|move|p2a: Lekgolo 🖼|Toxic|p1a: Drifblim
|-fail|p1a: Drifblim|tox
|
|-damage|p1a: Drifblim|171\/441 tox|[from] psn
|upkeep
|turn|5
|choice|move knockoff|move toxic
|
|move|p1a: Drifblim|Knock Off|p2a: Lekgolo 🖼
|-damage|p2a: Lekgolo 🖼|304\/364
|move|p2a: Lekgolo 🖼|Toxic|p1a: Drifblim
|-fail|p1a: Drifblim|tox
|
|-damage|p1a: Drifblim|36\/441 tox|[from] psn
|upkeep
|turn|6
|choice|move rest|move protect
|
|move|p2a: Lekgolo 🖼|Protect|p2a: Lekgolo 🖼
|-singleturn|p2a: Lekgolo 🖼|Protect
|move|p1a: Drifblim|Rest|p1a: Drifblim
|-status|p1a: Drifblim|slp
|-heal|p1a: Drifblim|441\/441 slp|[silent]
|-status|p1a: Drifblim|slp|[from] move: Rest
|
|upkeep
|turn|7
|choice|move destinybond|switch 2
|
|switch|p2a: Energy Sword 💘|Samurott, F, shiny|331\/331
|cant|p1a: Drifblim|slp
|
|upkeep
|turn|8
|choice|move destinybond|move swordsdance
|
|cant|p1a: Drifblim|slp
|move|p2a: Energy Sword 💘|Swords Dance|p2a: Energy Sword 💘
|-boost|p2a: Energy Sword 💘|atk|2
|
|upkeep
|turn|9
|choice|switch 2|move swordsdance
|
|switch|p1a: Garbodor|Garbodor, F|364\/364
|-damage|p1a: Garbodor|319\/364|[from] Stealth Rock
|move|p2a: Energy Sword 💘|Swords Dance|p2a: Energy Sword 💘
|-boost|p2a: Energy Sword 💘|atk|2
|
|upkeep
|turn|10
|choice|move thunderbolt|move waterfall
|
|move|p2a: Energy Sword 💘|Waterfall|p1a: Garbodor
|-damage|p1a: Garbodor|0 fnt
|-damage|p2a: Energy Sword 💘|249\/331|[from] ability: Aftermath|[of] p1a: Garbodor
|faint|p1a: Garbodor
|
|upkeep
|choice|switch 2|
|
|switch|p1a: Drifblim|Drifblim, F|441\/441 slp
|-damage|p1a: Drifblim|331\/441 slp|[from] Stealth Rock
|turn|11
|choice|move destinybond|move waterfall
|
|-curestatus|p1a: Drifblim|slp|[msg]
|move|p1a: Drifblim|Destiny Bond|p1a: Drifblim
|-singlemove|p1a: Drifblim|Destiny Bond
|move|p2a: Energy Sword 💘|Waterfall|p1a: Drifblim
|-damage|p1a: Drifblim|0 fnt
|-damage|p2a: Energy Sword 💘|167\/331|[from] ability: Aftermath|[of] p1a: Drifblim
|faint|p1a: Drifblim
|-activate|p1a: Drifblim|move: Destiny Bond
|faint|p2a: Energy Sword 💘
|
|upkeep
|choice|switch 3|switch 2
|
|switch|p1a: Electivire|Electivire, M|291\/291
|switch|p2a: Lekgolo 🖼|Regirock, shiny|304\/364
|-damage|p1a: Electivire|255\/291|[from] Stealth Rock
|turn|12
|choice|move crosschop|move toxic
|
|move|p1a: Electivire|Cross Chop|p2a: Lekgolo 🖼
|-supereffective|p2a: Lekgolo 🖼
|-damage|p2a: Lekgolo 🖼|206\/364
|move|p2a: Lekgolo 🖼|Toxic|p1a: Electivire
|-status|p1a: Electivire|tox
|
|-damage|p1a: Electivire|237\/291 tox|[from] psn
|upkeep
|turn|13
|choice|move icepunch|move protect
|
|move|p2a: Lekgolo 🖼|Protect|p2a: Lekgolo 🖼
|-singleturn|p2a: Lekgolo 🖼|Protect
|move|p1a: Electivire|Ice Punch|p2a: Lekgolo 🖼
|-activate|p2a: Lekgolo 🖼|move: Protect
|
|-damage|p1a: Electivire|201\/291 tox|[from] psn
|upkeep
|turn|14
|choice|move magnetrise|move stealthrock
|
|move|p1a: Electivire|Magnet Rise|p1a: Electivire
|-start|p1a: Electivire|Magnet Rise
|move|p2a: Lekgolo 🖼|Stealth Rock|p1a: Electivire
|-fail|p1a: Electivire
|
|-damage|p1a: Electivire|147\/291 tox|[from] psn
|upkeep
|turn|15
|choice|move psychic|move protect
|
|move|p2a: Lekgolo 🖼|Protect|p2a: Lekgolo 🖼
|-singleturn|p2a: Lekgolo 🖼|Protect
|move|p1a: Electivire|Psychic|p2a: Lekgolo 🖼
|-activate|p2a: Lekgolo 🖼|move: Protect
|
|-damage|p1a: Electivire|75\/291 tox|[from] psn
|upkeep
|turn|16
|choice|switch 4|switch 5
|
|switch|p1a: Gigalith|Gigalith, M|374\/374
|-damage|p1a: Gigalith|328\/374|[from] Stealth Rock
|switch|p2a: Prophet of Regret|Mesprit, shiny|364\/364
|
|-heal|p1a: Gigalith|351\/374|[from] item: Leftovers
|upkeep
|turn|17
|choice|move sandstorm|move thunderwave
|
|move|p2a: Prophet of Regret|Thunder Wave|p1a: Gigalith
|-status|p1a: Gigalith|par
|move|p1a: Gigalith|Sandstorm|p1a: Gigalith
|-weather|Sandstorm
|
|-weather|Sandstorm|[upkeep]
|-damage|p2a: Prophet of Regret|342\/364|[from] sandstorm
|-heal|p1a: Gigalith|374\/374 par|[from] item: Leftovers
|upkeep
|turn|18
|choice|move powergem|move reflect
|
|move|p2a: Prophet of Regret|Reflect|p2a: Prophet of Regret
|-sidestart|p2: BrojinSiiiiiii|Reflect
|move|p1a: Gigalith|Power Gem|p2a: Prophet of Regret
|-damage|p2a: Prophet of Regret|248\/364
|
|-weather|Sandstorm|[upkeep]
|-damage|p2a: Prophet of Regret|226\/364|[from] sandstorm
|upkeep
|turn|19
|choice|move flashcannon|move lightscreen
|
|move|p2a: Prophet of Regret|Light Screen|p2a: Prophet of Regret
|-sidestart|p2: BrojinSiiiiiii|move: Light Screen
|move|p1a: Gigalith|Flash Cannon|p2a: Prophet of Regret
|-damage|p2a: Prophet of Regret|198\/364
|
|-weather|Sandstorm|[upkeep]
|-damage|p2a: Prophet of Regret|176\/364|[from] sandstorm
|upkeep
|turn|20
|choice|move powergem|move uturn
|
|move|p2a: Prophet of Regret|U-turn|p1a: Gigalith
|-damage|p1a: Gigalith|318\/374 par
|choice||switch 6
|
|switch|p2a: Cortana ⚓|Audino, M, shiny|410\/410
|move|p1a: Gigalith|Power Gem|p2a: Cortana ⚓
|-damage|p2a: Cortana ⚓|350\/410
|
|-weather|Sandstorm|[upkeep]
|-damage|p2a: Cortana ⚓|325\/410|[from] sandstorm
|-heal|p1a: Gigalith|341\/374 par|[from] item: Leftovers
|upkeep
|turn|21
|choice|move earthquake|move calmmind mega
|
|detailschange|p2a: Cortana ⚓|Audino-Mega, M, shiny
|-mega|p2a: Cortana ⚓|Audino|Audinite
|move|p2a: Cortana ⚓|Calm Mind|p2a: Cortana ⚓
|-boost|p2a: Cortana ⚓|spa|1
|-boost|p2a: Cortana ⚓|spd|1
|move|p1a: Gigalith|Earthquake|p2a: Cortana ⚓
|-crit|p2a: Cortana ⚓
|-damage|p2a: Cortana ⚓|192\/410
|
|-weather|none
|-heal|p1a: Gigalith|364\/374 par|[from] item: Leftovers
|upkeep
|turn|22
|choice|move flashcannon|move calmmind
|
|move|p2a: Cortana ⚓|Calm Mind|p2a: Cortana ⚓
|-boost|p2a: Cortana ⚓|spa|1
|-boost|p2a: Cortana ⚓|spd|1
|move|p1a: Gigalith|Flash Cannon|p2a: Cortana ⚓
|-supereffective|p2a: Cortana ⚓
|-damage|p2a: Cortana ⚓|170\/410
|-unboost|p2a: Cortana ⚓|spd|1
|
|-heal|p1a: Gigalith|374\/374 par|[from] item: Leftovers
|upkeep
|turn|23
|choice|move earthquake|move calmmind
|
|move|p2a: Cortana ⚓|Calm Mind|p2a: Cortana ⚓
|-boost|p2a: Cortana ⚓|spa|1
|-boost|p2a: Cortana ⚓|spd|1
|move|p1a: Gigalith|Earthquake|p2a: Cortana ⚓
|-damage|p2a: Cortana ⚓|137\/410
|
|upkeep
|turn|24
|choice|move sandstorm|move calmmind
|
|move|p2a: Cortana ⚓|Calm Mind|p2a: Cortana ⚓
|-boost|p2a: Cortana ⚓|spa|1
|-boost|p2a: Cortana ⚓|spd|1
|cant|p1a: Gigalith|par
|
|upkeep
|turn|25
|choice|move sandstorm|move calmmind
|
|move|p2a: Cortana ⚓|Calm Mind|p2a: Cortana ⚓
|-boost|p2a: Cortana ⚓|spa|1
|-boost|p2a: Cortana ⚓|spd|1
|move|p1a: Gigalith|Sandstorm|p1a: Gigalith
|-weather|Sandstorm
|
|-weather|Sandstorm|[upkeep]
|-damage|p2a: Cortana ⚓|112\/410|[from] sandstorm
|-sideend|p2: BrojinSiiiiiii|Reflect
|upkeep
|turn|26
|choice|move earthquake|move drainingkiss
|
|move|p2a: Cortana ⚓|Draining Kiss|p1a: Gigalith
|-damage|p1a: Gigalith|254\/374 par
|-heal|p2a: Cortana ⚓|202\/410|[from] drain|[of] p1a: Gigalith
|move|p1a: Gigalith|Earthquake|p2a: Cortana ⚓
|-damage|p2a: Cortana ⚓|118\/410
|
|-weather|Sandstorm|[upkeep]
|-damage|p2a: Cortana ⚓|93\/410|[from] sandstorm
|-heal|p1a: Gigalith|277\/374 par|[from] item: Leftovers
|-sideend|p2: BrojinSiiiiiii|move: Light Screen
|upkeep
|turn|27
|choice|move flashcannon|move drainingkiss
|
|move|p2a: Cortana ⚓|Draining Kiss|p1a: Gigalith
|-damage|p1a: Gigalith|144\/374 par
|-heal|p2a: Cortana ⚓|193\/410|[from] drain|[of] p1a: Gigalith
|cant|p1a: Gigalith|par
|
|-weather|Sandstorm|[upkeep]
|-damage|p2a: Cortana ⚓|168\/410|[from] sandstorm
|-heal|p1a: Gigalith|167\/374 par|[from] item: Leftovers
|upkeep
|turn|28
|choice|move earthquake|move drainingkiss
|
|move|p2a: Cortana ⚓|Draining Kiss|p1a: Gigalith
|-damage|p1a: Gigalith|47\/374 par
|-heal|p2a: Cortana ⚓|258\/410|[from] drain|[of] p1a: Gigalith
|move|p1a: Gigalith|Earthquake|p2a: Cortana ⚓
|-damage|p2a: Cortana ⚓|169\/410
|
|-weather|Sandstorm|[upkeep]
|-damage|p2a: Cortana ⚓|144\/410|[from] sandstorm
|-heal|p1a: Gigalith|70\/374 par|[from] item: Leftovers
|upkeep
|turn|29
|choice|move earthquake|move drainingkiss
|
|move|p2a: Cortana ⚓|Draining Kiss|p1a: Gigalith
|-damage|p1a: Gigalith|0 fnt
|-heal|p2a: Cortana ⚓|197\/410|[from] drain|[of] p1a: Gigalith
|faint|p1a: Gigalith
|
|-weather|none
|upkeep
|choice|switch 4|
|
|switch|p1a: Electivire|Electivire, M|75\/291 tox
|-damage|p1a: Electivire|39\/291 tox|[from] Stealth Rock
|turn|30
|choice|move psychic|move drainingkiss
|
|move|p1a: Electivire|Psychic|p2a: Cortana ⚓
|-damage|p2a: Cortana ⚓|176\/410
|move|p2a: Cortana ⚓|Draining Kiss|p1a: Electivire
|-damage|p1a: Electivire|0 fnt
|-heal|p2a: Cortana ⚓|206\/410|[from] drain|[of] p1a: Electivire
|faint|p1a: Electivire
|
|upkeep
|c|★BrojinSiiiiiii|Why would u do that
|choice|switch 5|
|
|switch|p1a: Dewgong|Dewgong, M|384\/384
|-damage|p1a: Dewgong|288\/384|[from] Stealth Rock
|turn|31
|choice|move perishsong|move drainingkiss
|
|move|p1a: Dewgong|Perish Song|p1a: Dewgong
|-start|p1a: Dewgong|perish3|[silent]
|-start|p2a: Cortana ⚓|perish3|[silent]
|-fieldactivate|move: Perish Song
|move|p2a: Cortana ⚓|Draining Kiss|p1a: Dewgong
|-damage|p1a: Dewgong|168\/384
|-heal|p2a: Cortana ⚓|296\/410|[from] drain|[of] p1a: Dewgong
|
|-start|p1a: Dewgong|perish3
|-start|p2a: Cortana ⚓|perish3
|-heal|p1a: Dewgong|192\/384|[from] item: Leftovers
|upkeep
|turn|32
|choice|move drillrun|move drainingkiss
|
|move|p1a: Dewgong|Drill Run|p2a: Cortana ⚓
|-damage|p2a: Cortana ⚓|262\/410
|move|p2a: Cortana ⚓|Draining Kiss|p1a: Dewgong
|-damage|p1a: Dewgong|59\/384
|-heal|p2a: Cortana ⚓|362\/410|[from] drain|[of] p1a: Dewgong
|
|-start|p1a: Dewgong|perish2
|-start|p2a: Cortana ⚓|perish2
|-heal|p1a: Dewgong|83\/384|[from] item: Leftovers
|upkeep
|turn|33
|choice|move surf|move drainingkiss
|
|move|p1a: Dewgong|Surf|p2a: Cortana ⚓
|-crit|p2a: Cortana ⚓
|-damage|p2a: Cortana ⚓|269\/410
|move|p2a: Cortana ⚓|Draining Kiss|p1a: Dewgong
|-damage|p1a: Dewgong|0 fnt
|-heal|p2a: Cortana ⚓|332\/410|[from] drain|[of] p1a: Dewgong
|faint|p1a: Dewgong
|
|-start|p2a: Cortana ⚓|perish1
|upkeep
|choice|switch 6|
|
|switch|p1a: Magmortar|Magmortar, M|344\/344
|-damage|p1a: Magmortar|258\/344|[from] Stealth Rock
|-item|p1a: Magmortar|Air Balloon
|turn|34
|choice|move sunnyday|switch 5
|
|switch|p2a: Lekgolo 🖼|Regirock, shiny|206\/364
|move|p1a: Magmortar|Sunny Day|p1a: Magmortar
|-weather|SunnyDay
|
|-weather|SunnyDay|[upkeep]
|upkeep
|turn|35
|choice|move solarbeam|move toxic
|
|move|p1a: Magmortar|Solar Beam|p2a: Lekgolo 🖼|[still]
|-prepare|p1a: Magmortar|Solar Beam|p2a: Lekgolo 🖼
|-anim|p1a: Magmortar|Solar Beam|p2a: Lekgolo 🖼
|-supereffective|p2a: Lekgolo 🖼
|-damage|p2a: Lekgolo 🖼|0 fnt
|faint|p2a: Lekgolo 🖼
|
|-weather|SunnyDay|[upkeep]
|upkeep
|choice||switch 6
|
|switch|p2a: Prophet of Regret|Mesprit, shiny|176\/364
|turn|36
|choice|move fireblast|move thunderwave
|
|move|p1a: Magmortar|Fire Blast|p2a: Prophet of Regret
|-damage|p2a: Prophet of Regret|0 fnt
|faint|p2a: Prophet of Regret
|
|-weather|SunnyDay|[upkeep]
|upkeep
|choice||switch 4
|
|switch|p2a: Banshee 🔥|Charizard, F, shiny|297\/297
|turn|37
|choice|move fireblast|move airslash
|
|move|p2a: Banshee 🔥|Air Slash|p1a: Magmortar
|-damage|p1a: Magmortar|124\/344
|-enditem|p1a: Magmortar|Air Balloon
|-damage|p2a: Banshee 🔥|268\/297|[from] item: Life Orb
|move|p1a: Magmortar|Fire Blast|p2a: Banshee 🔥
|-resisted|p2a: Banshee 🔥
|-damage|p2a: Banshee 🔥|133\/297
|
|-weather|SunnyDay|[upkeep]
|upkeep
|turn|38
|choice|move fireblast|move airslash
|
|move|p2a: Banshee 🔥|Air Slash|p1a: Magmortar
|-damage|p1a: Magmortar|2\/344
|-damage|p2a: Banshee 🔥|104\/297|[from] item: Life Orb
|move|p1a: Magmortar|Fire Blast|p2a: Banshee 🔥
|-resisted|p2a: Banshee 🔥
|-damage|p2a: Banshee 🔥|0 fnt
|faint|p2a: Banshee 🔥
|
|-weather|none
|upkeep
|choice||switch 5
|
|switch|p2a: Cortana ⚓|Audino-Mega, M, shiny|332\/410
|turn|39
|choice|move fireblast|move drainingkiss
|
|move|p1a: Magmortar|Fire Blast|p2a: Cortana ⚓
|-damage|p2a: Cortana ⚓|214\/410
|move|p2a: Cortana ⚓|Draining Kiss|p1a: Magmortar
|-resisted|p1a: Magmortar
|-damage|p1a: Magmortar|0 fnt
|-heal|p2a: Cortana ⚓|216\/410|[from] drain|[of] p1a: Magmortar
|faint|p1a: Magmortar
|
|win|BrojinSiiiiiii
|player|p1
|player|p2
|c|★adewale|gg</script>
</div>
<div class="battle-log battle-log-inline"><div class="inner"><div class="battle-options"></div><div class="inner"><div class="chat"><small>adewale joined.</small></div><div class="chat"><small>BrojinSiiiiiii joined.</small></div><div class=""><small>Format:</small> <br><strong>NU</strong></div><div class="rated"><strong>Rated battle</strong></div><div class=""><small><em>Sleep Clause Mod:</em> Limit one foe put to sleep</small></div><div class=""><small><em>Species Clause:</em> Limit one of each Pokémon</small></div><div class=""><small><em>OHKO Clause:</em> OHKO moves are banned</small></div><div class=""><small><em>Moody Clause:</em> Moody is banned</small></div><div class=""><small><em>Evasion Moves Clause:</em> Evasion moves are banned</small></div><div class=""><small><em>Endless Battle Clause:</em> Forcing endless battles is banned</small></div><div class=""><small><em>HP Percentage Mod:</em> HP is shown in percentages</small></div><div class=""><small><em>Swagger Clause:</em> Swagger is banned</small></div><div class=""><small><em>Baton Pass Clause:</em> Limit one Baton Passer, can't pass Spe and other stats simultaneously</small></div><div class="chat battle-history"><strong>adewale's team:</strong> <em style="color:#445566;display:block;">Electivire / Garbodor / Drifblim / Gigalith / Dewgong / Magmortar</em></div><div class="chat battle-history"><strong>BrojinSiiiiiii's team:</strong> <em style="color:#445566;display:block;">Charizard / Samurott / Torterra / Regirock / Mesprit / Audino</em></div><div class="spacer battle-history"><br></div><div class="battle-history">Battle started between adewale and BrojinSiiiiiii!<br></div><div class="spacer battle-history"><br></div><div class="battle-history">Go! <strong>Drifblim</strong>!<br></div><div class="spacer battle-history"><br></div><div class="battle-history">BrojinSiiiiiii sent out Lekgolo 🖼 (<strong>Regirock</strong>)!<br></div><div class="spacer battle-history"><br></div><h2 class="battle-history">Turn 1</h2><div class="spacer battle-history"><br></div><div class="battle-history">Drifblim used <strong>Destiny Bond</strong>!<br></div><div class="battle-history">Drifblim is hoping to take its attacker down with it!<br></div><div class="spacer battle-history"><br></div><div class="battle-history">The opposing Lekgolo 🖼 used <strong>Toxic</strong>!<br></div><div class="battle-history"><small>Drifblim was badly poisoned!</small><br></div><div class="spacer battle-history"><br></div><div class="battle-history"><small>Drifblim was hurt by poison!</small><br></div><div class="spacer battle-history"><br></div><h2 class="battle-history">Turn 2</h2><div class="spacer battle-history"><br></div><div class="battle-history">Drifblim used <strong>Acrobatics</strong>!<br></div><div class="battle-history"><small>It's not very effective...</small><br></div><div class="battle-history"><small>(The opposing Lekgolo 🖼 lost <abbr title="−15/364">4.1%</abbr> of its health!)</small><br></div><div class="spacer battle-history"><br></div><div class="battle-history">The opposing Lekgolo 🖼 used <strong>Stealth Rock</strong>!<br></div><div class="battle-history"><small>Pointed stones float in the air around your team!</small><br></div><div class="spacer battle-history"><br></div><div class="battle-history"><small>The opposing Lekgolo 🖼 restored a little HP using its Leftovers!</small><br></div><div class="battle-history"><small>Drifblim was hurt by poison!</small><br></div><div class="spacer battle-history"><br></div><h2 class="battle-history">Turn 3</h2><div class="spacer battle-history"><br></div><div class="battle-history">Drifblim used <strong>Destiny Bond</strong>!<br></div><div class="battle-history">Drifblim is hoping to take its attacker down with it!<br></div><div class="spacer battle-history"><br></div><div class="battle-history">The opposing Lekgolo 🖼 used <strong>Toxic</strong>!<br></div><div class="battle-history"><small>But it failed!</small><br></div><div class="spacer battle-history"><br></div><div class="battle-history"><small>Drifblim was hurt by poison!</small><br></div><div class="spacer battle-history"><br></div><h2 class="battle-history">Turn 4</h2><div class="spacer battle-history"><br></div><div class="battle-history">Drifblim used <strong>Knock Off</strong>!<br></div><div class="battle-history"><small>(The opposing Lekgolo 🖼 lost <abbr title="−37/364">10.2%</abbr> of its health!)</small><br></div><div class="battle-history"><small>Drifblim knocked off the opposing Lekgolo 🖼's Leftovers!</small><br></div><div class="spacer battle-history"><br></div><div class="battle-history">The opposing Lekgolo 🖼 used <strong>Toxic</strong>!<br></div><div class="battle-history"><small>But it failed!</small><br></div><div class="spacer battle-history"><br></div><div class="battle-history"><small>Drifblim was hurt by poison!</small><br></div><div class="spacer battle-history"><br></div><h2 class="battle-history">Turn 5</h2><div class="spacer battle-history"><br></div><div class="battle-history">Drifblim used <strong>Knock Off</strong>!<br></div><div class="battle-history"><small>(The opposing Lekgolo 🖼 lost <abbr title="−23/364">6.3%</abbr> of its health!)</small><br></div><div class="spacer battle-history"><br></div><div class="battle-history">The opposing Lekgolo 🖼 used <strong>Toxic</strong>!<br></div><div class="battle-history"><small>But it failed!</small><br></div><div class="spacer battle-history"><br></div><div class="battle-history"><small>Drifblim was hurt by poison!</small><br></div><div class="spacer battle-history"><br></div><h2 class="battle-history">Turn 6</h2><div class="spacer battle-history"><br></div><div class="battle-history">The opposing Lekgolo 🖼 used <strong>Protect</strong>!<br></div><div class="battle-history"><small>The opposing Lekgolo 🖼 protected itself!</small><br></div><div class="spacer battle-history"><br></div><div class="battle-history">Drifblim used <strong>Rest</strong>!<br></div><div class="battle-history"><small>Drifblim fell asleep!</small><br></div><div class="battle-history"><small>Drifblim slept and became healthy!</small><br></div><div class="spacer battle-history"><br></div><h2 class="battle-history">Turn 7</h2><div class="spacer battle-history"><br></div><div class="battle-history">BrojinSiiiiiii withdrew Lekgolo 🖼!<br></div><div class="battle-history">BrojinSiiiiiii sent out Energy Sword 💘 (<strong>Samurott</strong>)!<br></div><div class="spacer battle-history"><br></div><div class="battle-history">Drifblim is fast asleep.<br></div><div class="spacer battle-history"><br></div><h2 class="battle-history">Turn 8</h2><div class="spacer battle-history"><br></div><div class="battle-history">Drifblim is fast asleep.<br></div><div class="spacer battle-history"><br></div><div class="battle-history">The opposing Energy Sword 💘 used <strong>Swords Dance</strong>!<br></div><div class="battle-history"><small>The opposing Energy Sword 💘's Attack rose sharply!</small><br></div><div class="spacer battle-history"><br></div><h2 class="battle-history">Turn 9</h2><div class="spacer battle-history"><br></div><div class="battle-history">Drifblim, come back!<br></div><div class="battle-history">Go! <strong>Garbodor</strong>!<br></div><div class="battle-history"><small>Pointed stones dug into Garbodor!</small><br></div><div class="spacer battle-history"><br></div><div class="battle-history">The opposing Energy Sword 💘 used <strong>Swords Dance</strong>!<br></div><div class="battle-history"><small>The opposing Energy Sword 💘's Attack rose sharply!</small><br></div><div class="spacer battle-history"><br></div><h2 class="battle-history">Turn 10</h2><div class="spacer battle-history"><br></div><div class="battle-history">The opposing Energy Sword 💘 used <strong>Waterfall</strong>!<br></div><div class="battle-history"><small>(Garbodor lost <abbr title="−319/364">87.6%</abbr> of its health!)</small><br></div><div class="battle-history"><small>[Garbodor's Aftermath]</small><br><small>The opposing Energy Sword 💘 is hurt!</small><br></div><div class="spacer battle-history"><br></div><div class="battle-history">Garbodor fainted!<br></div><div class="spacer battle-history"><br></div><div class="battle-history">Go! <strong>Drifblim</strong>!<br></div><div class="battle-history"><small>Pointed stones dug into Drifblim!</small><br></div><div class="spacer battle-history"><br></div><h2 class="battle-history">Turn 11</h2><div class="spacer battle-history"><br></div><div class="battle-history"><small>Drifblim woke up!</small><br></div><div class="spacer battle-history"><br></div><div class="battle-history">Drifblim used <strong>Destiny Bond</strong>!<br></div><div class="battle-history">Drifblim is hoping to take its attacker down with it!<br></div><div class="spacer battle-history"><br></div><div class="battle-history">The opposing Energy Sword 💘 used <strong>Waterfall</strong>!<br></div><div class="battle-history"><small>(Drifblim lost <abbr title="−331/441">75.1%</abbr> of its health!)</small><br></div><div class="battle-history"><small>[Drifblim's Aftermath]</small><br><small>The opposing Energy Sword 💘 is hurt!</small><br></div><div class="spacer battle-history"><br></div><div class="battle-history">Drifblim fainted!<br></div><div class="battle-history"><small>Drifblim took its attacker down with it!</small><br></div><div class="spacer battle-history"><br></div><div class="battle-history">The opposing Energy Sword 💘 fainted!<br></div><div class="spacer battle-history"><br></div><div class="battle-history">Go! <strong>Electivire</strong>!<br></div><div class="spacer battle-history"><br></div><div class="battle-history">BrojinSiiiiiii sent out Lekgolo 🖼 (<strong>Regirock</strong>)!<br></div><div class="battle-history"><small>Pointed stones dug into Electivire!</small><br></div><div class="spacer battle-history"><br></div><h2 class="battle-history">Turn 12</h2><div class="spacer battle-history"><br></div><div class="battle-history">Electivire used <strong>Cross Chop</strong>!<br></div><div class="battle-history"><small>It's super effective!</small><br></div><div class="battle-history"><small>(The opposing Lekgolo 🖼 lost <abbr title="−98/364">26.9%</abbr> of its health!)</small><br></div><div class="spacer battle-history"><br></div><div class="battle-history">The opposing Lekgolo 🖼 used <strong>Toxic</strong>!<br></div><div class="battle-history"><small>Electivire was badly poisoned!</small><br></div><div class="spacer battle-history"><br></div><div class="battle-history"><small>Electivire was hurt by poison!</small><br></div><div class="spacer battle-history"><br></div><h2 class="battle-history">Turn 13</h2><div class="spacer battle-history"><br></div><div class="battle-history">The opposing Lekgolo 🖼 used <strong>Protect</strong>!<br></div><div class="battle-history"><small>The opposing Lekgolo 🖼 protected itself!</small><br></div><div class="spacer battle-history"><br></div><div class="battle-history">Electivire used <strong>Ice Punch</strong>!<br></div><div class="battle-history"><small>The opposing Lekgolo 🖼 protected itself!</small><br></div><div class="spacer battle-history"><br></div><div class="battle-history"><small>Electivire was hurt by poison!</small><br></div><div class="spacer battle-history"><br></div><h2 class="battle-history">Turn 14</h2><div class="spacer battle-history"><br></div><div class="battle-history">Electivire used <strong>Magnet Rise</strong>!<br></div><div class="battle-history"><small>Electivire levitated with electromagnetism!</small><br></div><div class="spacer battle-history"><br></div><div class="battle-history">The opposing Lekgolo 🖼 used <strong>Stealth Rock</strong>!<br></div><div class="battle-history"><small>But it failed!</small><br></div><div class="spacer battle-history"><br></div><div class="battle-history"><small>Electivire was hurt by poison!</small><br></div><div class="spacer battle-history"><br></div><h2 class="battle-history">Turn 15</h2><div class="spacer battle-history"><br></div><div class="battle-history">The opposing Lekgolo 🖼 used <strong>Protect</strong>!<br></div><div class="battle-history"><small>The opposing Lekgolo 🖼 protected itself!</small><br></div><div class="spacer battle-history"><br></div><div class="battle-history">Electivire used <strong>Psychic</strong>!<br></div><div class="battle-history"><small>The opposing Lekgolo 🖼 protected itself!</small><br></div><div class="spacer battle-history"><br></div><div class="battle-history"><small>Electivire was hurt by poison!</small><br></div><div class="spacer battle-history"><br></div><h2 class="battle-history">Turn 16</h2><div class="spacer battle-history"><br></div><div class="battle-history">Electivire, come back!<br></div><div class="battle-history">Go! <strong>Gigalith</strong>!<br></div><div class="battle-history"><small>Pointed stones dug into Gigalith!</small><br></div><div class="spacer battle-history"><br></div><div class="battle-history">BrojinSiiiiiii withdrew Lekgolo 🖼!<br></div><div class="battle-history">BrojinSiiiiiii sent out Prophet of Regret (<strong>Mesprit</strong>)!<br></div><div class="spacer battle-history"><br></div><div class="battle-history"><small>Gigalith restored a little HP using its Leftovers!</small><br></div><div class="spacer battle-history"><br></div><h2 class="battle-history">Turn 17</h2><div class="spacer battle-history"><br></div><div class="battle-history">The opposing Prophet of Regret used <strong>Thunder Wave</strong>!<br></div><div class="battle-history"><small>Gigalith is paralyzed! It may be unable to move!</small><br></div><div class="spacer battle-history"><br></div><div class="battle-history">Gigalith used <strong>Sandstorm</strong>!<br></div><div class="battle-history"><small>A sandstorm kicked up!</small><br></div><div class="spacer battle-history"><br></div><div class="battle-history"><small>The sandstorm is raging.</small><br></div><div class="battle-history"><small>The opposing Prophet of Regret is buffeted by the sandstorm!</small><br></div><div class="battle-history"><small>Gigalith restored a little HP using its Leftovers!</small><br></div><div class="spacer battle-history"><br></div><h2 class="battle-history">Turn 18</h2><div class="spacer battle-history"><br></div><div class="battle-history">The opposing Prophet of Regret used <strong>Reflect</strong>!<br></div><div class="battle-history"><small>Reflect made the opposing team stronger against physical moves!</small><br></div><div class="spacer battle-history"><br></div><div class="battle-history">Gigalith used <strong>Power Gem</strong>!<br></div><div class="battle-history"><small>(The opposing Prophet of Regret lost <abbr title="−94/364">25.8%</abbr> of its health!)</small><br></div><div class="spacer battle-history"><br></div><div class="battle-history"><small>The sandstorm is raging.</small><br></div><div class="battle-history"><small>The opposing Prophet of Regret is buffeted by the sandstorm!</small><br></div><div class="spacer battle-history"><br></div><h2 class="battle-history">Turn 19</h2><div class="spacer battle-history"><br></div><div class="battle-history">The opposing Prophet of Regret used <strong>Light Screen</strong>!<br></div><div class="battle-history"><small>Light Screen made the opposing team stronger against special moves!</small><br></div><div class="spacer battle-history"><br></div><div class="battle-history">Gigalith used <strong>Flash Cannon</strong>!<br></div><div class="battle-history"><small>(The opposing Prophet of Regret lost <abbr title="−28/364">7.7%</abbr> of its health!)</small><br></div><div class="spacer battle-history"><br></div><div class="battle-history"><small>The sandstorm is raging.</small><br></div><div class="battle-history"><small>The opposing Prophet of Regret is buffeted by the sandstorm!</small><br></div><div class="spacer battle-history"><br></div><h2 class="battle-history">Turn 20</h2><div class="spacer battle-history"><br></div><div class="battle-history">The opposing Prophet of Regret used <strong>U-turn</strong>!<br></div><div class="battle-history"><small>(Gigalith lost <abbr title="−56/374">15.0%</abbr> of its health!)</small><br></div><div class="spacer battle-history"><br></div><div class="battle-history">The opposing Prophet of Regret went back to BrojinSiiiiiii!<br></div><div class="battle-history">BrojinSiiiiiii sent out Cortana ⚓ (<strong>Audino</strong>)!<br></div><div class="spacer battle-history"><br></div><div class="battle-history">Gigalith used <strong>Power Gem</strong>!<br></div><div class="battle-history"><small>(The opposing Cortana ⚓ lost <abbr title="−60/410">14.6%</abbr> of its health!)</small><br></div><div class="spacer battle-history"><br></div><div class="battle-history"><small>The sandstorm is raging.</small><br></div><div class="battle-history"><small>The opposing Cortana ⚓ is buffeted by the sandstorm!</small><br></div><div class="battle-history"><small>Gigalith restored a little HP using its Leftovers!</small><br></div><div class="spacer battle-history"><br></div><h2 class="battle-history">Turn 21</h2><div class="spacer battle-history"><br></div><div class="battle-history"><small>The opposing Cortana ⚓'s Audinite is reacting to BrojinSiiiiiii's Mega Bracelet!</small><br>The opposing Cortana ⚓ has Mega Evolved into Mega Audino!<br></div><div class="spacer battle-history"><br></div><div class="battle-history">The opposing Cortana ⚓ used <strong>Calm Mind</strong>!<br></div><div class="battle-history"><small>The opposing Cortana ⚓'s Special Attack rose!</small><br></div><div class="battle-history"><small>The opposing Cortana ⚓'s Special Defense rose!</small><br></div><div class="spacer battle-history"><br></div><div class="battle-history">Gigalith used <strong>Earthquake</strong>!<br></div><div class="battle-history"><small>A critical hit!</small><br></div><div class="battle-history"><small>(The opposing Cortana ⚓ lost <abbr title="−133/410">32.4%</abbr> of its health!)</small><br></div><div class="spacer battle-history"><br></div><div class="battle-history"><small>The sandstorm subsided.</small><br></div><div class="battle-history"><small>Gigalith restored a little HP using its Leftovers!</small><br></div><div class="spacer battle-history"><br></div><h2 class="battle-history">Turn 22</h2><div class="spacer battle-history"><br></div><div class="battle-history">The opposing Cortana ⚓ used <strong>Calm Mind</strong>!<br></div><div class="battle-history"><small>The opposing Cortana ⚓'s Special Attack rose!</small><br></div><div class="battle-history"><small>The opposing Cortana ⚓'s Special Defense rose!</small><br></div><div class="spacer battle-history"><br></div><div class="battle-history">Gigalith used <strong>Flash Cannon</strong>!<br></div><div class="battle-history"><small>It's super effective!</small><br></div><div class="battle-history"><small>(The opposing Cortana ⚓ lost <abbr title="−22/410">5.4%</abbr> of its health!)</small><br></div><div class="battle-history"><small>The opposing Cortana ⚓'s Special Defense fell!</small><br></div><div class="spacer battle-history"><br></div><div class="battle-history"><small>Gigalith restored a little HP using its Leftovers!</small><br></div><div class="spacer battle-history"><br></div><h2 class="battle-history">Turn 23</h2><div class="spacer battle-history"><br></div><div class="battle-history">The opposing Cortana ⚓ used <strong>Calm Mind</strong>!<br></div><div class="battle-history"><small>The opposing Cortana ⚓'s Special Attack rose!</small><br></div><div class="battle-history"><small>The opposing Cortana ⚓'s Special Defense rose!</small><br></div><div class="spacer battle-history"><br></div><div class="battle-history">Gigalith used <strong>Earthquake</strong>!<br></div><div class="battle-history"><small>(The opposing Cortana ⚓ lost <abbr title="−33/410">8.0%</abbr> of its health!)</small><br></div><div class="spacer battle-history"><br></div><h2 class="battle-history">Turn 24</h2><div class="spacer battle-history"><br></div><div class="battle-history">The opposing Cortana ⚓ used <strong>Calm Mind</strong>!<br></div><div class="battle-history"><small>The opposing Cortana ⚓'s Special Attack rose!</small><br></div><div class="battle-history"><small>The opposing Cortana ⚓'s Special Defense rose!</small><br></div><div class="spacer battle-history"><br></div><div class="battle-history">Gigalith is paralyzed! It can't move!<br></div><div class="spacer battle-history"><br></div><h2 class="battle-history">Turn 25</h2><div class="spacer battle-history"><br></div><div class="battle-history">The opposing Cortana ⚓ used <strong>Calm Mind</strong>!<br></div><div class="battle-history"><small>The opposing Cortana ⚓'s Special Attack rose!</small><br></div><div class="battle-history"><small>The opposing Cortana ⚓'s Special Defense rose!</small><br></div><div class="spacer battle-history"><br></div><div class="battle-history">Gigalith used <strong>Sandstorm</strong>!<br></div><div class="battle-history"><small>A sandstorm kicked up!</small><br></div><div class="spacer battle-history"><br></div><div class="battle-history"><small>The sandstorm is raging.</small><br></div><div class="battle-history"><small>The opposing Cortana ⚓ is buffeted by the sandstorm!</small><br></div><div class="battle-history"><small>The opposing team's Reflect wore off!</small><br></div><div class="spacer battle-history"><br></div><h2 class="battle-history">Turn 26</h2><div class="spacer battle-history"><br></div><div class="battle-history">The opposing Cortana ⚓ used <strong>Draining Kiss</strong>!<br></div><div class="battle-history"><small>(Gigalith lost <abbr title="−120/374">32.1%</abbr> of its health!)</small><br></div><div class="battle-history"><small>Gigalith had its energy drained!</small><br></div><div class="spacer battle-history"><br></div><div class="battle-history">Gigalith used <strong>Earthquake</strong>!<br></div><div class="battle-history"><small>(The opposing Cortana ⚓ lost <abbr title="−84/410">20.5%</abbr> of its health!)</small><br></div><div class="spacer battle-history"><br></div><div class="battle-history"><small>The sandstorm is raging.</small><br></div><div class="battle-history"><small>The opposing Cortana ⚓ is buffeted by the sandstorm!</small><br></div><div class="battle-history"><small>Gigalith restored a little HP using its Leftovers!</small><br></div><div class="battle-history"><small>The opposing team's Light Screen wore off!</small><br></div><div class="spacer battle-history"><br></div><h2 class="battle-history">Turn 27</h2><div class="spacer battle-history"><br></div><div class="battle-history">The opposing Cortana ⚓ used <strong>Draining Kiss</strong>!<br></div><div class="battle-history"><small>(Gigalith lost <abbr title="−133/374">35.6%</abbr> of its health!)</small><br></div><div class="battle-history"><small>Gigalith had its energy drained!</small><br></div><div class="spacer battle-history"><br></div><div class="battle-history">Gigalith is paralyzed! It can't move!<br></div><div class="spacer battle-history"><br></div><div class="battle-history"><small>The sandstorm is raging.</small><br></div><div class="battle-history"><small>The opposing Cortana ⚓ is buffeted by the sandstorm!</small><br></div><div class="battle-history"><small>Gigalith restored a little HP using its Leftovers!</small><br></div><div class="spacer battle-history"><br></div><h2 class="battle-history">Turn 28</h2><div class="spacer battle-history"><br></div><div class="battle-history">The opposing Cortana ⚓ used <strong>Draining Kiss</strong>!<br></div><div class="battle-history"><small>(Gigalith lost <abbr title="−120/374">32.1%</abbr> of its health!)</small><br></div><div class="battle-history"><small>Gigalith had its energy drained!</small><br></div><div class="spacer battle-history"><br></div><div class="battle-history">Gigalith used <strong>Earthquake</strong>!<br></div><div class="battle-history"><small>(The opposing Cortana ⚓ lost <abbr title="−89/410">21.7%</abbr> of its health!)</small><br></div><div class="spacer battle-history"><br></div><div class="battle-history"><small>The sandstorm is raging.</small><br></div><div class="battle-history"><small>The opposing Cortana ⚓ is buffeted by the sandstorm!</small><br></div><div class="battle-history"><small>Gigalith restored a little HP using its Leftovers!</small><br></div><div class="spacer battle-history"><br></div><h2 class="battle-history">Turn 29</h2><div class="spacer battle-history"><br></div><div class="battle-history">The opposing Cortana ⚓ used <strong>Draining Kiss</strong>!<br></div><div class="battle-history"><small>(Gigalith lost <abbr title="−70/374">18.7%</abbr> of its health!)</small><br></div><div class="battle-history"><small>Gigalith had its energy drained!</small><br></div><div class="spacer battle-history"><br></div><div class="battle-history">Gigalith fainted!<br></div><div class="spacer battle-history"><br></div><div class="battle-history"><small>The sandstorm subsided.</small><br></div><div class="spacer battle-history"><br></div><div class="battle-history">Go! <strong>Electivire</strong>!<br></div><div class="battle-history"><small>Pointed stones dug into Electivire!</small><br></div><div class="spacer battle-history"><br></div><h2 class="battle-history">Turn 30</h2><div class="spacer battle-history"><br></div><div class="battle-history">Electivire used <strong>Psychic</strong>!<br></div><div class="battle-history"><small>(The opposing Cortana ⚓ lost <abbr title="−21/410">5.1%</abbr> of its health!)</small><br></div><div class="spacer battle-history"><br></div><div class="battle-history">The opposing Cortana ⚓ used <strong>Draining Kiss</strong>!<br></div><div class="battle-history"><small>(Electivire lost <abbr title="−39/291">13.4%</abbr> of its health!)</small><br></div><div class="battle-history"><small>Electivire had its energy drained!</small><br></div><div class="spacer battle-history"><br></div><div class="battle-history">Electivire fainted!<br></div><div class="chat chatmessage-brojinsiiiiiii"><strong style="color:hsl(17,50%,43.337191439858344%)"><small>★</small><span class="username" data-name="BrojinSiiiiiii">BrojinSiiiiiii</span>:</strong> <em>Why would u do that</em></div><div class="spacer battle-history"><br></div><div class="battle-history">Go! <strong>Dewgong</strong>!<br></div><div class="battle-history"><small>Pointed stones dug into Dewgong!</small><br></div><div class="spacer battle-history"><br></div><h2 class="battle-history">Turn 31</h2><div class="spacer battle-history"><br></div><div class="battle-history">Dewgong used <strong>Perish Song</strong>!<br></div><div class="battle-history"><small>All Pokémon that heard the song will faint in three turns!</small><br></div><div class="spacer battle-history"><br></div><div class="battle-history">The opposing Cortana ⚓ used <strong>Draining Kiss</strong>!<br></div><div class="battle-history"><small>(Dewgong lost <abbr title="−120/384">31.3%</abbr> of its health!)</small><br></div><div class="battle-history"><small>Dewgong had its energy drained!</small><br></div><div class="spacer battle-history"><br></div><div class="battle-history"><small>Dewgong's perish count fell to 3.</small><br></div><div class="battle-history"><small>The opposing Cortana ⚓'s perish count fell to 3.</small><br></div><div class="battle-history"><small>Dewgong restored a little HP using its Leftovers!</small><br></div><div class="spacer battle-history"><br></div><h2 class="battle-history">Turn 32</h2><div class="spacer battle-history"><br></div><div class="battle-history">Dewgong used <strong>Drill Run</strong>!<br></div><div class="battle-history"><small>(The opposing Cortana ⚓ lost <abbr title="−34/410">8.3%</abbr> of its health!)</small><br></div><div class="spacer battle-history"><br></div><div class="battle-history">The opposing Cortana ⚓ used <strong>Draining Kiss</strong>!<br></div><div class="battle-history"><small>(Dewgong lost <abbr title="−133/384">34.6%</abbr> of its health!)</small><br></div><div class="battle-history"><small>Dewgong had its energy drained!</small><br></div><div class="spacer battle-history"><br></div><div class="battle-history"><small>Dewgong's perish count fell to 2.</small><br></div><div class="battle-history"><small>The opposing Cortana ⚓'s perish count fell to 2.</small><br></div><div class="battle-history"><small>Dewgong restored a little HP using its Leftovers!</small><br></div><div class="spacer battle-history"><br></div><h2 class="battle-history">Turn 33</h2><div class="spacer battle-history"><br></div><div class="battle-history">Dewgong used <strong>Surf</strong>!<br></div><div class="battle-history"><small>A critical hit!</small><br></div><div class="battle-history"><small>(The opposing Cortana ⚓ lost <abbr title="−93/410">22.7%</abbr> of its health!)</small><br></div><div class="spacer battle-history"><br></div><div class="battle-history">The opposing Cortana ⚓ used <strong>Draining Kiss</strong>!<br></div><div class="battle-history"><small>(Dewgong lost <abbr title="−83/384">21.6%</abbr> of its health!)</small><br></div><div class="battle-history"><small>Dewgong had its energy drained!</small><br></div><div class="spacer battle-history"><br></div><div class="battle-history">Dewgong fainted!<br></div><div class="spacer battle-history"><br></div><div class="battle-history"><small>The opposing Cortana ⚓'s perish count fell to 1.</small><br></div><div class="spacer battle-history"><br></div><div class="battle-history">Go! <strong>Magmortar</strong>!<br></div><div class="battle-history"><small>Pointed stones dug into Magmortar!</small><br></div><div class="battle-history"><small>Magmortar floats in the air with its Air Balloon!</small><br></div><div class="spacer battle-history"><br></div><h2 class="battle-history">Turn 34</h2><div class="spacer battle-history"><br></div><div class="battle-history">BrojinSiiiiiii withdrew Cortana ⚓!<br></div><div class="battle-history">BrojinSiiiiiii sent out Lekgolo 🖼 (<strong>Regirock</strong>)!<br></div><div class="spacer battle-history"><br></div><div class="battle-history">Magmortar used <strong>Sunny Day</strong>!<br></div><div class="battle-history"><small>The sunlight turned harsh!</small><br></div><div class="spacer battle-history"><br></div><div class="battle-history"><small>(The sunlight is strong!)</small><br></div><div class="spacer battle-history"><br></div><h2 class="battle-history">Turn 35</h2><div class="spacer battle-history"><br></div><div class="battle-history">Magmortar used <strong>Solar Beam</strong>!<br></div><div class="battle-history"><small>Magmortar absorbed light!</small><br></div><div class="battle-history"><small>It's super effective!</small><br></div><div class="battle-history"><small>(The opposing Lekgolo 🖼 lost <abbr title="−206/364">56.6%</abbr> of its health!)</small><br></div><div class="spacer battle-history"><br></div><div class="battle-history">The opposing Lekgolo 🖼 fainted!<br></div><div class="spacer battle-history"><br></div><div class="battle-history"><small>(The sunlight is strong!)</small><br></div><div class="spacer battle-history"><br></div><div class="battle-history">BrojinSiiiiiii sent out Prophet of Regret (<strong>Mesprit</strong>)!<br></div><div class="spacer battle-history"><br></div><h2 class="battle-history">Turn 36</h2><div class="spacer battle-history"><br></div><div class="battle-history">Magmortar used <strong>Fire Blast</strong>!<br></div><div class="battle-history"><small>(The opposing Prophet of Regret lost <abbr title="−176/364">48.4%</abbr> of its health!)</small><br></div><div class="spacer battle-history"><br></div><div class="battle-history">The opposing Prophet of Regret fainted!<br></div><div class="spacer battle-history"><br></div><div class="battle-history"><small>(The sunlight is strong!)</small><br></div><div class="spacer battle-history"><br></div><div class="battle-history">BrojinSiiiiiii sent out Banshee 🔥 (<strong>Charizard</strong>)!<br></div><div class="spacer battle-history"><br></div><h2 class="battle-history">Turn 37</h2><div class="spacer battle-history"><br></div><div class="battle-history">The opposing Banshee 🔥 used <strong>Air Slash</strong>!<br></div><div class="battle-history"><small>(Magmortar lost <abbr title="−134/344">39.0%</abbr> of its health!)</small><br></div><div class="battle-history"><small>Magmortar's Air Balloon popped!</small><br></div><div class="battle-history"><small>The opposing Banshee 🔥 lost some of its HP!</small><br></div><div class="spacer battle-history"><br></div><div class="battle-history">Magmortar used <strong>Fire Blast</strong>!<br></div><div class="battle-history"><small>It's not very effective...</small><br></div><div class="battle-history"><small>(The opposing Banshee 🔥 lost <abbr title="−135/297">45.5%</abbr> of its health!)</small><br></div><div class="spacer battle-history"><br></div><div class="battle-history"><small>(The sunlight is strong!)</small><br></div><div class="spacer battle-history"><br></div><h2 class="battle-history">Turn 38</h2><div class="spacer battle-history"><br></div><div class="battle-history">The opposing Banshee 🔥 used <strong>Air Slash</strong>!<br></div><div class="battle-history"><small>(Magmortar lost <abbr title="−122/344">35.5%</abbr> of its health!)</small><br></div><div class="battle-history"><small>The opposing Banshee 🔥 lost some of its HP!</small><br></div><div class="spacer battle-history"><br></div><div class="battle-history">Magmortar used <strong>Fire Blast</strong>!<br></div><div class="battle-history"><small>It's not very effective...</small><br></div><div class="battle-history"><small>(The opposing Banshee 🔥 lost <abbr title="−104/297">35.0%</abbr> of its health!)</small><br></div><div class="spacer battle-history"><br></div><div class="battle-history">The opposing Banshee 🔥 fainted!<br></div><div class="spacer battle-history"><br></div><div class="battle-history"><small>The sunlight faded.</small><br></div><div class="spacer battle-history"><br></div><div class="battle-history">BrojinSiiiiiii sent out Cortana ⚓ (<strong>Audino-Mega</strong>)!<br></div><div class="spacer battle-history"><br></div><h2 class="battle-history">Turn 39</h2><div class="spacer battle-history"><br></div><div class="battle-history">Magmortar used <strong>Fire Blast</strong>!<br></div><div class="battle-history"><small>(The opposing Cortana ⚓ lost <abbr title="−118/410">28.8%</abbr> of its health!)</small><br></div><div class="spacer battle-history"><br></div><div class="battle-history">The opposing Cortana ⚓ used <strong>Draining Kiss</strong>!<br></div><div class="battle-history"><small>It's not very effective...</small><br></div><div class="battle-history"><small>(Magmortar lost <abbr title="−2/344">0.6%</abbr> of its health!)</small><br></div><div class="battle-history"><small>Magmortar had its energy drained!</small><br></div><div class="spacer battle-history"><br></div><div class="battle-history">Magmortar fainted!<br></div><div class="spacer battle-history"><br></div><div class="battle-history"><strong>BrojinSiiiiiii</strong> won the battle!<br></div><div class="chat chatmessage-adewale"><strong style="color:hsl(252,81%,60.2159000574748%)"><small>★</small><span class="username" data-name="adewale">adewale</span>:</strong> <em>gg</em></div></div><div class="inner-preempt"></div></div></div>
</div>
<script>
let daily = Math.floor(Date.now()/1000/60/60/24);document.write('<script src="https://play.pokemonshowdown.com/js/replay-embed.js?version'+daily+'"></'+'script>');
</script>
