<!DOCTYPE html>
<meta charset="utf-8" />
<!-- version 1 -->
<title>NU replay: parkit619 vs. DhareshDiamond</title>
<style>
html,body {font-family:Verdana, sans-serif;font-size:10pt;margin:0;padding:0;}body{padding:12px 0;} .battle-log {font-family:Verdana, sans-serif;font-size:10pt;} .battle-log-inline {border:1px solid #AAAAAA;background:#EEF2F5;color:black;max-width:640px;margin:0 auto 80px;padding-bottom:5px;} .battle-log .inner {padding:4px 8px 0px 8px;} .battle-log .inner-preempt {padding:0 8px 4px 8px;} .battle-log .inner-after {margin-top:0.5em;} .battle-log h2 {margin:0.5em -8px;padding:4px 8px;border:1px solid #AAAAAA;background:#E0E7EA;border-left:0;border-right:0;font-family:Verdana, sans-serif;font-size:13pt;} .battle-log .chat {vertical-align:middle;padding:3px 0 3px 0;font-size:8pt;} .battle-log .chat strong {color:#40576A;} .battle-log .chat em {padding:1px 4px 1px 3px;color:#000000;font-style:normal;} .chat.mine {background:rgba(0,0,0,0.05);margin-left:-8px;margin-right:-8px;padding-left:8px;padding-right:8px;} .spoiler {color:#BBBBBB;background:#BBBBBB;padding:0px 3px;} .spoiler:hover, .spoiler:active, .spoiler-shown {color:#000000;background:#E2E2E2;padding:0px 3px;} .spoiler a {color:#BBBBBB;} .spoiler:hover a, .spoiler:active a, .spoiler-shown a {color:#2288CC;} .chat code, .chat .spoiler:hover code, .chat .spoiler:active code, .chat .spoiler-shown code {border:1px solid #C0C0C0;background:#EEEEEE;color:black;padding:0 2px;} .chat .spoiler code {border:1px solid #CCCCCC;background:#CCCCCC;color:#CCCCCC;} .battle-log .rated {padding:3px 4px;} .battle-log .rated strong {color:white;background:#89A;padding:1px 4px;border-radius:4px;} .spacer {margin-top:0.5em;} .message-announce {background:#6688AA;color:white;padding:1px 4px 2px;} .message-announce a, .broadcast-green a, .broadcast-blue a, .broadcast-red a {color:#DDEEFF;} .broadcast-green {background-color:#559955;color:white;padding:2px 4px;} .broadcast-blue {background-color:#6688AA;color:white;padding:2px 4px;} .infobox {border:1px solid #6688AA;padding:2px 4px;} .infobox-limited {max-height:200px;overflow:auto;overflow-x:hidden;} .broadcast-red {background-color:#AA5544;color:white;padding:2px 4px;} .message-learn-canlearn {font-weight:bold;color:#228822;text-decoration:underline;} .message-learn-cannotlearn {font-weight:bold;color:#CC2222;text-decoration:underline;} .message-effect-weak {font-weight:bold;color:#CC2222;} .message-effect-resist {font-weight:bold;color:#6688AA;} .message-effect-immune {font-weight:bold;color:#666666;} .message-learn-list {margin-top:0;margin-bottom:0;} .message-throttle-notice, .message-error {color:#992222;} .message-overflow, .chat small.message-overflow {font-size:0pt;} .message-overflow::before {font-size:9pt;content:'...';} .subtle {color:#3A4A66;}
</style>
<div class="wrapper replay-wrapper" style="max-width:1180px;margin:0 auto">
<input type="hidden" name="replayid" value="nu-567875248" />
<div class="battle"></div><div class="battle-log"></div><div class="replay-controls"></div><div class="replay-controls-2"></div>
<h1 style="font-weight:normal;text-align:center"><strong>NU</strong><br /><a href="http://pokemonshowdown.com/users/parkit619" class="subtle" target="_blank">parkit619</a> vs. <a href="http://pokemonshowdown.com/users/dhareshdiamond" class="subtle" target="_blank">DhareshDiamond</a></h1>
<script type="text/plain" class="battle-log-data">|j|parkit619
|j|DhareshDiamond
|player|p1|parkit619|10
|player|p2|DhareshDiamond|192
|gametype|singles
|gen|6
|tier|NU
|seed|62831,3878,44641,35545
|rule|Sleep Clause Mod: Limit one foe put to sleep
|rule|Species Clause: Limit one of each Pokémon
|rule|OHKO Clause: OHKO moves are banned
|rule|Moody Clause: Moody is banned
|rule|Evasion Moves Clause: Evasion moves are banned
|rule|Endless Battle Clause: Forcing endless battles is banned
|rule|HP Percentage Mod: HP is shown in percentages
|clearpoke
|poke|p1|Samurott, M|item
|poke|p1|Torterra, M|item
|poke|p1|Mismagius, F|item
|poke|p1|Audino, M|item
|poke|p1|Charizard, F|item
|poke|p1|Liepard, F|item
|poke|p2|Claydol|item
|poke|p2|Electivire, F|item
|poke|p2|Audino, F|item
|poke|p2|Omastar, M|item
|poke|p2|Klinklang|item
|poke|p2|Swellow, F|item
|rule|Swagger Clause: Swagger is banned
|rule|Baton Pass Clause: Limit one Baton Passer, can't pass Spe and other stats simultaneously
|teampreview
|choice|team 6, team 2, team 3, team 4, team 5, team 1|team 1, team 2, team 3, team 4, team 5, team 6
|
|start
|switch|p1a: Liepard|Liepard, F|269\/269
|switch|p2a: Claydol|Claydol|324\/324
|turn|1
|choice|move honeclaws|move stealthrock
|
|move|p1a: Liepard|Hone Claws|p1a: Liepard
|-boost|p1a: Liepard|atk|1
|-boost|p1a: Liepard|accuracy|1
|move|p2a: Claydol|Stealth Rock|p1a: Liepard
|-sidestart|p1: parkit619|move: Stealth Rock
|
|upkeep
|turn|2
|choice|move honeclaws|move toxic
|
|move|p1a: Liepard|Hone Claws|p1a: Liepard
|-boost|p1a: Liepard|atk|1
|-boost|p1a: Liepard|accuracy|1
|move|p2a: Claydol|Toxic|p1a: Liepard
|-status|p1a: Liepard|tox
|
|-damage|p1a: Liepard|253\/269 tox|[from] psn
|upkeep
|turn|3
|choice|move knockoff|switch 3
|-activate|p1a: Liepard|item: Quick Claw
|
|switch|p2a: Audino|Audino, F|410\/410
|move|p1a: Liepard|Knock Off|p2a: Audino
|-damage|p2a: Audino|265\/410
|
|-damage|p1a: Liepard|221\/269 tox|[from] psn
|upkeep
|turn|4
|choice|move suckerpunch|move wish mega
|
|detailschange|p2a: Audino|Audino-Mega, F
|-mega|p2a: Audino|Audino|Audinite
|move|p1a: Liepard|Sucker Punch|p2a: Audino|[still]
|-fail|p1a: Liepard
|move|p2a: Audino|Wish|p2a: Audino
|
|-damage|p1a: Liepard|173\/269 tox|[from] psn
|upkeep
|turn|5
|choice|move honeclaws|move dazzlinggleam
|
|move|p1a: Liepard|Hone Claws|p1a: Liepard
|-boost|p1a: Liepard|atk|1
|-boost|p1a: Liepard|accuracy|1
|move|p2a: Audino|Dazzling Gleam|p1a: Liepard
|-supereffective|p1a: Liepard
|-damage|p1a: Liepard|0 fnt
|faint|p1a: Liepard
|
|-heal|p2a: Audino|410\/410|[from] move: Wish|[wisher] Audino
|upkeep
|choice|switch 2|
|
|switch|p1a: Torterra|Torterra, M|332\/332
|-damage|p1a: Torterra|312\/332|[from] Stealth Rock
|turn|6
|j|Quissi
|choice|move curse|move icebeam
|
|move|p1a: Torterra|Curse|p1a: Torterra
|-unboost|p1a: Torterra|spe|1
|-boost|p1a: Torterra|atk|1
|-boost|p1a: Torterra|def|1
|move|p2a: Audino|Ice Beam|p1a: Torterra
|-supereffective|p1a: Torterra
|-damage|p1a: Torterra|112\/332
|-status|p1a: Torterra|frz
|
|-heal|p1a: Torterra|132\/332 frz|[from] item: Leftovers
|upkeep
|turn|7
|choice|switch 3|move icebeam
|
|switch|p1a: Mismagius|Mismagius, F|261\/261
|-damage|p1a: Mismagius|229\/261|[from] Stealth Rock
|move|p2a: Audino|Ice Beam|p1a: Mismagius
|-damage|p1a: Mismagius|176\/261
|
|upkeep
|turn|8
|choice|move calmmind|switch 6
|
|switch|p2a: Swellow|Swellow, F|261\/261
|move|p1a: Mismagius|Calm Mind|p1a: Mismagius
|-boost|p1a: Mismagius|spa|1
|-boost|p1a: Mismagius|spd|1
|
|-status|p2a: Swellow|tox|[from] item: Toxic Orb
|upkeep
|turn|9
|choice|switch 5|move bravebird
|
|switch|p1a: Charizard|Charizard, F|297\/297
|-damage|p1a: Charizard|149\/297|[from] Stealth Rock
|move|p2a: Swellow|Brave Bird|p1a: Charizard
|-damage|p1a: Charizard|0 fnt
|-damage|p2a: Swellow|212\/261 tox|[from] recoil|[of] p1a: Charizard
|faint|p1a: Charizard
|
|-damage|p2a: Swellow|196\/261 tox|[from] psn
|upkeep
|choice|switch 5|
|
|switch|p1a: Mismagius|Mismagius, F|176\/261
|-damage|p1a: Mismagius|144\/261|[from] Stealth Rock
|turn|10
|choice|move psychic|move bravebird
|
|move|p1a: Mismagius|Psychic|p2a: Swellow
|-damage|p2a: Swellow|33\/261 tox
|move|p2a: Swellow|Brave Bird|p1a: Mismagius
|-damage|p1a: Mismagius|0 fnt
|-damage|p2a: Swellow|0 fnt|[from] recoil|[of] p1a: Mismagius
|faint|p1a: Mismagius
|faint|p2a: Swellow
|
|upkeep
|choice|switch 6|switch 4
|
|switch|p2a: Omastar|Omastar, M|291\/291
|switch|p1a: Samurott|Samurott, M|331\/331
|-damage|p1a: Samurott|290\/331|[from] Stealth Rock
|turn|11
|l|Quissi
|choice|move waterfall|move shellsmash
|
|move|p2a: Omastar|Shell Smash|p2a: Omastar
|-unboost|p2a: Omastar|def|1
|-unboost|p2a: Omastar|spd|1
|-boost|p2a: Omastar|atk|2
|-boost|p2a: Omastar|spa|2
|-boost|p2a: Omastar|spe|2
|move|p1a: Samurott|Waterfall|p2a: Omastar
|-damage|p2a: Omastar|177\/291
|
|upkeep
|turn|12
|choice|move waterfall|move hiddenpower
|-activate|p1a: Samurott|item: Quick Claw
|
|move|p1a: Samurott|Waterfall|p2a: Omastar
|-damage|p2a: Omastar|69\/291
|cant|p2a: Omastar|flinch
|
|upkeep
|turn|13
|choice|move waterfall|move hiddenpower
|-activate|p1a: Samurott|item: Quick Claw
|
|move|p1a: Samurott|Waterfall|p2a: Omastar
|-damage|p2a: Omastar|0 fnt
|faint|p2a: Omastar
|
|upkeep
|choice||switch 2
|
|switch|p2a: Electivire|Electivire, F|291\/291
|turn|14
|choice|move dig|move thunderpunch
|
|move|p2a: Electivire|Thunder Punch|p1a: Samurott
|-supereffective|p1a: Samurott
|-damage|p1a: Samurott|0 fnt
|faint|p1a: Samurott
|
|upkeep
|choice|switch 3|
|
|switch|p1a: Torterra|Torterra, M|132\/332 frz
|-damage|p1a: Torterra|112\/332 frz|[from] Stealth Rock
|turn|15
|choice|move earthquake|switch 6
|
|switch|p2a: Audino|Audino-Mega, F|410\/410
|cant|p1a: Torterra|frz
|
|-heal|p1a: Torterra|132\/332 frz|[from] item: Leftovers
|upkeep
|turn|16
|choice|move curse|move icebeam
|
|cant|p1a: Torterra|frz
|move|p2a: Audino|Ice Beam|p1a: Torterra
|-supereffective|p1a: Torterra
|-damage|p1a: Torterra|0 fnt
|faint|p1a: Torterra
|
|upkeep
|choice|switch 4|
|
|switch|p1a: Audino|Audino, M|410\/410
|-damage|p1a: Audino|359\/410|[from] Stealth Rock
|turn|17
|choice|move calmmind mega|move dazzlinggleam
|
|detailschange|p1a: Audino|Audino-Mega, M
|-mega|p1a: Audino|Audino|Audinite
|move|p2a: Audino|Dazzling Gleam|p1a: Audino
|-damage|p1a: Audino|299\/410
|move|p1a: Audino|Calm Mind|p1a: Audino
|-boost|p1a: Audino|spa|1
|-boost|p1a: Audino|spd|1
|
|upkeep
|turn|18
|choice|move calmmind|switch 5
|
|switch|p2a: Klinklang|Klinklang|324\/324
|move|p1a: Audino|Calm Mind|p1a: Audino
|-boost|p1a: Audino|spa|1
|-boost|p1a: Audino|spd|1
|
|upkeep
|turn|19
|choice|move flamethrower|move shiftgear
|
|move|p2a: Klinklang|Shift Gear|p2a: Klinklang
|-boost|p2a: Klinklang|spe|2
|-boost|p2a: Klinklang|atk|1
|move|p1a: Audino|Flamethrower|p2a: Klinklang
|-supereffective|p2a: Klinklang
|-damage|p2a: Klinklang|0 fnt
|faint|p2a: Klinklang
|
|upkeep
|choice||switch 3
|
|switch|p2a: Claydol|Claydol|324\/324
|turn|20
|choice|move dazzlinggleam|move toxic
|
|move|p2a: Claydol|Toxic|p1a: Audino
|-status|p1a: Audino|tox
|move|p1a: Audino|Dazzling Gleam|p2a: Claydol
|-damage|p2a: Claydol|182\/324
|
|-heal|p2a: Claydol|202\/324|[from] item: Leftovers
|-damage|p1a: Audino|274\/410 tox|[from] psn
|upkeep
|turn|21
|choice|move dazzlinggleam|move explosion
|
|move|p2a: Claydol|Explosion|p1a: Audino
|-damage|p1a: Audino|150\/410 tox
|faint|p2a: Claydol
|move|p1a: Audino|Dazzling Gleam|p2: Claydol|[notarget]
|-notarget
|
|-damage|p1a: Audino|100\/410 tox|[from] psn
|upkeep
|choice||switch 6
|
|switch|p2a: Electivire|Electivire, F|291\/291
|turn|22
|choice|move dazzlinggleam|move thunderpunch
|
|move|p2a: Electivire|Thunder Punch|p1a: Audino
|-damage|p1a: Audino|0 fnt
|faint|p1a: Audino
|
|win|DhareshDiamond
|c|☆parkit619|gg</script>
</div>
<div class="battle-log battle-log-inline"><div class="inner"><div class="battle-options"></div><div class="inner"><div class="chat"><small>parkit619 joined.</small></div><div class="chat"><small>DhareshDiamond joined.</small></div><div class=""><small>Format:</small> <br><strong>NU</strong></div><div class=""><small><em>Sleep Clause Mod:</em> Limit one foe put to sleep</small></div><div class=""><small><em>Species Clause:</em> Limit one of each Pokémon</small></div><div class=""><small><em>OHKO Clause:</em> OHKO moves are banned</small></div><div class=""><small><em>Moody Clause:</em> Moody is banned</small></div><div class=""><small><em>Evasion Moves Clause:</em> Evasion moves are banned</small></div><div class=""><small><em>Endless Battle Clause:</em> Forcing endless battles is banned</small></div><div class=""><small><em>HP Percentage Mod:</em> HP is shown in percentages</small></div><div class=""><small><em>Swagger Clause:</em> Swagger is banned</small></div><div class=""><small><em>Baton Pass Clause:</em> Limit one Baton Passer, can't pass Spe and other stats simultaneously</small></div><div class="chat battle-history"><strong>parkit619's team:</strong> <em style="color:#445566;display:block;">Samurott / Torterra / Mismagius / Audino / Charizard / Liepard</em></div><div class="chat battle-history"><strong>DhareshDiamond's team:</strong> <em style="color:#445566;display:block;">Claydol / Electivire / Audino / Omastar / Klinklang / Swellow</em></div><div class="spacer battle-history"><br></div><div class="battle-history">Battle started between parkit619 and DhareshDiamond!<br></div><div class="spacer battle-history"><br></div><div class="battle-history">Go! <strong>Liepard</strong>!<br></div><div class="spacer battle-history"><br></div><div class="battle-history">DhareshDiamond sent out <strong>Claydol</strong>!<br></div><div class="spacer battle-history"><br></div><h2 class="battle-history">Turn 1</h2><div class="spacer battle-history"><br></div><div class="battle-history">Liepard used <strong>Hone Claws</strong>!<br></div><div class="battle-history"><small>Liepard's Attack rose!</small><br></div><div class="battle-history"><small>Liepard's accuracy rose!</small><br></div><div class="spacer battle-history"><br></div><div class="battle-history">The opposing Claydol used <strong>Stealth Rock</strong>!<br></div><div class="battle-history"><small>Pointed stones float in the air around your team!</small><br></div><div class="spacer battle-history"><br></div><h2 class="battle-history">Turn 2</h2><div class="spacer battle-history"><br></div><div class="battle-history">Liepard used <strong>Hone Claws</strong>!<br></div><div class="battle-history"><small>Liepard's Attack rose!</small><br></div><div class="battle-history"><small>Liepard's accuracy rose!</small><br></div><div class="spacer battle-history"><br></div><div class="battle-history">The opposing Claydol used <strong>Toxic</strong>!<br></div><div class="battle-history"><small>Liepard was badly poisoned!</small><br></div><div class="spacer battle-history"><br></div><div class="battle-history"><small>Liepard was hurt by poison!</small><br></div><div class="spacer battle-history"><br></div><h2 class="battle-history">Turn 3</h2><div class="spacer battle-history"><br></div><div class="battle-history"><small>Liepard's Quick Claw let it move first!</small><br></div><div class="spacer battle-history"><br></div><div class="battle-history">DhareshDiamond withdrew Claydol!<br></div><div class="battle-history">DhareshDiamond sent out <strong>Audino</strong>!<br></div><div class="spacer battle-history"><br></div><div class="battle-history">Liepard used <strong>Knock Off</strong>!<br></div><div class="battle-history"><small>(The opposing Audino lost <abbr title="−145/410">35.4%</abbr> of its health!)</small><br></div><div class="spacer battle-history"><br></div><div class="battle-history"><small>Liepard was hurt by poison!</small><br></div><div class="spacer battle-history"><br></div><h2 class="battle-history">Turn 4</h2><div class="spacer battle-history"><br></div><div class="battle-history"><small>The opposing Audino's Audinite is reacting to DhareshDiamond's Mega Bracelet!</small><br>The opposing Audino has Mega Evolved into Mega Audino!<br></div><div class="spacer battle-history"><br></div><div class="battle-history">Liepard used <strong>Sucker Punch</strong>!<br></div><div class="battle-history"><small>But it failed!</small><br></div><div class="spacer battle-history"><br></div><div class="battle-history">The opposing Audino used <strong>Wish</strong>!<br></div><div class="spacer battle-history"><br></div><div class="battle-history"><small>Liepard was hurt by poison!</small><br></div><div class="spacer battle-history"><br></div><h2 class="battle-history">Turn 5</h2><div class="spacer battle-history"><br></div><div class="battle-history">Liepard used <strong>Hone Claws</strong>!<br></div><div class="battle-history"><small>Liepard's Attack rose!</small><br></div><div class="battle-history"><small>Liepard's accuracy rose!</small><br></div><div class="spacer battle-history"><br></div><div class="battle-history">The opposing Audino used <strong>Dazzling Gleam</strong>!<br></div><div class="battle-history"><small>It's super effective!</small><br></div><div class="battle-history"><small>(Liepard lost <abbr title="−173/269">64.3%</abbr> of its health!)</small><br></div><div class="spacer battle-history"><br></div><div class="battle-history">Liepard fainted!<br></div><div class="spacer battle-history"><br></div><div class="battle-history"><small>Audino's wish came true!</small><br></div><div class="spacer battle-history"><br></div><div class="battle-history">Go! <strong>Torterra</strong>!<br></div><div class="battle-history"><small>Pointed stones dug into Torterra!</small><br></div><div class="spacer battle-history"><br></div><h2 class="battle-history">Turn 6</h2><div class="chat"><small>Quissi joined.</small></div><div class="spacer battle-history"><br></div><div class="battle-history">Torterra used <strong>Curse</strong>!<br></div><div class="battle-history"><small>Torterra's Speed fell!</small><br></div><div class="battle-history"><small>Torterra's Attack rose!</small><br></div><div class="battle-history"><small>Torterra's Defense rose!</small><br></div><div class="spacer battle-history"><br></div><div class="battle-history">The opposing Audino used <strong>Ice Beam</strong>!<br></div><div class="battle-history"><small>It's super effective!</small><br></div><div class="battle-history"><small>(Torterra lost <abbr title="−200/332">60.2%</abbr> of its health!)</small><br></div><div class="battle-history"><small>Torterra was frozen solid!</small><br></div><div class="spacer battle-history"><br></div><div class="battle-history"><small>Torterra restored a little HP using its Leftovers!</small><br></div><div class="spacer battle-history"><br></div><h2 class="battle-history">Turn 7</h2><div class="spacer battle-history"><br></div><div class="battle-history">Torterra, come back!<br></div><div class="battle-history">Go! <strong>Mismagius</strong>!<br></div><div class="battle-history"><small>Pointed stones dug into Mismagius!</small><br></div><div class="spacer battle-history"><br></div><div class="battle-history">The opposing Audino used <strong>Ice Beam</strong>!<br></div><div class="battle-history"><small>(Mismagius lost <abbr title="−53/261">20.3%</abbr> of its health!)</small><br></div><div class="spacer battle-history"><br></div><h2 class="battle-history">Turn 8</h2><div class="spacer battle-history"><br></div><div class="battle-history">DhareshDiamond withdrew Audino!<br></div><div class="battle-history">DhareshDiamond sent out <strong>Swellow</strong>!<br></div><div class="spacer battle-history"><br></div><div class="battle-history">Mismagius used <strong>Calm Mind</strong>!<br></div><div class="battle-history"><small>Mismagius's Special Attack rose!</small><br></div><div class="battle-history"><small>Mismagius's Special Defense rose!</small><br></div><div class="spacer battle-history"><br></div><div class="battle-history"><small>The opposing Swellow was badly poisoned!</small><br></div><div class="spacer battle-history"><br></div><h2 class="battle-history">Turn 9</h2><div class="spacer battle-history"><br></div><div class="battle-history">Mismagius, come back!<br></div><div class="battle-history">Go! <strong>Charizard</strong>!<br></div><div class="battle-history"><small>Pointed stones dug into Charizard!</small><br></div><div class="spacer battle-history"><br></div><div class="battle-history">The opposing Swellow used <strong>Brave Bird</strong>!<br></div><div class="battle-history"><small>(Charizard lost <abbr title="−149/297">50.2%</abbr> of its health!)</small><br></div><div class="battle-history"><small>The opposing Swellow is damaged by the recoil!</small><br></div><div class="spacer battle-history"><br></div><div class="battle-history">Charizard fainted!<br></div><div class="spacer battle-history"><br></div><div class="battle-history"><small>The opposing Swellow was hurt by poison!</small><br></div><div class="spacer battle-history"><br></div><div class="battle-history">Go! <strong>Mismagius</strong>!<br></div><div class="battle-history"><small>Pointed stones dug into Mismagius!</small><br></div><div class="spacer battle-history"><br></div><h2 class="battle-history">Turn 10</h2><div class="spacer battle-history"><br></div><div class="battle-history">Mismagius used <strong>Psychic</strong>!<br></div><div class="battle-history"><small>(The opposing Swellow lost <abbr title="−163/261">62.5%</abbr> of its health!)</small><br></div><div class="spacer battle-history"><br></div><div class="battle-history">The opposing Swellow used <strong>Brave Bird</strong>!<br></div><div class="battle-history"><small>(Mismagius lost <abbr title="−144/261">55.2%</abbr> of its health!)</small><br></div><div class="battle-history"><small>The opposing Swellow is damaged by the recoil!</small><br></div><div class="spacer battle-history"><br></div><div class="battle-history">Mismagius fainted!<br></div><div class="battle-history">The opposing Swellow fainted!<br></div><div class="spacer battle-history"><br></div><div class="battle-history">DhareshDiamond sent out <strong>Omastar</strong>!<br></div><div class="spacer battle-history"><br></div><div class="battle-history">Go! <strong>Samurott</strong>!<br></div><div class="battle-history"><small>Pointed stones dug into Samurott!</small><br></div><div class="spacer battle-history"><br></div><h2 class="battle-history">Turn 11</h2><div class="chat"><small>Quissi left.</small></div><div class="spacer battle-history"><br></div><div class="battle-history">The opposing Omastar used <strong>Shell Smash</strong>!<br></div><div class="battle-history"><small>The opposing Omastar's Defense fell!</small><br></div><div class="battle-history"><small>The opposing Omastar's Special Defense fell!</small><br></div><div class="battle-history"><small>The opposing Omastar's Attack rose sharply!</small><br></div><div class="battle-history"><small>The opposing Omastar's Special Attack rose sharply!</small><br></div><div class="battle-history"><small>The opposing Omastar's Speed rose sharply!</small><br></div><div class="spacer battle-history"><br></div><div class="battle-history">Samurott used <strong>Waterfall</strong>!<br></div><div class="battle-history"><small>(The opposing Omastar lost <abbr title="−114/291">39.2%</abbr> of its health!)</small><br></div><div class="spacer battle-history"><br></div><h2 class="battle-history">Turn 12</h2><div class="spacer battle-history"><br></div><div class="battle-history"><small>Samurott's Quick Claw let it move first!</small><br></div><div class="spacer battle-history"><br></div><div class="battle-history">Samurott used <strong>Waterfall</strong>!<br></div><div class="battle-history"><small>(The opposing Omastar lost <abbr title="−108/291">37.1%</abbr> of its health!)</small><br></div><div class="spacer battle-history"><br></div><div class="battle-history">The opposing Omastar flinched and couldn't move!<br></div><div class="spacer battle-history"><br></div><h2 class="battle-history">Turn 13</h2><div class="spacer battle-history"><br></div><div class="battle-history"><small>Samurott's Quick Claw let it move first!</small><br></div><div class="spacer battle-history"><br></div><div class="battle-history">Samurott used <strong>Waterfall</strong>!<br></div><div class="battle-history"><small>(The opposing Omastar lost <abbr title="−69/291">23.7%</abbr> of its health!)</small><br></div><div class="spacer battle-history"><br></div><div class="battle-history">The opposing Omastar fainted!<br></div><div class="spacer battle-history"><br></div><div class="battle-history">DhareshDiamond sent out <strong>Electivire</strong>!<br></div><div class="spacer battle-history"><br></div><h2 class="battle-history">Turn 14</h2><div class="spacer battle-history"><br></div><div class="battle-history">The opposing Electivire used <strong>Thunder Punch</strong>!<br></div><div class="battle-history"><small>It's super effective!</small><br></div><div class="battle-history"><small>(Samurott lost <abbr title="−290/331">87.6%</abbr> of its health!)</small><br></div><div class="spacer battle-history"><br></div><div class="battle-history">Samurott fainted!<br></div><div class="spacer battle-history"><br></div><div class="battle-history">Go! <strong>Torterra</strong>!<br></div><div class="battle-history"><small>Pointed stones dug into Torterra!</small><br></div><div class="spacer battle-history"><br></div><h2 class="battle-history">Turn 15</h2><div class="spacer battle-history"><br></div><div class="battle-history">DhareshDiamond withdrew Electivire!<br></div><div class="battle-history">DhareshDiamond sent out Audino (<strong>Audino-Mega</strong>)!<br></div><div class="spacer battle-history"><br></div><div class="battle-history">Torterra is frozen solid!<br></div><div class="spacer battle-history"><br></div><div class="battle-history"><small>Torterra restored a little HP using its Leftovers!</small><br></div><div class="spacer battle-history"><br></div><h2 class="battle-history">Turn 16</h2><div class="spacer battle-history"><br></div><div class="battle-history">Torterra is frozen solid!<br></div><div class="spacer battle-history"><br></div><div class="battle-history">The opposing Audino used <strong>Ice Beam</strong>!<br></div><div class="battle-history"><small>It's super effective!</small><br></div><div class="battle-history"><small>(Torterra lost <abbr title="−132/332">39.8%</abbr> of its health!)</small><br></div><div class="spacer battle-history"><br></div><div class="battle-history">Torterra fainted!<br></div><div class="spacer battle-history"><br></div><div class="battle-history">Go! <strong>Audino</strong>!<br></div><div class="battle-history"><small>Pointed stones dug into Audino!</small><br></div><div class="spacer battle-history"><br></div><h2 class="battle-history">Turn 17</h2><div class="spacer battle-history"><br></div><div class="battle-history"><small>Audino's Audinite is reacting to parkit619's Mega Bracelet!</small><br>Audino has Mega Evolved into Mega Audino!<br></div><div class="spacer battle-history"><br></div><div class="battle-history">The opposing Audino used <strong>Dazzling Gleam</strong>!<br></div><div class="battle-history"><small>(Audino lost <abbr title="−60/410">14.6%</abbr> of its health!)</small><br></div><div class="spacer battle-history"><br></div><div class="battle-history">Audino used <strong>Calm Mind</strong>!<br></div><div class="battle-history"><small>Audino's Special Attack rose!</small><br></div><div class="battle-history"><small>Audino's Special Defense rose!</small><br></div><div class="spacer battle-history"><br></div><h2 class="battle-history">Turn 18</h2><div class="spacer battle-history"><br></div><div class="battle-history">DhareshDiamond withdrew Audino!<br></div><div class="battle-history">DhareshDiamond sent out <strong>Klinklang</strong>!<br></div><div class="spacer battle-history"><br></div><div class="battle-history">Audino used <strong>Calm Mind</strong>!<br></div><div class="battle-history"><small>Audino's Special Attack rose!</small><br></div><div class="battle-history"><small>Audino's Special Defense rose!</small><br></div><div class="spacer battle-history"><br></div><h2 class="battle-history">Turn 19</h2><div class="spacer battle-history"><br></div><div class="battle-history">The opposing Klinklang used <strong>Shift Gear</strong>!<br></div><div class="battle-history"><small>The opposing Klinklang's Speed rose sharply!</small><br></div><div class="battle-history"><small>The opposing Klinklang's Attack rose!</small><br></div><div class="spacer battle-history"><br></div><div class="battle-history">Audino used <strong>Flamethrower</strong>!<br></div><div class="battle-history"><small>It's super effective!</small><br></div><div class="battle-history"><small>(The opposing Klinklang lost <abbr title="−324/324">100%</abbr> of its health!)</small><br></div><div class="spacer battle-history"><br></div><div class="battle-history">The opposing Klinklang fainted!<br></div><div class="spacer battle-history"><br></div><div class="battle-history">DhareshDiamond sent out <strong>Claydol</strong>!<br></div><div class="spacer battle-history"><br></div><h2 class="battle-history">Turn 20</h2><div class="spacer battle-history"><br></div><div class="battle-history">The opposing Claydol used <strong>Toxic</strong>!<br></div><div class="battle-history"><small>Audino was badly poisoned!</small><br></div><div class="spacer battle-history"><br></div><div class="battle-history">Audino used <strong>Dazzling Gleam</strong>!<br></div><div class="battle-history"><small>(The opposing Claydol lost <abbr title="−142/324">43.8%</abbr> of its health!)</small><br></div><div class="spacer battle-history"><br></div><div class="battle-history"><small>The opposing Claydol restored a little HP using its Leftovers!</small><br></div><div class="battle-history"><small>Audino was hurt by poison!</small><br></div><div class="spacer battle-history"><br></div><h2 class="battle-history">Turn 21</h2><div class="spacer battle-history"><br></div><div class="battle-history">The opposing Claydol used <strong>Explosion</strong>!<br></div><div class="battle-history"><small>(Audino lost <abbr title="−124/410">30.2%</abbr> of its health!)</small><br></div><div class="spacer battle-history"><br></div><div class="battle-history">The opposing Claydol fainted!<br></div><div class="battle-history">Audino used <strong>Dazzling Gleam</strong>!<br></div><div class="battle-history"><small>But there was no target...</small><br></div><div class="spacer battle-history"><br></div><div class="battle-history"><small>Audino was hurt by poison!</small><br></div><div class="spacer battle-history"><br></div><div class="battle-history">DhareshDiamond sent out <strong>Electivire</strong>!<br></div><div class="spacer battle-history"><br></div><h2 class="battle-history">Turn 22</h2><div class="spacer battle-history"><br></div><div class="battle-history">The opposing Electivire used <strong>Thunder Punch</strong>!<br></div><div class="battle-history"><small>(Audino lost <abbr title="−100/410">24.4%</abbr> of its health!)</small><br></div><div class="spacer battle-history"><br></div><div class="battle-history">Audino fainted!<br></div><div class="spacer battle-history"><br></div><div class="battle-history"><strong>DhareshDiamond</strong> won the battle!<br></div><div class="chat chatmessage-parkit619"><strong style="color:hsl(75,40%,45.202849997840005%)"><small>☆</small><span class="username" data-name="parkit619">parkit619</span>:</strong> <em>gg</em></div></div><div class="inner-preempt"></div></div></div>
</div>
<script>
let daily = Math.floor(Date.now()/1000/60/60/24);document.write('<script src="https://play.pokemonshowdown.com/js/replay-embed.js?version'+daily+'"></'+'script>');
</script>
