<!DOCTYPE html>
<meta charset="utf-8" />
<!-- version 1 -->
<title>NU replay: Kaelcee vs. BigFatMantis</title>
<style>
html,body {font-family:Verdana, sans-serif;font-size:10pt;margin:0;padding:0;}body{padding:12px 0;} .battle-log {font-family:Verdana, sans-serif;font-size:10pt;} .battle-log-inline {border:1px solid #AAAAAA;background:#EEF2F5;color:black;max-width:640px;margin:0 auto 80px;padding-bottom:5px;} .battle-log .inner {padding:4px 8px 0px 8px;} .battle-log .inner-preempt {padding:0 8px 4px 8px;} .battle-log .inner-after {margin-top:0.5em;} .battle-log h2 {margin:0.5em -8px;padding:4px 8px;border:1px solid #AAAAAA;background:#E0E7EA;border-left:0;border-right:0;font-family:Verdana, sans-serif;font-size:13pt;} .battle-log .chat {vertical-align:middle;padding:3px 0 3px 0;font-size:8pt;} .battle-log .chat strong {color:#40576A;} .battle-log .chat em {padding:1px 4px 1px 3px;color:#000000;font-style:normal;} .chat.mine {background:rgba(0,0,0,0.05);margin-left:-8px;margin-right:-8px;padding-left:8px;padding-right:8px;} .spoiler {color:#BBBBBB;background:#BBBBBB;padding:0px 3px;} .spoiler:hover, .spoiler:active, .spoiler-shown {color:#000000;background:#E2E2E2;padding:0px 3px;} .spoiler a {color:#BBBBBB;} .spoiler:hover a, .spoiler:active a, .spoiler-shown a {color:#2288CC;} .chat code, .chat .spoiler:hover code, .chat .spoiler:active code, .chat .spoiler-shown code {border:1px solid #C0C0C0;background:#EEEEEE;color:black;padding:0 2px;} .chat .spoiler code {border:1px solid #CCCCCC;background:#CCCCCC;color:#CCCCCC;} .battle-log .rated {padding:3px 4px;} .battle-log .rated strong {color:white;background:#89A;padding:1px 4px;border-radius:4px;} .spacer {margin-top:0.5em;} .message-announce {background:#6688AA;color:white;padding:1px 4px 2px;} .message-announce a, .broadcast-green a, .broadcast-blue a, .broadcast-red a {color:#DDEEFF;} .broadcast-green {background-color:#559955;color:white;padding:2px 4px;} .broadcast-blue {background-color:#6688AA;color:white;padding:2px 4px;} .infobox {border:1px solid #6688AA;padding:2px 4px;} .infobox-limited {max-height:200px;overflow:auto;overflow-x:hidden;} .broadcast-red {background-color:#AA5544;color:white;padding:2px 4px;} .message-learn-canlearn {font-weight:bold;color:#228822;text-decoration:underline;} .message-learn-cannotlearn {font-weight:bold;color:#CC2222;text-decoration:underline;} .message-effect-weak {font-weight:bold;color:#CC2222;} .message-effect-resist {font-weight:bold;color:#6688AA;} .message-effect-immune {font-weight:bold;color:#666666;} .message-learn-list {margin-top:0;margin-bottom:0;} .message-throttle-notice, .message-error {color:#992222;} .message-overflow, .chat small.message-overflow {font-size:0pt;} .message-overflow::before {font-size:9pt;content:'...';} .subtle {color:#3A4A66;}
</style>
<div class="wrapper replay-wrapper" style="max-width:1180px;margin:0 auto">
<input type="hidden" name="replayid" value="bigbang-nu-8614" />
<div class="battle"></div><div class="battle-log"></div><div class="replay-controls"></div><div class="replay-controls-2"></div>
<h1 style="font-weight:normal;text-align:center"><strong>NU</strong><br /><a href="http://pokemonshowdown.com/users/kaelcee" class="subtle" target="_blank">Kaelcee</a> vs. <a href="http://pokemonshowdown.com/users/bigfatmantis" class="subtle" target="_blank">BigFatMantis</a></h1>
<script type="text/plain" class="battle-log-data">|j|Kaelcee
|j|BigFatMantis
|player|p1|Kaelcee|101
|player|p2|BigFatMantis|169
|gametype|singles
|gen|6
|tier|NU
|seed|54975,52047,50836,50622
|rule|Sleep Clause Mod: Limit one foe put to sleep
|rule|Species Clause: Limit one of each Pokémon
|rule|OHKO Clause: OHKO moves are banned
|rule|Moody Clause: Moody is banned
|rule|Evasion Moves Clause: Evasion moves are banned
|rule|Endless Battle Clause: Forcing endless battles is banned
|rule|HP Percentage Mod: HP is shown in percentages
|clearpoke
|poke|p1|Archeops, F|item
|poke|p1|Weezing, M|item
|poke|p1|Quagsire, M|item
|poke|p1|Mesprit|item
|poke|p1|Gurdurr, M|item
|poke|p1|Manectric, F|item
|poke|p2|Scyther, M, shiny|item
|poke|p2|Claydol, shiny|item
|poke|p2|Magmortar, F|item
|poke|p2|Lickilicky, M|item
|poke|p2|Cradily, F|item
|poke|p2|Klinklang|item
|rule|Swagger Clause: Swagger is banned
|rule|Baton Pass Clause: Limit one Baton Passer, can't pass Spe and other stats simultaneously
|teampreview
|c|★BigFatMantis|gldhf
|choice|team 1, team 2, team 3, team 4, team 5, team 6|team 2, team 1, team 3, team 4, team 5, team 6
|
|start
|switch|p1a: birb|Archeops, F|291\/291
|switch|p2a: Mantis Doll|Claydol, shiny|324\/324
|turn|1
|choice|move taunt|move stealthrock
|
|move|p1a: birb|Taunt|p2a: Mantis Doll
|-start|p2a: Mantis Doll|move: Taunt
|cant|p2a: Mantis Doll|move: Taunt|Stealth Rock
|
|upkeep
|turn|2
|choice|move uturn|switch 6
|
|switch|p2a: Gears of Mantis|Klinklang|293\/293
|move|p1a: birb|U-turn|p2a: Gears of Mantis
|-resisted|p2a: Gears of Mantis
|-damage|p2a: Gears of Mantis|251\/293
|choice|switch 5|
|
|switch|p1a: cheap labor|Gurdurr, M|374\/374
|
|-heal|p2a: Gears of Mantis|269\/293|[from] item: Leftovers
|upkeep
|turn|3
|c|★Kaelcee|why do you think of the wall
|c|★Kaelcee|THE wall
|choice|move knockoff|switch 6
|
|switch|p2a: Mantis Doll|Claydol, shiny|324\/324
|move|p1a: cheap labor|Knock Off|p2a: Mantis Doll
|-supereffective|p2a: Mantis Doll
|-damage|p2a: Mantis Doll|102\/324
|-enditem|p2a: Mantis Doll|Leftovers|[from] move: Knock Off|[of] p1a: cheap labor
|
|upkeep
|turn|4
|c|★BigFatMantis|what wall
|choice|move knockoff|move stealthrock
|
|move|p2a: Mantis Doll|Stealth Rock|p1a: cheap labor
|-sidestart|p1: Kaelcee|move: Stealth Rock
|move|p1a: cheap labor|Knock Off|p2a: Mantis Doll
|-supereffective|p2a: Mantis Doll
|-damage|p2a: Mantis Doll|0 fnt
|faint|p2a: Mantis Doll
|
|upkeep
|c|★Kaelcee|THE wall everyone is talking about
|c|★Kaelcee|on the mexican border
|c|★BigFatMantis|oh
|c|★BigFatMantis|indifferent
|c|★Kaelcee|why?
|c|★BigFatMantis|it's not real
|choice||switch 3
|
|switch|p2a: Fat Fire Mantis|Magmortar, F|291\/291
|turn|5
|c|★BigFatMantis|I don't think it's actually going to happen
|c|★Kaelcee|trump intends to make it very much real
|c|★BigFatMantis|when building begins then I'll form an opinion
|c|★BigFatMantis|I doubt it
|c|★BigFatMantis|he just says stuff
|choice|move knockoff|move lavaplume
|
|move|p2a: Fat Fire Mantis|Lava Plume|p1a: cheap labor
|-damage|p1a: cheap labor|184\/374
|move|p1a: cheap labor|Knock Off|p2a: Fat Fire Mantis
|-damage|p2a: Fat Fire Mantis|146\/291
|-enditem|p2a: Fat Fire Mantis|Choice Scarf|[from] move: Knock Off|[of] p1a: cheap labor
|
|upkeep
|turn|6
|c|★Kaelcee|and then he makes executive orders
|choice|move drainpunch|move lavaplume
|
|move|p2a: Fat Fire Mantis|Lava Plume|p1a: cheap labor
|-damage|p1a: cheap labor|0 fnt
|faint|p1a: cheap labor
|
|upkeep
|choice|switch 6|
|
|switch|p1a: doge|Manectric, F|281\/281
|-damage|p1a: doge|246\/281|[from] Stealth Rock
|turn|7
|c|★BigFatMantis|I'm pretty sure other people are making them for him and he's just signing them
|c|★BigFatMantis|I don't think he actually knows what he's doing
|choice|move voltswitch|switch 5
|
|switch|p2a: Cradle of Mantis|Cradily, F|375\/375
|move|p1a: doge|Volt Switch|p2a: Cradle of Mantis
|-resisted|p2a: Cradle of Mantis
|-damage|p2a: Cradle of Mantis|303\/375
|c|★Kaelcee|that's a bold statement tbh
|c|★BigFatMantis|he probably has a general idea of what he's doing
|choice|switch 2|
|
|switch|p1a: gas|Weezing, M|334\/334
|-damage|p1a: gas|293\/334|[from] Stealth Rock
|
|-heal|p1a: gas|313\/334|[from] item: Black Sludge
|upkeep
|turn|8
|c|★BigFatMantis|but doesn't know all the specifics of what is actually happening
|choice|move willowisp|switch 5
|
|switch|p2a: Fat Fire Mantis|Magmortar, F|146\/291
|move|p1a: gas|Will-O-Wisp|p2a: Fat Fire Mantis
|-immune|p2a: Fat Fire Mantis|[msg]
|
|-heal|p1a: gas|333\/334|[from] item: Black Sludge
|upkeep
|turn|9
|choice|move toxicspikes|move lavaplume
|
|move|p2a: Fat Fire Mantis|Lava Plume|p1a: gas
|-damage|p1a: gas|191\/334
|move|p1a: gas|Toxic Spikes|p2a: Fat Fire Mantis
|-sidestart|p2: BigFatMantis|move: Toxic Spikes
|
|-heal|p1a: gas|211\/334|[from] item: Black Sludge
|upkeep
|turn|10
|choice|move toxicspikes|move lavaplume
|
|move|p2a: Fat Fire Mantis|Lava Plume|p1a: gas
|-damage|p1a: gas|81\/334
|move|p1a: gas|Toxic Spikes|p2a: Fat Fire Mantis
|-sidestart|p2: BigFatMantis|move: Toxic Spikes
|
|-heal|p1a: gas|101\/334|[from] item: Black Sludge
|upkeep
|turn|11
|choice|move painsplit|move lavaplume
|
|move|p2a: Fat Fire Mantis|Lava Plume|p1a: gas
|-damage|p1a: gas|0 fnt
|faint|p1a: gas
|
|upkeep
|choice|switch 5|
|
|switch|p1a: birb|Archeops, F|291\/291
|-damage|p1a: birb|219\/291|[from] Stealth Rock
|turn|12
|choice|move stoneedge|switch 6
|
|switch|p2a: Gears of Mantis|Klinklang|269\/293
|move|p1a: birb|Stone Edge|p2a: Gears of Mantis
|-resisted|p2a: Gears of Mantis
|-damage|p2a: Gears of Mantis|188\/293
|
|-heal|p2a: Gears of Mantis|206\/293|[from] item: Leftovers
|upkeep
|turn|13
|choice|switch 3|move geargrind
|
|switch|p1a: blob|Quagsire, M|394\/394
|-damage|p1a: blob|370\/394|[from] Stealth Rock
|move|p2a: Gears of Mantis|Gear Grind|p1a: blob
|-resisted|p1a: blob
|-damage|p1a: blob|339\/394
|-resisted|p1a: blob
|-damage|p1a: blob|305\/394
|-hitcount|p1a: blob|2
|
|-heal|p2a: Gears of Mantis|224\/293|[from] item: Leftovers
|-heal|p1a: blob|329\/394|[from] item: Leftovers
|upkeep
|turn|14
|choice|move scald|switch 4
|
|switch|p2a: Lickity Mantis|Lickilicky, M|424\/424
|-status|p2a: Lickity Mantis|tox
|move|p1a: blob|Scald|p2a: Lickity Mantis
|-damage|p2a: Lickity Mantis|348\/424 tox
|
|-heal|p2a: Lickity Mantis|374\/424 tox|[from] item: Leftovers
|-heal|p1a: blob|353\/394|[from] item: Leftovers
|-damage|p2a: Lickity Mantis|348\/424 tox|[from] psn
|upkeep
|turn|15
|c|★BigFatMantis|the state department already cancelled the travel ban
|c|★BigFatMantis|so that whole circus is over
|c|★Kaelcee|idk
|choice|switch 4|move toxic
|
|switch|p1a: fairy|Mesprit|301\/301
|-damage|p1a: fairy|264\/301|[from] Stealth Rock
|move|p2a: Lickity Mantis|Toxic|p1a: fairy|[miss]
|-miss|p2a: Lickity Mantis|p1a: fairy
|
|-heal|p1a: fairy|282\/301|[from] item: Leftovers
|-heal|p2a: Lickity Mantis|374\/424 tox|[from] item: Leftovers
|-damage|p2a: Lickity Mantis|322\/424 tox|[from] psn
|upkeep
|turn|16
|c|★Kaelcee|he seems to me like the guy who wants to get something done with all cost
|choice|move stealthrock|switch 2
|
|switch|p2a: Mantis 1|Scyther, M, shiny|335\/335
|move|p1a: fairy|Stealth Rock|p2a: Mantis 1
|-sidestart|p2: BigFatMantis|move: Stealth Rock
|
|-heal|p1a: fairy|300\/301|[from] item: Leftovers
|upkeep
|turn|17
|choice|move uturn|move knockoff
|
|move|p2a: Mantis 1|Knock Off|p1a: fairy
|-supereffective|p1a: fairy
|-damage|p1a: fairy|128\/301
|-enditem|p1a: fairy|Leftovers|[from] move: Knock Off|[of] p2a: Mantis 1
|move|p1a: fairy|U-turn|p2a: Mantis 1
|-resisted|p2a: Mantis 1
|-damage|p2a: Mantis 1|309\/335
|choice|switch 2|
|
|switch|p1a: doge|Manectric, F|246\/281
|-damage|p1a: doge|211\/281|[from] Stealth Rock
|
|upkeep
|turn|18
|c|★BigFatMantis|I think he honestly does want to do good for the country though
|c|★BigFatMantis|so I'll just wait and see what happens
|choice|move overheat|move knockoff
|
|move|p1a: doge|Overheat|p2a: Mantis 1
|-supereffective|p2a: Mantis 1
|-damage|p2a: Mantis 1|15\/335
|-unboost|p1a: doge|spa|2
|move|p2a: Mantis 1|Knock Off|p1a: doge
|-damage|p1a: doge|80\/281
|-enditem|p1a: doge|Choice Specs|[from] move: Knock Off|[of] p2a: Mantis 1
|
|upkeep
|turn|19
|choice|move voltswitch|move roost
|
|move|p2a: Mantis 1|Roost|p2a: Mantis 1
|-heal|p2a: Mantis 1|183\/335
|move|p1a: doge|Volt Switch|p2a: Mantis 1
|-damage|p2a: Mantis 1|141\/335
|choice|switch 4|
|
|switch|p1a: blob|Quagsire, M|353\/394
|-damage|p1a: blob|329\/394|[from] Stealth Rock
|
|-heal|p1a: blob|353\/394|[from] item: Leftovers
|upkeep
|turn|20
|c|★BigFatMantis|I'm not going to crucify him over the first 2 weeks like everyone else seems to be doing
|j|Holiano
|choice|move toxic|move knockoff
|
|move|p2a: Mantis 1|Knock Off|p1a: blob
|-damage|p1a: blob|284\/394
|-enditem|p1a: blob|Leftovers|[from] move: Knock Off|[of] p2a: Mantis 1
|move|p1a: blob|Toxic|p2a: Mantis 1
|-status|p2a: Mantis 1|tox
|
|-damage|p2a: Mantis 1|121\/335 tox|[from] psn
|upkeep
|turn|21
|choice|switch 4|move roost
|
|switch|p1a: doge|Manectric, F|80\/281
|-damage|p1a: doge|45\/281|[from] Stealth Rock
|move|p2a: Mantis 1|Roost|p2a: Mantis 1
|-heal|p2a: Mantis 1|289\/335 tox
|
|-damage|p2a: Mantis 1|249\/335 tox|[from] psn
|upkeep
|turn|22
|choice|move thunderbolt|switch 5
|
|switch|p2a: Cradle of Mantis|Cradily, F|303\/375
|-status|p2a: Cradle of Mantis|tox
|-damage|p2a: Cradle of Mantis|257\/375 tox|[from] Stealth Rock
|move|p1a: doge|Thunderbolt|p2a: Cradle of Mantis
|-resisted|p2a: Cradle of Mantis
|-damage|p2a: Cradle of Mantis|193\/375 tox
|
|-damage|p2a: Cradle of Mantis|170\/375 tox|[from] psn
|upkeep
|turn|23
|choice|move overheat|move rest
|
|move|p1a: doge|Overheat|p2a: Cradle of Mantis
|-damage|p2a: Cradle of Mantis|41\/375 tox
|-unboost|p1a: doge|spa|2
|move|p2a: Cradle of Mantis|Rest|p2a: Cradle of Mantis
|-status|p2a: Cradle of Mantis|slp
|-heal|p2a: Cradle of Mantis|375\/375 slp|[silent]
|-status|p2a: Cradle of Mantis|slp|[from] move: Rest
|-enditem|p2a: Cradle of Mantis|Chesto Berry|[eat]
|-curestatus|p2a: Cradle of Mantis|slp|[msg]
|
|upkeep
|turn|24
|choice|switch 3|move curse
|
|switch|p1a: birb|Archeops, F|219\/291
|-damage|p1a: birb|147\/291|[from] Stealth Rock
|move|p2a: Cradle of Mantis|Curse|p2a: Cradle of Mantis
|-unboost|p2a: Cradle of Mantis|spe|1
|-boost|p2a: Cradle of Mantis|atk|1
|-boost|p2a: Cradle of Mantis|def|1
|
|upkeep
|turn|25
|choice|move taunt|move bulletseed
|
|move|p1a: birb|Taunt|p2a: Cradle of Mantis
|-start|p2a: Cradle of Mantis|move: Taunt
|move|p2a: Cradle of Mantis|Bullet Seed|p1a: birb
|-damage|p1a: birb|98\/291
|-enditem|p1a: birb|Sitrus Berry|[eat]
|-heal|p1a: birb|170\/291|[from] item: Sitrus Berry
|-damage|p1a: birb|112\/291
|-hitcount|p1a: birb|2
|
|upkeep
|turn|26
|choice|switch 2|move bulletseed
|
|switch|p1a: fairy|Mesprit|128\/301
|-damage|p1a: fairy|91\/301|[from] Stealth Rock
|move|p2a: Cradle of Mantis|Bullet Seed|p1a: fairy
|-damage|p1a: fairy|52\/301
|-damage|p1a: fairy|18\/301
|-damage|p1a: fairy|0 fnt
|-hitcount|p1a: fairy|3
|faint|p1a: fairy
|
|upkeep
|choice|switch 4|
|
|switch|p1a: blob|Quagsire, M|284\/394
|-damage|p1a: blob|260\/394|[from] Stealth Rock
|turn|27
|choice|move toxic|move bulletseed
|
|move|p1a: blob|Toxic|p2a: Cradle of Mantis
|-status|p2a: Cradle of Mantis|tox
|move|p2a: Cradle of Mantis|Bullet Seed|p1a: blob
|-supereffective|p1a: blob
|-damage|p1a: blob|176\/394
|-supereffective|p1a: blob
|-damage|p1a: blob|92\/394
|-hitcount|p1a: blob|2
|
|-damage|p2a: Cradle of Mantis|352\/375 tox|[from] psn
|-end|p2a: Cradle of Mantis|move: Taunt
|upkeep
|turn|28
|c|★Kaelcee|gg
|c|★BigFatMantis|gg
|choice|move scald|move bulletseed
|
|move|p1a: blob|Scald|p2a: Cradle of Mantis
|-damage|p2a: Cradle of Mantis|285\/375 tox
|move|p2a: Cradle of Mantis|Bullet Seed|p1a: blob
|-supereffective|p1a: blob
|-damage|p1a: blob|8\/394
|-supereffective|p1a: blob
|-damage|p1a: blob|0 fnt
|-hitcount|p1a: blob|2
|faint|p1a: blob
|
|-damage|p2a: Cradle of Mantis|239\/375 tox|[from] psn
|upkeep
|choice|switch 3|
|
|switch|p1a: doge|Manectric, F|45\/281
|-damage|p1a: doge|10\/281|[from] Stealth Rock
|turn|29
|choice|move thunderbolt|move bulletseed
|
|move|p1a: doge|Thunderbolt|p2a: Cradle of Mantis
|-resisted|p2a: Cradle of Mantis
|-damage|p2a: Cradle of Mantis|171\/375 tox
|move|p2a: Cradle of Mantis|Bullet Seed|p1a: doge
|-damage|p1a: doge|0 fnt
|-hitcount|p1a: doge|1
|faint|p1a: doge
|
|-damage|p2a: Cradle of Mantis|102\/375 tox|[from] psn
|upkeep
|choice|switch 2|
|
|switch|p1a: birb|Archeops, F|112\/291
|-damage|p1a: birb|40\/291|[from] Stealth Rock
|turn|30
|choice|move acrobatics|move bulletseed
|
|move|p1a: birb|Acrobatics|p2a: Cradle of Mantis
|-damage|p2a: Cradle of Mantis|45\/375 tox
|move|p2a: Cradle of Mantis|Bullet Seed|p1a: birb
|-damage|p1a: birb|0 fnt
|-hitcount|p1a: birb|1
|faint|p1a: birb
|
|win|BigFatMantis
|player|p1
|player|p2
|c|★BigFatMantis|welp
|c|★BigFatMantis|gg
|c|★Kaelcee|wpwp
|c|★BigFatMantis|not your best bastion
|c|★BigFatMantis|but these fights make me realize how good Coryn's teams must have been</script>
</div>
<div class="battle-log battle-log-inline"><div class="inner"><div class="battle-options"></div><div class="inner"><div class="chat"><small>Kaelcee joined.</small></div><div class="chat"><small>BigFatMantis joined.</small></div><div class=""><small>Format:</small> <br><strong>NU</strong></div><div class=""><small><em>Sleep Clause Mod:</em> Limit one foe put to sleep</small></div><div class=""><small><em>Species Clause:</em> Limit one of each Pokémon</small></div><div class=""><small><em>OHKO Clause:</em> OHKO moves are banned</small></div><div class=""><small><em>Moody Clause:</em> Moody is banned</small></div><div class=""><small><em>Evasion Moves Clause:</em> Evasion moves are banned</small></div><div class=""><small><em>Endless Battle Clause:</em> Forcing endless battles is banned</small></div><div class=""><small><em>HP Percentage Mod:</em> HP is shown in percentages</small></div><div class=""><small><em>Swagger Clause:</em> Swagger is banned</small></div><div class=""><small><em>Baton Pass Clause:</em> Limit one Baton Passer, can't pass Spe and other stats simultaneously</small></div><div class="chat battle-history"><strong>Kaelcee's team:</strong> <em style="color:#445566;display:block;">Archeops / Weezing / Quagsire / Mesprit / Gurdurr / Manectric</em></div><div class="chat battle-history"><strong>BigFatMantis's team:</strong> <em style="color:#445566;display:block;">Scyther / Claydol / Magmortar / Lickilicky / Cradily / Klinklang</em></div><div class="chat chatmessage-bigfatmantis"><strong style="color:hsl(289,41%,52.486358587914744%)"><small>★</small><span class="username" data-name="BigFatMantis">BigFatMantis</span>:</strong> <em>gldhf</em></div><div class="spacer battle-history"><br></div><div class="battle-history">Battle started between Kaelcee and BigFatMantis!<br></div><div class="spacer battle-history"><br></div><div class="battle-history">Go! birb (<strong>Archeops</strong>)!<br></div><div class="spacer battle-history"><br></div><div class="battle-history">BigFatMantis sent out Mantis Doll (<strong>Claydol</strong>)!<br></div><div class="spacer battle-history"><br></div><h2 class="battle-history">Turn 1</h2><div class="spacer battle-history"><br></div><div class="battle-history">birb used <strong>Taunt</strong>!<br></div><div class="battle-history"><small>The opposing Mantis Doll fell for the taunt!</small><br></div><div class="spacer battle-history"><br></div><div class="battle-history">The opposing Mantis Doll can't use Stealth Rock after the taunt!<br></div><div class="spacer battle-history"><br></div><h2 class="battle-history">Turn 2</h2><div class="spacer battle-history"><br></div><div class="battle-history">BigFatMantis withdrew Mantis Doll!<br></div><div class="battle-history">BigFatMantis sent out Gears of Mantis (<strong>Klinklang</strong>)!<br></div><div class="spacer battle-history"><br></div><div class="battle-history">birb used <strong>U-turn</strong>!<br></div><div class="battle-history"><small>It's not very effective...</small><br></div><div class="battle-history"><small>(The opposing Gears of Mantis lost <abbr title="−42/293">14.3%</abbr> of its health!)</small><br></div><div class="spacer battle-history"><br></div><div class="battle-history">birb went back to Kaelcee!<br></div><div class="battle-history">Go! cheap labor (<strong>Gurdurr</strong>)!<br></div><div class="spacer battle-history"><br></div><div class="battle-history"><small>The opposing Gears of Mantis restored a little HP using its Leftovers!</small><br></div><div class="spacer battle-history"><br></div><h2 class="battle-history">Turn 3</h2><div class="chat chatmessage-kaelcee"><strong style="color:hsl(71,42%,43.63992462978001%)"><small>★</small><span class="username" data-name="Kaelcee">Kaelcee</span>:</strong> <em>why do you think of the wall</em></div><div class="chat chatmessage-kaelcee"><strong style="color:hsl(71,42%,43.63992462978001%)"><small>★</small><span class="username" data-name="Kaelcee">Kaelcee</span>:</strong> <em>THE wall</em></div><div class="spacer battle-history"><br></div><div class="battle-history">BigFatMantis withdrew Gears of Mantis!<br></div><div class="battle-history">BigFatMantis sent out Mantis Doll (<strong>Claydol</strong>)!<br></div><div class="spacer battle-history"><br></div><div class="battle-history">cheap labor used <strong>Knock Off</strong>!<br></div><div class="battle-history"><small>It's super effective!</small><br></div><div class="battle-history"><small>(The opposing Mantis Doll lost <abbr title="−222/324">68.5%</abbr> of its health!)</small><br></div><div class="battle-history"><small>cheap labor knocked off the opposing Mantis Doll's Leftovers!</small><br></div><div class="spacer battle-history"><br></div><h2 class="battle-history">Turn 4</h2><div class="chat chatmessage-bigfatmantis"><strong style="color:hsl(289,41%,52.486358587914744%)"><small>★</small><span class="username" data-name="BigFatMantis">BigFatMantis</span>:</strong> <em>what wall</em></div><div class="spacer battle-history"><br></div><div class="battle-history">The opposing Mantis Doll used <strong>Stealth Rock</strong>!<br></div><div class="battle-history"><small>Pointed stones float in the air around your team!</small><br></div><div class="spacer battle-history"><br></div><div class="battle-history">cheap labor used <strong>Knock Off</strong>!<br></div><div class="battle-history"><small>It's super effective!</small><br></div><div class="battle-history"><small>(The opposing Mantis Doll lost <abbr title="−102/324">31.5%</abbr> of its health!)</small><br></div><div class="spacer battle-history"><br></div><div class="battle-history">The opposing Mantis Doll fainted!<br></div><div class="chat chatmessage-kaelcee"><strong style="color:hsl(71,42%,43.63992462978001%)"><small>★</small><span class="username" data-name="Kaelcee">Kaelcee</span>:</strong> <em>THE wall everyone is talking about</em></div><div class="chat chatmessage-kaelcee"><strong style="color:hsl(71,42%,43.63992462978001%)"><small>★</small><span class="username" data-name="Kaelcee">Kaelcee</span>:</strong> <em>on the mexican border</em></div><div class="chat chatmessage-bigfatmantis"><strong style="color:hsl(289,41%,52.486358587914744%)"><small>★</small><span class="username" data-name="BigFatMantis">BigFatMantis</span>:</strong> <em>oh</em></div><div class="chat chatmessage-bigfatmantis"><strong style="color:hsl(289,41%,52.486358587914744%)"><small>★</small><span class="username" data-name="BigFatMantis">BigFatMantis</span>:</strong> <em>indifferent</em></div><div class="chat chatmessage-kaelcee"><strong style="color:hsl(71,42%,43.63992462978001%)"><small>★</small><span class="username" data-name="Kaelcee">Kaelcee</span>:</strong> <em>why?</em></div><div class="chat chatmessage-bigfatmantis"><strong style="color:hsl(289,41%,52.486358587914744%)"><small>★</small><span class="username" data-name="BigFatMantis">BigFatMantis</span>:</strong> <em>it's not real</em></div><div class="spacer battle-history"><br></div><div class="battle-history">BigFatMantis sent out Fat Fire Mantis (<strong>Magmortar</strong>)!<br></div><div class="spacer battle-history"><br></div><h2 class="battle-history">Turn 5</h2><div class="chat chatmessage-bigfatmantis"><strong style="color:hsl(289,41%,52.486358587914744%)"><small>★</small><span class="username" data-name="BigFatMantis">BigFatMantis</span>:</strong> <em>I don't think it's actually going to happen</em></div><div class="chat chatmessage-kaelcee"><strong style="color:hsl(71,42%,43.63992462978001%)"><small>★</small><span class="username" data-name="Kaelcee">Kaelcee</span>:</strong> <em>trump intends to make it very much real</em></div><div class="chat chatmessage-bigfatmantis"><strong style="color:hsl(289,41%,52.486358587914744%)"><small>★</small><span class="username" data-name="BigFatMantis">BigFatMantis</span>:</strong> <em>when building begins then I'll form an opinion</em></div><div class="chat chatmessage-bigfatmantis"><strong style="color:hsl(289,41%,52.486358587914744%)"><small>★</small><span class="username" data-name="BigFatMantis">BigFatMantis</span>:</strong> <em>I doubt it</em></div><div class="chat chatmessage-bigfatmantis"><strong style="color:hsl(289,41%,52.486358587914744%)"><small>★</small><span class="username" data-name="BigFatMantis">BigFatMantis</span>:</strong> <em>he just says stuff</em></div><div class="spacer battle-history"><br></div><div class="battle-history">The opposing Fat Fire Mantis used <strong>Lava Plume</strong>!<br></div><div class="battle-history"><small>(cheap labor lost <abbr title="−190/374">50.8%</abbr> of its health!)</small><br></div><div class="spacer battle-history"><br></div><div class="battle-history">cheap labor used <strong>Knock Off</strong>!<br></div><div class="battle-history"><small>(The opposing Fat Fire Mantis lost <abbr title="−145/291">49.8%</abbr> of its health!)</small><br></div><div class="battle-history"><small>cheap labor knocked off the opposing Fat Fire Mantis's Choice Scarf!</small><br></div><div class="spacer battle-history"><br></div><h2 class="battle-history">Turn 6</h2><div class="chat chatmessage-kaelcee"><strong style="color:hsl(71,42%,43.63992462978001%)"><small>★</small><span class="username" data-name="Kaelcee">Kaelcee</span>:</strong> <em>and then he makes executive orders</em></div><div class="spacer battle-history"><br></div><div class="battle-history">The opposing Fat Fire Mantis used <strong>Lava Plume</strong>!<br></div><div class="battle-history"><small>(cheap labor lost <abbr title="−184/374">49.2%</abbr> of its health!)</small><br></div><div class="spacer battle-history"><br></div><div class="battle-history">cheap labor fainted!<br></div><div class="spacer battle-history"><br></div><div class="battle-history">Go! doge (<strong>Manectric</strong>)!<br></div><div class="battle-history"><small>Pointed stones dug into doge!</small><br></div><div class="spacer battle-history"><br></div><h2 class="battle-history">Turn 7</h2><div class="chat chatmessage-bigfatmantis"><strong style="color:hsl(289,41%,52.486358587914744%)"><small>★</small><span class="username" data-name="BigFatMantis">BigFatMantis</span>:</strong> <em>I'm pretty sure other people are making them for him and he's just signing them</em></div><div class="chat chatmessage-bigfatmantis"><strong style="color:hsl(289,41%,52.486358587914744%)"><small>★</small><span class="username" data-name="BigFatMantis">BigFatMantis</span>:</strong> <em>I don't think he actually knows what he's doing</em></div><div class="spacer battle-history"><br></div><div class="battle-history">BigFatMantis withdrew Fat Fire Mantis!<br></div><div class="battle-history">BigFatMantis sent out Cradle of Mantis (<strong>Cradily</strong>)!<br></div><div class="spacer battle-history"><br></div><div class="battle-history">doge used <strong>Volt Switch</strong>!<br></div><div class="battle-history"><small>It's not very effective...</small><br></div><div class="battle-history"><small>(The opposing Cradle of Mantis lost <abbr title="−72/375">19.2%</abbr> of its health!)</small><br></div><div class="chat chatmessage-kaelcee"><strong style="color:hsl(71,42%,43.63992462978001%)"><small>★</small><span class="username" data-name="Kaelcee">Kaelcee</span>:</strong> <em>that's a bold statement tbh</em></div><div class="chat chatmessage-bigfatmantis"><strong style="color:hsl(289,41%,52.486358587914744%)"><small>★</small><span class="username" data-name="BigFatMantis">BigFatMantis</span>:</strong> <em>he probably has a general idea of what he's doing</em></div><div class="spacer battle-history"><br></div><div class="battle-history">doge went back to Kaelcee!<br></div><div class="battle-history">Go! gas (<strong>Weezing</strong>)!<br></div><div class="battle-history"><small>Pointed stones dug into gas!</small><br></div><div class="spacer battle-history"><br></div><div class="battle-history"><small>gas restored a little HP using its Black Sludge!</small><br></div><div class="spacer battle-history"><br></div><h2 class="battle-history">Turn 8</h2><div class="chat chatmessage-bigfatmantis"><strong style="color:hsl(289,41%,52.486358587914744%)"><small>★</small><span class="username" data-name="BigFatMantis">BigFatMantis</span>:</strong> <em>but doesn't know all the specifics of what is actually happening</em></div><div class="spacer battle-history"><br></div><div class="battle-history">BigFatMantis withdrew Cradle of Mantis!<br></div><div class="battle-history">BigFatMantis sent out Fat Fire Mantis (<strong>Magmortar</strong>)!<br></div><div class="spacer battle-history"><br></div><div class="battle-history">gas used <strong>Will-O-Wisp</strong>!<br></div><div class="battle-history"><small>It doesn't affect the opposing Fat Fire Mantis...</small><br></div><div class="spacer battle-history"><br></div><div class="battle-history"><small>gas restored a little HP using its Black Sludge!</small><br></div><div class="spacer battle-history"><br></div><h2 class="battle-history">Turn 9</h2><div class="spacer battle-history"><br></div><div class="battle-history">The opposing Fat Fire Mantis used <strong>Lava Plume</strong>!<br></div><div class="battle-history"><small>(gas lost <abbr title="−142/334">42.5%</abbr> of its health!)</small><br></div><div class="spacer battle-history"><br></div><div class="battle-history">gas used <strong>Toxic Spikes</strong>!<br></div><div class="battle-history"><small>Poison spikes were scattered on the ground all around the opposing team!</small><br></div><div class="spacer battle-history"><br></div><div class="battle-history"><small>gas restored a little HP using its Black Sludge!</small><br></div><div class="spacer battle-history"><br></div><h2 class="battle-history">Turn 10</h2><div class="spacer battle-history"><br></div><div class="battle-history">The opposing Fat Fire Mantis used <strong>Lava Plume</strong>!<br></div><div class="battle-history"><small>(gas lost <abbr title="−130/334">38.9%</abbr> of its health!)</small><br></div><div class="spacer battle-history"><br></div><div class="battle-history">gas used <strong>Toxic Spikes</strong>!<br></div><div class="battle-history"><small>Poison spikes were scattered on the ground all around the opposing team!</small><br></div><div class="spacer battle-history"><br></div><div class="battle-history"><small>gas restored a little HP using its Black Sludge!</small><br></div><div class="spacer battle-history"><br></div><h2 class="battle-history">Turn 11</h2><div class="spacer battle-history"><br></div><div class="battle-history">The opposing Fat Fire Mantis used <strong>Lava Plume</strong>!<br></div><div class="battle-history"><small>(gas lost <abbr title="−101/334">30.2%</abbr> of its health!)</small><br></div><div class="spacer battle-history"><br></div><div class="battle-history">gas fainted!<br></div><div class="spacer battle-history"><br></div><div class="battle-history">Go! birb (<strong>Archeops</strong>)!<br></div><div class="battle-history"><small>Pointed stones dug into birb!</small><br></div><div class="spacer battle-history"><br></div><h2 class="battle-history">Turn 12</h2><div class="spacer battle-history"><br></div><div class="battle-history">BigFatMantis withdrew Fat Fire Mantis!<br></div><div class="battle-history">BigFatMantis sent out Gears of Mantis (<strong>Klinklang</strong>)!<br></div><div class="spacer battle-history"><br></div><div class="battle-history">birb used <strong>Stone Edge</strong>!<br></div><div class="battle-history"><small>It's not very effective...</small><br></div><div class="battle-history"><small>(The opposing Gears of Mantis lost <abbr title="−81/293">27.6%</abbr> of its health!)</small><br></div><div class="spacer battle-history"><br></div><div class="battle-history"><small>The opposing Gears of Mantis restored a little HP using its Leftovers!</small><br></div><div class="spacer battle-history"><br></div><h2 class="battle-history">Turn 13</h2><div class="spacer battle-history"><br></div><div class="battle-history">birb, come back!<br></div><div class="battle-history">Go! blob (<strong>Quagsire</strong>)!<br></div><div class="battle-history"><small>Pointed stones dug into blob!</small><br></div><div class="spacer battle-history"><br></div><div class="battle-history">The opposing Gears of Mantis used <strong>Gear Grind</strong>!<br></div><div class="battle-history"><small>It's not very effective...</small><br></div><div class="battle-history"><small>(blob lost <abbr title="−31/394">7.9%</abbr> of its health!)</small><br></div><div class="battle-history"><small>It's not very effective...</small><br></div><div class="battle-history"><small>(blob lost <abbr title="−34/394">8.6%</abbr> of its health!)</small><br></div><div class="battle-history"><small>Hit 2 times!</small><br></div><div class="spacer battle-history"><br></div><div class="battle-history"><small>The opposing Gears of Mantis restored a little HP using its Leftovers!</small><br></div><div class="battle-history"><small>blob restored a little HP using its Leftovers!</small><br></div><div class="spacer battle-history"><br></div><h2 class="battle-history">Turn 14</h2><div class="spacer battle-history"><br></div><div class="battle-history">BigFatMantis withdrew Gears of Mantis!<br></div><div class="battle-history">BigFatMantis sent out Lickity Mantis (<strong>Lickilicky</strong>)!<br></div><div class="battle-history"><small>The opposing Lickity Mantis was badly poisoned!</small><br></div><div class="spacer battle-history"><br></div><div class="battle-history">blob used <strong>Scald</strong>!<br></div><div class="battle-history"><small>(The opposing Lickity Mantis lost <abbr title="−76/424">17.9%</abbr> of its health!)</small><br></div><div class="spacer battle-history"><br></div><div class="battle-history"><small>The opposing Lickity Mantis restored a little HP using its Leftovers!</small><br></div><div class="battle-history"><small>blob restored a little HP using its Leftovers!</small><br></div><div class="battle-history"><small>The opposing Lickity Mantis was hurt by poison!</small><br></div><div class="spacer battle-history"><br></div><h2 class="battle-history">Turn 15</h2><div class="chat chatmessage-bigfatmantis"><strong style="color:hsl(289,41%,52.486358587914744%)"><small>★</small><span class="username" data-name="BigFatMantis">BigFatMantis</span>:</strong> <em>the state department already cancelled the travel ban</em></div><div class="chat chatmessage-bigfatmantis"><strong style="color:hsl(289,41%,52.486358587914744%)"><small>★</small><span class="username" data-name="BigFatMantis">BigFatMantis</span>:</strong> <em>so that whole circus is over</em></div><div class="chat chatmessage-kaelcee"><strong style="color:hsl(71,42%,43.63992462978001%)"><small>★</small><span class="username" data-name="Kaelcee">Kaelcee</span>:</strong> <em>idk</em></div><div class="spacer battle-history"><br></div><div class="battle-history">blob, come back!<br></div><div class="battle-history">Go! fairy (<strong>Mesprit</strong>)!<br></div><div class="battle-history"><small>Pointed stones dug into fairy!</small><br></div><div class="spacer battle-history"><br></div><div class="battle-history">The opposing Lickity Mantis used <strong>Toxic</strong>!<br></div><div class="battle-history"><small>fairy avoided the attack!</small><br></div><div class="spacer battle-history"><br></div><div class="battle-history"><small>fairy restored a little HP using its Leftovers!</small><br></div><div class="battle-history"><small>The opposing Lickity Mantis restored a little HP using its Leftovers!</small><br></div><div class="battle-history"><small>The opposing Lickity Mantis was hurt by poison!</small><br></div><div class="spacer battle-history"><br></div><h2 class="battle-history">Turn 16</h2><div class="chat chatmessage-kaelcee"><strong style="color:hsl(71,42%,43.63992462978001%)"><small>★</small><span class="username" data-name="Kaelcee">Kaelcee</span>:</strong> <em>he seems to me like the guy who wants to get something done with all cost</em></div><div class="spacer battle-history"><br></div><div class="battle-history">BigFatMantis withdrew Lickity Mantis!<br></div><div class="battle-history">BigFatMantis sent out Mantis 1 (<strong>Scyther</strong>)!<br></div><div class="spacer battle-history"><br></div><div class="battle-history">fairy used <strong>Stealth Rock</strong>!<br></div><div class="battle-history"><small>Pointed stones float in the air around the opposing team!</small><br></div><div class="spacer battle-history"><br></div><div class="battle-history"><small>fairy restored a little HP using its Leftovers!</small><br></div><div class="spacer battle-history"><br></div><h2 class="battle-history">Turn 17</h2><div class="spacer battle-history"><br></div><div class="battle-history">The opposing Mantis 1 used <strong>Knock Off</strong>!<br></div><div class="battle-history"><small>It's super effective!</small><br></div><div class="battle-history"><small>(fairy lost <abbr title="−172/301">57.1%</abbr> of its health!)</small><br></div><div class="battle-history"><small>The opposing Mantis 1 knocked off fairy's Leftovers!</small><br></div><div class="spacer battle-history"><br></div><div class="battle-history">fairy used <strong>U-turn</strong>!<br></div><div class="battle-history"><small>It's not very effective...</small><br></div><div class="battle-history"><small>(The opposing Mantis 1 lost <abbr title="−26/335">7.8%</abbr> of its health!)</small><br></div><div class="spacer battle-history"><br></div><div class="battle-history">fairy went back to Kaelcee!<br></div><div class="battle-history">Go! doge (<strong>Manectric</strong>)!<br></div><div class="battle-history"><small>Pointed stones dug into doge!</small><br></div><div class="spacer battle-history"><br></div><h2 class="battle-history">Turn 18</h2><div class="chat chatmessage-bigfatmantis"><strong style="color:hsl(289,41%,52.486358587914744%)"><small>★</small><span class="username" data-name="BigFatMantis">BigFatMantis</span>:</strong> <em>I think he honestly does want to do good for the country though</em></div><div class="chat chatmessage-bigfatmantis"><strong style="color:hsl(289,41%,52.486358587914744%)"><small>★</small><span class="username" data-name="BigFatMantis">BigFatMantis</span>:</strong> <em>so I'll just wait and see what happens</em></div><div class="spacer battle-history"><br></div><div class="battle-history">doge used <strong>Overheat</strong>!<br></div><div class="battle-history"><small>It's super effective!</small><br></div><div class="battle-history"><small>(The opposing Mantis 1 lost <abbr title="−294/335">87.8%</abbr> of its health!)</small><br></div><div class="battle-history"><small>doge's Special Attack fell harshly!</small><br></div><div class="spacer battle-history"><br></div><div class="battle-history">The opposing Mantis 1 used <strong>Knock Off</strong>!<br></div><div class="battle-history"><small>(doge lost <abbr title="−131/281">46.6%</abbr> of its health!)</small><br></div><div class="battle-history"><small>The opposing Mantis 1 knocked off doge's Choice Specs!</small><br></div><div class="spacer battle-history"><br></div><h2 class="battle-history">Turn 19</h2><div class="spacer battle-history"><br></div><div class="battle-history">The opposing Mantis 1 used <strong>Roost</strong>!<br></div><div class="battle-history"><small>The opposing Mantis 1 restored its HP.</small><br></div><div class="spacer battle-history"><br></div><div class="battle-history">doge used <strong>Volt Switch</strong>!<br></div><div class="battle-history"><small>(The opposing Mantis 1 lost <abbr title="−42/335">12.5%</abbr> of its health!)</small><br></div><div class="spacer battle-history"><br></div><div class="battle-history">doge went back to Kaelcee!<br></div><div class="battle-history">Go! blob (<strong>Quagsire</strong>)!<br></div><div class="battle-history"><small>Pointed stones dug into blob!</small><br></div><div class="spacer battle-history"><br></div><div class="battle-history"><small>blob restored a little HP using its Leftovers!</small><br></div><div class="spacer battle-history"><br></div><h2 class="battle-history">Turn 20</h2><div class="chat chatmessage-bigfatmantis"><strong style="color:hsl(289,41%,52.486358587914744%)"><small>★</small><span class="username" data-name="BigFatMantis">BigFatMantis</span>:</strong> <em>I'm not going to crucify him over the first 2 weeks like everyone else seems to be doing</em></div><div class="chat"><small>Holiano joined.</small></div><div class="spacer battle-history"><br></div><div class="battle-history">The opposing Mantis 1 used <strong>Knock Off</strong>!<br></div><div class="battle-history"><small>(blob lost <abbr title="−69/394">17.5%</abbr> of its health!)</small><br></div><div class="battle-history"><small>The opposing Mantis 1 knocked off blob's Leftovers!</small><br></div><div class="spacer battle-history"><br></div><div class="battle-history">blob used <strong>Toxic</strong>!<br></div><div class="battle-history"><small>The opposing Mantis 1 was badly poisoned!</small><br></div><div class="spacer battle-history"><br></div><div class="battle-history"><small>The opposing Mantis 1 was hurt by poison!</small><br></div><div class="spacer battle-history"><br></div><h2 class="battle-history">Turn 21</h2><div class="spacer battle-history"><br></div><div class="battle-history">blob, come back!<br></div><div class="battle-history">Go! doge (<strong>Manectric</strong>)!<br></div><div class="battle-history"><small>Pointed stones dug into doge!</small><br></div><div class="spacer battle-history"><br></div><div class="battle-history">The opposing Mantis 1 used <strong>Roost</strong>!<br></div><div class="battle-history"><small>The opposing Mantis 1 restored its HP.</small><br></div><div class="spacer battle-history"><br></div><div class="battle-history"><small>The opposing Mantis 1 was hurt by poison!</small><br></div><div class="spacer battle-history"><br></div><h2 class="battle-history">Turn 22</h2><div class="spacer battle-history"><br></div><div class="battle-history">BigFatMantis withdrew Mantis 1!<br></div><div class="battle-history">BigFatMantis sent out Cradle of Mantis (<strong>Cradily</strong>)!<br></div><div class="battle-history"><small>The opposing Cradle of Mantis was badly poisoned!</small><br></div><div class="battle-history"><small>Pointed stones dug into the opposing Cradle of Mantis!</small><br></div><div class="spacer battle-history"><br></div><div class="battle-history">doge used <strong>Thunderbolt</strong>!<br></div><div class="battle-history"><small>It's not very effective...</small><br></div><div class="battle-history"><small>(The opposing Cradle of Mantis lost <abbr title="−64/375">17.1%</abbr> of its health!)</small><br></div><div class="spacer battle-history"><br></div><div class="battle-history"><small>The opposing Cradle of Mantis was hurt by poison!</small><br></div><div class="spacer battle-history"><br></div><h2 class="battle-history">Turn 23</h2><div class="spacer battle-history"><br></div><div class="battle-history">doge used <strong>Overheat</strong>!<br></div><div class="battle-history"><small>(The opposing Cradle of Mantis lost <abbr title="−129/375">34.4%</abbr> of its health!)</small><br></div><div class="battle-history"><small>doge's Special Attack fell harshly!</small><br></div><div class="spacer battle-history"><br></div><div class="battle-history">The opposing Cradle of Mantis used <strong>Rest</strong>!<br></div><div class="battle-history"><small>The opposing Cradle of Mantis fell asleep!</small><br></div><div class="battle-history"><small>The opposing Cradle of Mantis slept and became healthy!</small><br></div><div class="battle-history"><small>The opposing Cradle of Mantis ate its Chesto Berry!</small><br></div><div class="battle-history"><small>The opposing Cradle of Mantis woke up!</small><br></div><div class="spacer battle-history"><br></div><h2 class="battle-history">Turn 24</h2><div class="spacer battle-history"><br></div><div class="battle-history">doge, come back!<br></div><div class="battle-history">Go! birb (<strong>Archeops</strong>)!<br></div><div class="battle-history"><small>Pointed stones dug into birb!</small><br></div><div class="spacer battle-history"><br></div><div class="battle-history">The opposing Cradle of Mantis used <strong>Curse</strong>!<br></div><div class="battle-history"><small>The opposing Cradle of Mantis's Speed fell!</small><br></div><div class="battle-history"><small>The opposing Cradle of Mantis's Attack rose!</small><br></div><div class="battle-history"><small>The opposing Cradle of Mantis's Defense rose!</small><br></div><div class="spacer battle-history"><br></div><h2 class="battle-history">Turn 25</h2><div class="spacer battle-history"><br></div><div class="battle-history">birb used <strong>Taunt</strong>!<br></div><div class="battle-history"><small>The opposing Cradle of Mantis fell for the taunt!</small><br></div><div class="spacer battle-history"><br></div><div class="battle-history">The opposing Cradle of Mantis used <strong>Bullet Seed</strong>!<br></div><div class="battle-history"><small>(birb lost <abbr title="−49/291">16.8%</abbr> of its health!)</small><br></div><div class="battle-history"><small>birb ate its Sitrus Berry!</small><br></div><div class="battle-history"><small>birb restored HP using its Sitrus Berry!</small><br></div><div class="battle-history"><small>(birb lost <abbr title="−58/291">19.9%</abbr> of its health!)</small><br></div><div class="battle-history"><small>Hit 2 times!</small><br></div><div class="spacer battle-history"><br></div><h2 class="battle-history">Turn 26</h2><div class="spacer battle-history"><br></div><div class="battle-history">birb, come back!<br></div><div class="battle-history">Go! fairy (<strong>Mesprit</strong>)!<br></div><div class="battle-history"><small>Pointed stones dug into fairy!</small><br></div><div class="spacer battle-history"><br></div><div class="battle-history">The opposing Cradle of Mantis used <strong>Bullet Seed</strong>!<br></div><div class="battle-history"><small>(fairy lost <abbr title="−39/301">13.0%</abbr> of its health!)</small><br></div><div class="battle-history"><small>(fairy lost <abbr title="−34/301">11.3%</abbr> of its health!)</small><br></div><div class="battle-history"><small>(fairy lost <abbr title="−18/301">6.0%</abbr> of its health!)</small><br></div><div class="battle-history"><small>Hit 3 times!</small><br></div><div class="spacer battle-history"><br></div><div class="battle-history">fairy fainted!<br></div><div class="spacer battle-history"><br></div><div class="battle-history">Go! blob (<strong>Quagsire</strong>)!<br></div><div class="battle-history"><small>Pointed stones dug into blob!</small><br></div><div class="spacer battle-history"><br></div><h2 class="battle-history">Turn 27</h2><div class="spacer battle-history"><br></div><div class="battle-history">blob used <strong>Toxic</strong>!<br></div><div class="battle-history"><small>The opposing Cradle of Mantis was badly poisoned!</small><br></div><div class="spacer battle-history"><br></div><div class="battle-history">The opposing Cradle of Mantis used <strong>Bullet Seed</strong>!<br></div><div class="battle-history"><small>It's super effective!</small><br></div><div class="battle-history"><small>(blob lost <abbr title="−84/394">21.3%</abbr> of its health!)</small><br></div><div class="battle-history"><small>It's super effective!</small><br></div><div class="battle-history"><small>(blob lost <abbr title="−84/394">21.3%</abbr> of its health!)</small><br></div><div class="battle-history"><small>Hit 2 times!</small><br></div><div class="spacer battle-history"><br></div><div class="battle-history"><small>The opposing Cradle of Mantis was hurt by poison!</small><br></div><div class="battle-history"><small>The opposing Cradle of Mantis's taunt wore off!</small><br></div><div class="spacer battle-history"><br></div><h2 class="battle-history">Turn 28</h2><div class="chat chatmessage-kaelcee"><strong style="color:hsl(71,42%,43.63992462978001%)"><small>★</small><span class="username" data-name="Kaelcee">Kaelcee</span>:</strong> <em>gg</em></div><div class="chat chatmessage-bigfatmantis"><strong style="color:hsl(289,41%,52.486358587914744%)"><small>★</small><span class="username" data-name="BigFatMantis">BigFatMantis</span>:</strong> <em>gg</em></div><div class="spacer battle-history"><br></div><div class="battle-history">blob used <strong>Scald</strong>!<br></div><div class="battle-history"><small>(The opposing Cradle of Mantis lost <abbr title="−67/375">17.9%</abbr> of its health!)</small><br></div><div class="spacer battle-history"><br></div><div class="battle-history">The opposing Cradle of Mantis used <strong>Bullet Seed</strong>!<br></div><div class="battle-history"><small>It's super effective!</small><br></div><div class="battle-history"><small>(blob lost <abbr title="−84/394">21.3%</abbr> of its health!)</small><br></div><div class="battle-history"><small>It's super effective!</small><br></div><div class="battle-history"><small>(blob lost <abbr title="−8/394">2.0%</abbr> of its health!)</small><br></div><div class="battle-history"><small>Hit 2 times!</small><br></div><div class="spacer battle-history"><br></div><div class="battle-history">blob fainted!<br></div><div class="spacer battle-history"><br></div><div class="battle-history"><small>The opposing Cradle of Mantis was hurt by poison!</small><br></div><div class="spacer battle-history"><br></div><div class="battle-history">Go! doge (<strong>Manectric</strong>)!<br></div><div class="battle-history"><small>Pointed stones dug into doge!</small><br></div><div class="spacer battle-history"><br></div><h2 class="battle-history">Turn 29</h2><div class="spacer battle-history"><br></div><div class="battle-history">doge used <strong>Thunderbolt</strong>!<br></div><div class="battle-history"><small>It's not very effective...</small><br></div><div class="battle-history"><small>(The opposing Cradle of Mantis lost <abbr title="−68/375">18.1%</abbr> of its health!)</small><br></div><div class="spacer battle-history"><br></div><div class="battle-history">The opposing Cradle of Mantis used <strong>Bullet Seed</strong>!<br></div><div class="battle-history"><small>(doge lost <abbr title="−10/281">3.6%</abbr> of its health!)</small><br></div><div class="battle-history"><small>Hit 1 time!</small><br></div><div class="spacer battle-history"><br></div><div class="battle-history">doge fainted!<br></div><div class="spacer battle-history"><br></div><div class="battle-history"><small>The opposing Cradle of Mantis was hurt by poison!</small><br></div><div class="spacer battle-history"><br></div><div class="battle-history">Go! birb (<strong>Archeops</strong>)!<br></div><div class="battle-history"><small>Pointed stones dug into birb!</small><br></div><div class="spacer battle-history"><br></div><h2 class="battle-history">Turn 30</h2><div class="spacer battle-history"><br></div><div class="battle-history">birb used <strong>Acrobatics</strong>!<br></div><div class="battle-history"><small>(The opposing Cradle of Mantis lost <abbr title="−57/375">15.2%</abbr> of its health!)</small><br></div><div class="spacer battle-history"><br></div><div class="battle-history">The opposing Cradle of Mantis used <strong>Bullet Seed</strong>!<br></div><div class="battle-history"><small>(birb lost <abbr title="−40/291">13.7%</abbr> of its health!)</small><br></div><div class="battle-history"><small>Hit 1 time!</small><br></div><div class="spacer battle-history"><br></div><div class="battle-history">birb fainted!<br></div><div class="spacer battle-history"><br></div><div class="battle-history"><strong>BigFatMantis</strong> won the battle!<br></div><div class="chat chatmessage-bigfatmantis"><strong style="color:hsl(289,41%,52.486358587914744%)"><small>★</small><span class="username" data-name="BigFatMantis">BigFatMantis</span>:</strong> <em>welp</em></div><div class="chat chatmessage-bigfatmantis"><strong style="color:hsl(289,41%,52.486358587914744%)"><small>★</small><span class="username" data-name="BigFatMantis">BigFatMantis</span>:</strong> <em>gg</em></div><div class="chat chatmessage-kaelcee"><strong style="color:hsl(71,42%,43.63992462978001%)"><small>★</small><span class="username" data-name="Kaelcee">Kaelcee</span>:</strong> <em>wpwp</em></div><div class="chat chatmessage-bigfatmantis"><strong style="color:hsl(289,41%,52.486358587914744%)"><small>★</small><span class="username" data-name="BigFatMantis">BigFatMantis</span>:</strong> <em>not your best bastion</em></div><div class="chat chatmessage-bigfatmantis"><strong style="color:hsl(289,41%,52.486358587914744%)"><small>★</small><span class="username" data-name="BigFatMantis">BigFatMantis</span>:</strong> <em>but these fights make me realize how good Coryn's teams must have been</em></div></div><div class="inner-preempt"></div></div></div>
</div>
<script>
let daily = Math.floor(Date.now()/1000/60/60/24);document.write('<script src="https://play.pokemonshowdown.com/js/replay-embed.js?version'+daily+'"></'+'script>');
</script>
