<!DOCTYPE html>
<meta charset="utf-8" />
<!-- version 1 -->
<title>NU replay: Rocket Jules vs. littlesluggo</title>
<style>
html,body {font-family:Verdana, sans-serif;font-size:10pt;margin:0;padding:0;}body{padding:12px 0;} .battle-log {font-family:Verdana, sans-serif;font-size:10pt;} .battle-log-inline {border:1px solid #AAAAAA;background:#EEF2F5;color:black;max-width:640px;margin:0 auto 80px;padding-bottom:5px;} .battle-log .inner {padding:4px 8px 0px 8px;} .battle-log .inner-preempt {padding:0 8px 4px 8px;} .battle-log .inner-after {margin-top:0.5em;} .battle-log h2 {margin:0.5em -8px;padding:4px 8px;border:1px solid #AAAAAA;background:#E0E7EA;border-left:0;border-right:0;font-family:Verdana, sans-serif;font-size:13pt;} .battle-log .chat {vertical-align:middle;padding:3px 0 3px 0;font-size:8pt;} .battle-log .chat strong {color:#40576A;} .battle-log .chat em {padding:1px 4px 1px 3px;color:#000000;font-style:normal;} .chat.mine {background:rgba(0,0,0,0.05);margin-left:-8px;margin-right:-8px;padding-left:8px;padding-right:8px;} .spoiler {color:#BBBBBB;background:#BBBBBB;padding:0px 3px;} .spoiler:hover, .spoiler:active, .spoiler-shown {color:#000000;background:#E2E2E2;padding:0px 3px;} .spoiler a {color:#BBBBBB;} .spoiler:hover a, .spoiler:active a, .spoiler-shown a {color:#2288CC;} .chat code, .chat .spoiler:hover code, .chat .spoiler:active code, .chat .spoiler-shown code {border:1px solid #C0C0C0;background:#EEEEEE;color:black;padding:0 2px;} .chat .spoiler code {border:1px solid #CCCCCC;background:#CCCCCC;color:#CCCCCC;} .battle-log .rated {padding:3px 4px;} .battle-log .rated strong {color:white;background:#89A;padding:1px 4px;border-radius:4px;} .spacer {margin-top:0.5em;} .message-announce {background:#6688AA;color:white;padding:1px 4px 2px;} .message-announce a, .broadcast-green a, .broadcast-blue a, .broadcast-red a {color:#DDEEFF;} .broadcast-green {background-color:#559955;color:white;padding:2px 4px;} .broadcast-blue {background-color:#6688AA;color:white;padding:2px 4px;} .infobox {border:1px solid #6688AA;padding:2px 4px;} .infobox-limited {max-height:200px;overflow:auto;overflow-x:hidden;} .broadcast-red {background-color:#AA5544;color:white;padding:2px 4px;} .message-learn-canlearn {font-weight:bold;color:#228822;text-decoration:underline;} .message-learn-cannotlearn {font-weight:bold;color:#CC2222;text-decoration:underline;} .message-effect-weak {font-weight:bold;color:#CC2222;} .message-effect-resist {font-weight:bold;color:#6688AA;} .message-effect-immune {font-weight:bold;color:#666666;} .message-learn-list {margin-top:0;margin-bottom:0;} .message-throttle-notice, .message-error {color:#992222;} .message-overflow, .chat small.message-overflow {font-size:0pt;} .message-overflow::before {font-size:9pt;content:'...';} .subtle {color:#3A4A66;}
</style>
<div class="wrapper replay-wrapper" style="max-width:1180px;margin:0 auto">
<input type="hidden" name="replayid" value="nu-513597694" />
<div class="battle"></div><div class="battle-log"></div><div class="replay-controls"></div><div class="replay-controls-2"></div>
<h1 style="font-weight:normal;text-align:center"><strong>NU</strong><br /><a href="http://pokemonshowdown.com/users/rocketjules" class="subtle" target="_blank">Rocket Jules</a> vs. <a href="http://pokemonshowdown.com/users/littlesluggo" class="subtle" target="_blank">littlesluggo</a></h1>
<script type="text/plain" class="battle-log-data">|j|Rocket Jules
|j|littlesluggo
|player|p1|Rocket Jules|130
|player|p2|littlesluggo|252
|gametype|singles
|gen|6
|tier|NU
|rated
|seed|2505,30517,56873,15218
|rule|Sleep Clause Mod: Limit one foe put to sleep
|rule|Species Clause: Limit one of each Pokémon
|rule|OHKO Clause: OHKO moves are banned
|rule|Moody Clause: Moody is banned
|rule|Evasion Moves Clause: Evasion moves are banned
|rule|Endless Battle Clause: Forcing endless battles is banned
|rule|HP Percentage Mod: HP is shown in percentages
|clearpoke
|poke|p1|Muk, F|item
|poke|p1|Liepard, F|item
|poke|p1|Mismagius, F|item
|poke|p1|Persian, M|item
|poke|p1|Crustle, M|item
|poke|p1|Seadra, M|item
|poke|p2|Mismagius, M|item
|poke|p2|Clamperl, F|item
|poke|p2|Exeggutor, M|item
|poke|p2|Audino, M|item
|poke|p2|Hariyama, M|item
|poke|p2|Rhydon, M|item
|rule|Swagger Clause: Swagger is banned
|rule|Baton Pass Clause: Limit one Baton Passer, can't pass Spe and other stats simultaneously
|teampreview
|choice|team 5, team 2, team 3, team 4, team 1, team 6|team 1, team 2, team 3, team 4, team 5, team 6
|
|start
|switch|p1a: Crustle|Crustle, M|308\/308
|switch|p2a: Mismagius|Mismagius, M|316\/316
|turn|1
|choice|move stealthrock|move willowisp
|
|move|p2a: Mismagius|Will-O-Wisp|p1a: Crustle
|-status|p1a: Crustle|brn
|move|p1a: Crustle|Stealth Rock|p2a: Mismagius
|-sidestart|p2: littlesluggo|move: Stealth Rock
|
|-damage|p1a: Crustle|270\/308 brn|[from] brn
|upkeep
|turn|2
|choice|move knockoff|move hex
|
|move|p2a: Mismagius|Hex|p1a: Crustle
|-damage|p1a: Crustle|50\/308 brn
|move|p1a: Crustle|Knock Off|p2a: Mismagius
|-supereffective|p2a: Mismagius
|-enditem|p2a: Mismagius|Colbur Berry|[eat]
|-enditem|p2a: Mismagius|Colbur Berry|[weaken]
|-damage|p2a: Mismagius|259\/316
|
|-heal|p1a: Crustle|69\/308 brn|[from] item: Leftovers
|-damage|p1a: Crustle|31\/308 brn|[from] brn
|upkeep
|turn|3
|choice|switch 5|move trickroom
|
|switch|p1a: Muk|Muk, F|403\/403
|move|p2a: Mismagius|Trick Room|p2a: Mismagius
|-fieldstart|move: Trick Room|[of] p2a: Mismagius
|
|upkeep
|turn|4
|j|itrymybestto
|choice|move shadowsneak|switch 6
|
|switch|p2a: Rhydon|Rhydon, M|413\/413
|-damage|p2a: Rhydon|388\/413|[from] Stealth Rock
|move|p1a: Muk|Shadow Sneak|p2a: Rhydon
|-damage|p2a: Rhydon|349\/413
|
|upkeep
|turn|5
|choice|switch 3|move earthquake
|
|switch|p1a: Mismagius|Mismagius, F|261\/261
|move|p2a: Rhydon|Earthquake|p1a: Mismagius
|-immune|p1a: Mismagius|[msg]|[from] ability: Levitate
|
|upkeep
|turn|6
|choice|move energyball|move rockblast
|
|move|p2a: Rhydon|Rock Blast|p1a: Mismagius
|-crit|p1a: Mismagius
|-damage|p1a: Mismagius|147\/261
|-damage|p1a: Mismagius|78\/261
|-hitcount|p1a: Mismagius|2
|move|p1a: Mismagius|Energy Ball|p2a: Rhydon
|-supereffective|p2a: Rhydon
|-crit|p2a: Rhydon
|-damage|p2a: Rhydon|0 fnt
|faint|p2a: Rhydon
|
|upkeep
|c|★littlesluggo|well fuck
|choice||switch 3
|
|switch|p2a: Exeggutor|Exeggutor, M|392\/392
|-damage|p2a: Exeggutor|343\/392|[from] Stealth Rock
|turn|7
|choice|switch 5|move gigadrain
|
|switch|p1a: Crustle|Crustle, M|31\/308 brn
|move|p2a: Exeggutor|Giga Drain|p1a: Crustle
|-damage|p1a: Crustle|0 fnt
|-heal|p2a: Exeggutor|359\/392|[from] drain|[of] p1a: Crustle
|faint|p1a: Crustle
|
|-fieldend|move: Trick Room
|upkeep
|choice|switch 5|
|
|switch|p1a: Mismagius|Mismagius, F|78\/261
|turn|8
|choice|move shadowball|switch 4
|
|switch|p2a: Audino|Audino, M|402\/402
|-damage|p2a: Audino|352\/402|[from] Stealth Rock
|move|p1a: Mismagius|Shadow Ball|p2a: Audino
|-immune|p2a: Audino|[msg]
|
|upkeep
|turn|9
|choice|switch 3|move knockoff
|
|switch|p1a: Muk|Muk, F|403\/403
|move|p2a: Audino|Knock Off|p1a: Muk
|-damage|p1a: Muk|340\/403
|-activate|p1a: Muk|ability: Sticky Hold
|
|upkeep
|turn|10
|choice|move poisonjab|move wish
|
|move|p1a: Muk|Poison Jab|p2a: Audino
|-damage|p2a: Audino|172\/402
|move|p2a: Audino|Wish|p2a: Audino
|
|upkeep
|turn|11
|choice|move poisonjab|switch 5
|
|switch|p2a: Hariyama|Hariyama, M|491\/491
|-damage|p2a: Hariyama|461\/491|[from] Stealth Rock
|move|p1a: Muk|Poison Jab|p2a: Hariyama
|-damage|p2a: Hariyama|158\/491
|-status|p2a: Hariyama|psn
|
|-heal|p2a: Hariyama|359\/491 psn|[from] move: Wish|[wisher] Audino
|-damage|p2a: Hariyama|298\/491 psn|[from] psn
|upkeep
|turn|12
|choice|move poisonjab|move heavyslam
|
|move|p1a: Muk|Poison Jab|p2a: Hariyama
|-damage|p2a: Hariyama|15\/491 psn
|move|p2a: Hariyama|Heavy Slam|p1a: Muk
|-damage|p1a: Muk|111\/403
|-damage|p2a: Hariyama|0 fnt|[from] item: Life Orb
|faint|p2a: Hariyama
|
|upkeep
|choice||switch 5
|
|switch|p2a: Audino|Audino, M|306\/402
|-damage|p2a: Audino|256\/402|[from] Stealth Rock
|turn|13
|choice|move poisonjab|move trickroom
|
|move|p1a: Muk|Poison Jab|p2a: Audino
|-damage|p2a: Audino|66\/402
|-status|p2a: Audino|psn
|move|p2a: Audino|Trick Room|p2a: Audino
|-fieldstart|move: Trick Room|[of] p2a: Audino
|
|-damage|p2a: Audino|16\/402 psn|[from] psn
|upkeep
|turn|14
|choice|switch 3|move knockoff
|
|switch|p1a: Mismagius|Mismagius, F|78\/261
|move|p2a: Audino|Knock Off|p1a: Mismagius
|-supereffective|p1a: Mismagius
|-damage|p1a: Mismagius|0 fnt
|-enditem|p1a: Mismagius|Assault Vest|[from] move: Knock Off|[of] p2a: Audino
|faint|p1a: Mismagius
|
|-damage|p2a: Audino|0 fnt|[from] psn
|upkeep
|faint|p2a: Audino
|choice|switch 2|switch 2
|
|switch|p2a: Clamperl|Clamperl, F|273\/273
|switch|p1a: Liepard|Liepard, F|269\/269
|-damage|p2a: Clamperl|239\/273|[from] Stealth Rock
|turn|15
|choice|move thunderwave|move surf
|
|move|p1a: Liepard|Thunder Wave|p2a: Clamperl
|-status|p2a: Clamperl|par
|move|p2a: Clamperl|Surf|p1a: Liepard
|-enditem|p1a: Liepard|Focus Sash
|-damage|p1a: Liepard|1\/269
|
|upkeep
|turn|16
|choice|switch 6|move surf
|
|switch|p1a: Seadra|Seadra, M|313\/313
|move|p2a: Clamperl|Surf|p1a: Seadra
|-resisted|p1a: Seadra
|-damage|p1a: Seadra|172\/313
|
|upkeep
|turn|17
|choice|move scald|move hiddenpower
|
|move|p2a: Clamperl|Hidden Power|p1a: Seadra
|-supereffective|p1a: Seadra
|-damage|p1a: Seadra|0 fnt
|faint|p1a: Seadra
|
|-fieldend|move: Trick Room
|upkeep
|choice|switch 4|
|
|switch|p1a: Persian|Persian, M|272\/272
|turn|18
|choice|move fakeout|move surf
|
|move|p1a: Persian|Fake Out|p2a: Clamperl
|-damage|p2a: Clamperl|124\/273 par
|cant|p2a: Clamperl|flinch
|
|upkeep
|turn|19
|choice|move doubleedge|move protect
|
|move|p2a: Clamperl|Protect|p2a: Clamperl
|-singleturn|p2a: Clamperl|Protect
|move|p1a: Persian|Double-Edge|p2a: Clamperl
|-activate|p2a: Clamperl|move: Protect
|
|upkeep
|turn|20
|choice|switch 6|move surf
|
|switch|p1a: Liepard|Liepard, F|1\/269
|move|p2a: Clamperl|Surf|p1a: Liepard
|-damage|p1a: Liepard|0 fnt
|faint|p1a: Liepard
|
|upkeep
|choice|switch 6|
|
|switch|p1a: Persian|Persian, M|272\/272
|turn|21
|choice|move fakeout|move protect
|
|move|p2a: Clamperl|Protect|p2a: Clamperl
|-singleturn|p2a: Clamperl|Protect
|move|p1a: Persian|Fake Out|p2a: Clamperl
|-activate|p2a: Clamperl|move: Protect
|
|upkeep
|turn|22
|choice|move doubleedge|move surf
|
|move|p1a: Persian|Double-Edge|p2a: Clamperl
|-damage|p2a: Clamperl|0 fnt
|-damage|p1a: Persian|231\/272|[from] recoil|[of] p2a: Clamperl
|faint|p2a: Clamperl
|
|upkeep
|choice||switch 6
|
|switch|p2a: Mismagius|Mismagius, M|259\/316
|-damage|p2a: Mismagius|220\/316|[from] Stealth Rock
|turn|23
|choice|switch 3|move willowisp
|
|switch|p1a: Muk|Muk, F|111\/403
|move|p2a: Mismagius|Will-O-Wisp|p1a: Muk
|-status|p1a: Muk|brn
|
|-damage|p1a: Muk|61\/403 brn|[from] brn
|upkeep
|turn|24
|choice|move shadowsneak|move hex
|
|move|p1a: Muk|Shadow Sneak|p2a: Mismagius
|-supereffective|p2a: Mismagius
|-damage|p2a: Mismagius|122\/316
|move|p2a: Mismagius|Hex|p1a: Muk
|-damage|p1a: Muk|0 fnt
|faint|p1a: Muk
|
|upkeep
|choice|switch 3|
|
|switch|p1a: Persian|Persian, M|231\/272
|turn|25
|choice|move aerialace|move trickroom
|
|move|p1a: Persian|Aerial Ace|p2a: Mismagius
|-damage|p2a: Mismagius|14\/316
|move|p2a: Mismagius|Trick Room|p2a: Mismagius
|-fieldstart|move: Trick Room|[of] p2a: Mismagius
|
|upkeep
|turn|26
|j|yogibears
|choice|move aerialace|move willowisp
|
|move|p1a: Persian|Aerial Ace|p2a: Mismagius
|-damage|p2a: Mismagius|0 fnt
|faint|p2a: Mismagius
|
|upkeep
|choice||switch 4
|
|switch|p2a: Exeggutor|Exeggutor, M|359\/392
|-damage|p2a: Exeggutor|310\/392|[from] Stealth Rock
|turn|27
|c|★littlesluggo|speed tie?
|choice|move uturn|move psychic
|
|move|p2a: Exeggutor|Psychic|p1a: Persian
|-damage|p1a: Persian|0 fnt
|faint|p1a: Persian
|
|win|littlesluggo
|player|p1
|player|p2
|c|★littlesluggo|gg
|c|★Rocket Jules|gg
|l|yogibears
||Ladder (probably) updated, but score could not be retrieved (Response not received).
|l|itrymybestto
|l|Rocket Jules</script>
</div>
<div class="battle-log battle-log-inline"><div class="inner"><div class="battle-options"></div><div class="inner"><div class="chat"><small>Rocket Jules joined.</small></div><div class="chat"><small>littlesluggo joined.</small></div><div class=""><small>Format:</small> <br><strong>NU</strong></div><div class="rated"><strong>Rated battle</strong></div><div class=""><small><em>Sleep Clause Mod:</em> Limit one foe put to sleep</small></div><div class=""><small><em>Species Clause:</em> Limit one of each Pokémon</small></div><div class=""><small><em>OHKO Clause:</em> OHKO moves are banned</small></div><div class=""><small><em>Moody Clause:</em> Moody is banned</small></div><div class=""><small><em>Evasion Moves Clause:</em> Evasion moves are banned</small></div><div class=""><small><em>Endless Battle Clause:</em> Forcing endless battles is banned</small></div><div class=""><small><em>HP Percentage Mod:</em> HP is shown in percentages</small></div><div class=""><small><em>Swagger Clause:</em> Swagger is banned</small></div><div class=""><small><em>Baton Pass Clause:</em> Limit one Baton Passer, can't pass Spe and other stats simultaneously</small></div><div class="chat battle-history"><strong>Rocket Jules's team:</strong> <em style="color:#445566;display:block;">Muk / Liepard / Mismagius / Persian / Crustle / Seadra</em></div><div class="chat battle-history"><strong>littlesluggo's team:</strong> <em style="color:#445566;display:block;">Mismagius / Clamperl / Exeggutor / Audino / Hariyama / Rhydon</em></div><div class="spacer battle-history"><br></div><div class="battle-history">Battle started between Rocket Jules and littlesluggo!<br></div><div class="spacer battle-history"><br></div><div class="battle-history">Go! <strong>Crustle</strong>!<br></div><div class="spacer battle-history"><br></div><div class="battle-history">littlesluggo sent out <strong>Mismagius</strong>!<br></div><div class="spacer battle-history"><br></div><h2 class="battle-history">Turn 1</h2><div class="spacer battle-history"><br></div><div class="battle-history">The opposing Mismagius used <strong>Will-O-Wisp</strong>!<br></div><div class="battle-history"><small>Crustle was burned!</small><br></div><div class="spacer battle-history"><br></div><div class="battle-history">Crustle used <strong>Stealth Rock</strong>!<br></div><div class="battle-history"><small>Pointed stones float in the air around the opposing team!</small><br></div><div class="spacer battle-history"><br></div><div class="battle-history"><small>Crustle was hurt by its burn!</small><br></div><div class="spacer battle-history"><br></div><h2 class="battle-history">Turn 2</h2><div class="spacer battle-history"><br></div><div class="battle-history">The opposing Mismagius used <strong>Hex</strong>!<br></div><div class="battle-history"><small>(Crustle lost <abbr title="−220/308">71.4%</abbr> of its health!)</small><br></div><div class="spacer battle-history"><br></div><div class="battle-history">Crustle used <strong>Knock Off</strong>!<br></div><div class="battle-history"><small>It's super effective!</small><br></div><div class="battle-history"><small>The opposing Mismagius ate its Colbur Berry!</small><br></div><div class="battle-history"><small>The Colbur Berry weakened the damage to the opposing Mismagius!</small><br></div><div class="battle-history"><small>(The opposing Mismagius lost <abbr title="−57/316">18.0%</abbr> of its health!)</small><br></div><div class="spacer battle-history"><br></div><div class="battle-history"><small>Crustle restored a little HP using its Leftovers!</small><br></div><div class="battle-history"><small>Crustle was hurt by its burn!</small><br></div><div class="spacer battle-history"><br></div><h2 class="battle-history">Turn 3</h2><div class="spacer battle-history"><br></div><div class="battle-history">Crustle, come back!<br></div><div class="battle-history">Go! <strong>Muk</strong>!<br></div><div class="spacer battle-history"><br></div><div class="battle-history">The opposing Mismagius used <strong>Trick Room</strong>!<br></div><div class="battle-history"><small>The opposing Mismagius twisted the dimensions!</small><br></div><div class="spacer battle-history"><br></div><h2 class="battle-history">Turn 4</h2><div class="chat"><small>itrymybestto joined.</small></div><div class="spacer battle-history"><br></div><div class="battle-history">littlesluggo withdrew Mismagius!<br></div><div class="battle-history">littlesluggo sent out <strong>Rhydon</strong>!<br></div><div class="battle-history"><small>Pointed stones dug into the opposing Rhydon!</small><br></div><div class="spacer battle-history"><br></div><div class="battle-history">Muk used <strong>Shadow Sneak</strong>!<br></div><div class="battle-history"><small>(The opposing Rhydon lost <abbr title="−39/413">9.4%</abbr> of its health!)</small><br></div><div class="spacer battle-history"><br></div><h2 class="battle-history">Turn 5</h2><div class="spacer battle-history"><br></div><div class="battle-history">Muk, come back!<br></div><div class="battle-history">Go! <strong>Mismagius</strong>!<br></div><div class="spacer battle-history"><br></div><div class="battle-history">The opposing Rhydon used <strong>Earthquake</strong>!<br></div><div class="battle-history"><small>[Mismagius's Levitate]</small><br><small>It doesn't affect Mismagius...</small><br></div><div class="spacer battle-history"><br></div><h2 class="battle-history">Turn 6</h2><div class="spacer battle-history"><br></div><div class="battle-history">The opposing Rhydon used <strong>Rock Blast</strong>!<br></div><div class="battle-history"><small>A critical hit!</small><br></div><div class="battle-history"><small>(Mismagius lost <abbr title="−114/261">43.7%</abbr> of its health!)</small><br></div><div class="battle-history"><small>(Mismagius lost <abbr title="−69/261">26.4%</abbr> of its health!)</small><br></div><div class="battle-history"><small>Hit 2 times!</small><br></div><div class="spacer battle-history"><br></div><div class="battle-history">Mismagius used <strong>Energy Ball</strong>!<br></div><div class="battle-history"><small>It's super effective!</small><br></div><div class="battle-history"><small>A critical hit!</small><br></div><div class="battle-history"><small>(The opposing Rhydon lost <abbr title="−349/413">84.5%</abbr> of its health!)</small><br></div><div class="spacer battle-history"><br></div><div class="battle-history">The opposing Rhydon fainted!<br></div><div class="chat chatmessage-littlesluggo"><strong style="color:hsl(182,67%,43.56599484202224%)"><small>★</small><span class="username" data-name="littlesluggo">littlesluggo</span>:</strong> <em>well fuck</em></div><div class="spacer battle-history"><br></div><div class="battle-history">littlesluggo sent out <strong>Exeggutor</strong>!<br></div><div class="battle-history"><small>Pointed stones dug into the opposing Exeggutor!</small><br></div><div class="spacer battle-history"><br></div><h2 class="battle-history">Turn 7</h2><div class="spacer battle-history"><br></div><div class="battle-history">Mismagius, come back!<br></div><div class="battle-history">Go! <strong>Crustle</strong>!<br></div><div class="spacer battle-history"><br></div><div class="battle-history">The opposing Exeggutor used <strong>Giga Drain</strong>!<br></div><div class="battle-history"><small>(Crustle lost <abbr title="−31/308">10.1%</abbr> of its health!)</small><br></div><div class="battle-history"><small>Crustle had its energy drained!</small><br></div><div class="spacer battle-history"><br></div><div class="battle-history">Crustle fainted!<br></div><div class="spacer battle-history"><br></div><div class="battle-history"><small>The twisted dimensions returned to normal!</small><br></div><div class="spacer battle-history"><br></div><div class="battle-history">Go! <strong>Mismagius</strong>!<br></div><div class="spacer battle-history"><br></div><h2 class="battle-history">Turn 8</h2><div class="spacer battle-history"><br></div><div class="battle-history">littlesluggo withdrew Exeggutor!<br></div><div class="battle-history">littlesluggo sent out <strong>Audino</strong>!<br></div><div class="battle-history"><small>Pointed stones dug into the opposing Audino!</small><br></div><div class="spacer battle-history"><br></div><div class="battle-history">Mismagius used <strong>Shadow Ball</strong>!<br></div><div class="battle-history"><small>It doesn't affect the opposing Audino...</small><br></div><div class="spacer battle-history"><br></div><h2 class="battle-history">Turn 9</h2><div class="spacer battle-history"><br></div><div class="battle-history">Mismagius, come back!<br></div><div class="battle-history">Go! <strong>Muk</strong>!<br></div><div class="spacer battle-history"><br></div><div class="battle-history">The opposing Audino used <strong>Knock Off</strong>!<br></div><div class="battle-history"><small>(Muk lost <abbr title="−63/403">15.6%</abbr> of its health!)</small><br></div><div class="battle-history"><small>[Muk's Sticky Hold]</small><br><small>Muk's item cannot be removed!</small><br></div><div class="spacer battle-history"><br></div><h2 class="battle-history">Turn 10</h2><div class="spacer battle-history"><br></div><div class="battle-history">Muk used <strong>Poison Jab</strong>!<br></div><div class="battle-history"><small>(The opposing Audino lost <abbr title="−180/402">44.8%</abbr> of its health!)</small><br></div><div class="spacer battle-history"><br></div><div class="battle-history">The opposing Audino used <strong>Wish</strong>!<br></div><div class="spacer battle-history"><br></div><h2 class="battle-history">Turn 11</h2><div class="spacer battle-history"><br></div><div class="battle-history">littlesluggo withdrew Audino!<br></div><div class="battle-history">littlesluggo sent out <strong>Hariyama</strong>!<br></div><div class="battle-history"><small>Pointed stones dug into the opposing Hariyama!</small><br></div><div class="spacer battle-history"><br></div><div class="battle-history">Muk used <strong>Poison Jab</strong>!<br></div><div class="battle-history"><small>(The opposing Hariyama lost <abbr title="−303/491">61.7%</abbr> of its health!)</small><br></div><div class="battle-history"><small>The opposing Hariyama was poisoned!</small><br></div><div class="spacer battle-history"><br></div><div class="battle-history"><small>Audino's wish came true!</small><br></div><div class="battle-history"><small>The opposing Hariyama was hurt by poison!</small><br></div><div class="spacer battle-history"><br></div><h2 class="battle-history">Turn 12</h2><div class="spacer battle-history"><br></div><div class="battle-history">Muk used <strong>Poison Jab</strong>!<br></div><div class="battle-history"><small>(The opposing Hariyama lost <abbr title="−283/491">57.6%</abbr> of its health!)</small><br></div><div class="spacer battle-history"><br></div><div class="battle-history">The opposing Hariyama used <strong>Heavy Slam</strong>!<br></div><div class="battle-history"><small>(Muk lost <abbr title="−229/403">56.8%</abbr> of its health!)</small><br></div><div class="battle-history"><small>The opposing Hariyama lost some of its HP!</small><br></div><div class="spacer battle-history"><br></div><div class="battle-history">The opposing Hariyama fainted!<br></div><div class="spacer battle-history"><br></div><div class="battle-history">littlesluggo sent out <strong>Audino</strong>!<br></div><div class="battle-history"><small>Pointed stones dug into the opposing Audino!</small><br></div><div class="spacer battle-history"><br></div><h2 class="battle-history">Turn 13</h2><div class="spacer battle-history"><br></div><div class="battle-history">Muk used <strong>Poison Jab</strong>!<br></div><div class="battle-history"><small>(The opposing Audino lost <abbr title="−190/402">47.3%</abbr> of its health!)</small><br></div><div class="battle-history"><small>The opposing Audino was poisoned!</small><br></div><div class="spacer battle-history"><br></div><div class="battle-history">The opposing Audino used <strong>Trick Room</strong>!<br></div><div class="battle-history"><small>The opposing Audino twisted the dimensions!</small><br></div><div class="spacer battle-history"><br></div><div class="battle-history"><small>The opposing Audino was hurt by poison!</small><br></div><div class="spacer battle-history"><br></div><h2 class="battle-history">Turn 14</h2><div class="spacer battle-history"><br></div><div class="battle-history">Muk, come back!<br></div><div class="battle-history">Go! <strong>Mismagius</strong>!<br></div><div class="spacer battle-history"><br></div><div class="battle-history">The opposing Audino used <strong>Knock Off</strong>!<br></div><div class="battle-history"><small>It's super effective!</small><br></div><div class="battle-history"><small>(Mismagius lost <abbr title="−78/261">29.9%</abbr> of its health!)</small><br></div><div class="battle-history"><small>The opposing Audino knocked off Mismagius's Assault Vest!</small><br></div><div class="spacer battle-history"><br></div><div class="battle-history">Mismagius fainted!<br></div><div class="spacer battle-history"><br></div><div class="battle-history"><small>The opposing Audino was hurt by poison!</small><br></div><div class="spacer battle-history"><br></div><div class="battle-history">The opposing Audino fainted!<br></div><div class="spacer battle-history"><br></div><div class="battle-history">littlesluggo sent out <strong>Clamperl</strong>!<br></div><div class="spacer battle-history"><br></div><div class="battle-history">Go! <strong>Liepard</strong>!<br></div><div class="battle-history"><small>Pointed stones dug into the opposing Clamperl!</small><br></div><div class="spacer battle-history"><br></div><h2 class="battle-history">Turn 15</h2><div class="spacer battle-history"><br></div><div class="battle-history">Liepard used <strong>Thunder Wave</strong>!<br></div><div class="battle-history"><small>The opposing Clamperl is paralyzed! It may be unable to move!</small><br></div><div class="spacer battle-history"><br></div><div class="battle-history">The opposing Clamperl used <strong>Surf</strong>!<br></div><div class="battle-history"><small>Liepard hung on using its Focus Sash!</small><br></div><div class="battle-history"><small>(Liepard lost <abbr title="−268/269">99.6%</abbr> of its health!)</small><br></div><div class="spacer battle-history"><br></div><h2 class="battle-history">Turn 16</h2><div class="spacer battle-history"><br></div><div class="battle-history">Liepard, come back!<br></div><div class="battle-history">Go! <strong>Seadra</strong>!<br></div><div class="spacer battle-history"><br></div><div class="battle-history">The opposing Clamperl used <strong>Surf</strong>!<br></div><div class="battle-history"><small>It's not very effective...</small><br></div><div class="battle-history"><small>(Seadra lost <abbr title="−141/313">45.0%</abbr> of its health!)</small><br></div><div class="spacer battle-history"><br></div><h2 class="battle-history">Turn 17</h2><div class="spacer battle-history"><br></div><div class="battle-history">The opposing Clamperl used <strong>Hidden Power</strong>!<br></div><div class="battle-history"><small>It's super effective!</small><br></div><div class="battle-history"><small>(Seadra lost <abbr title="−172/313">55.0%</abbr> of its health!)</small><br></div><div class="spacer battle-history"><br></div><div class="battle-history">Seadra fainted!<br></div><div class="spacer battle-history"><br></div><div class="battle-history"><small>The twisted dimensions returned to normal!</small><br></div><div class="spacer battle-history"><br></div><div class="battle-history">Go! <strong>Persian</strong>!<br></div><div class="spacer battle-history"><br></div><h2 class="battle-history">Turn 18</h2><div class="spacer battle-history"><br></div><div class="battle-history">Persian used <strong>Fake Out</strong>!<br></div><div class="battle-history"><small>(The opposing Clamperl lost <abbr title="−115/273">42.1%</abbr> of its health!)</small><br></div><div class="spacer battle-history"><br></div><div class="battle-history">The opposing Clamperl flinched and couldn't move!<br></div><div class="spacer battle-history"><br></div><h2 class="battle-history">Turn 19</h2><div class="spacer battle-history"><br></div><div class="battle-history">The opposing Clamperl used <strong>Protect</strong>!<br></div><div class="battle-history"><small>The opposing Clamperl protected itself!</small><br></div><div class="spacer battle-history"><br></div><div class="battle-history">Persian used <strong>Double-Edge</strong>!<br></div><div class="battle-history"><small>The opposing Clamperl protected itself!</small><br></div><div class="spacer battle-history"><br></div><h2 class="battle-history">Turn 20</h2><div class="spacer battle-history"><br></div><div class="battle-history">Persian, come back!<br></div><div class="battle-history">Go! <strong>Liepard</strong>!<br></div><div class="spacer battle-history"><br></div><div class="battle-history">The opposing Clamperl used <strong>Surf</strong>!<br></div><div class="battle-history"><small>(Liepard lost <abbr title="−1/269">0.4%</abbr> of its health!)</small><br></div><div class="spacer battle-history"><br></div><div class="battle-history">Liepard fainted!<br></div><div class="spacer battle-history"><br></div><div class="battle-history">Go! <strong>Persian</strong>!<br></div><div class="spacer battle-history"><br></div><h2 class="battle-history">Turn 21</h2><div class="spacer battle-history"><br></div><div class="battle-history">The opposing Clamperl used <strong>Protect</strong>!<br></div><div class="battle-history"><small>The opposing Clamperl protected itself!</small><br></div><div class="spacer battle-history"><br></div><div class="battle-history">Persian used <strong>Fake Out</strong>!<br></div><div class="battle-history"><small>The opposing Clamperl protected itself!</small><br></div><div class="spacer battle-history"><br></div><h2 class="battle-history">Turn 22</h2><div class="spacer battle-history"><br></div><div class="battle-history">Persian used <strong>Double-Edge</strong>!<br></div><div class="battle-history"><small>(The opposing Clamperl lost <abbr title="−124/273">45.4%</abbr> of its health!)</small><br></div><div class="battle-history"><small>Persian is damaged by the recoil!</small><br></div><div class="spacer battle-history"><br></div><div class="battle-history">The opposing Clamperl fainted!<br></div><div class="spacer battle-history"><br></div><div class="battle-history">littlesluggo sent out <strong>Mismagius</strong>!<br></div><div class="battle-history"><small>Pointed stones dug into the opposing Mismagius!</small><br></div><div class="spacer battle-history"><br></div><h2 class="battle-history">Turn 23</h2><div class="spacer battle-history"><br></div><div class="battle-history">Persian, come back!<br></div><div class="battle-history">Go! <strong>Muk</strong>!<br></div><div class="spacer battle-history"><br></div><div class="battle-history">The opposing Mismagius used <strong>Will-O-Wisp</strong>!<br></div><div class="battle-history"><small>Muk was burned!</small><br></div><div class="spacer battle-history"><br></div><div class="battle-history"><small>Muk was hurt by its burn!</small><br></div><div class="spacer battle-history"><br></div><h2 class="battle-history">Turn 24</h2><div class="spacer battle-history"><br></div><div class="battle-history">Muk used <strong>Shadow Sneak</strong>!<br></div><div class="battle-history"><small>It's super effective!</small><br></div><div class="battle-history"><small>(The opposing Mismagius lost <abbr title="−98/316">31.0%</abbr> of its health!)</small><br></div><div class="spacer battle-history"><br></div><div class="battle-history">The opposing Mismagius used <strong>Hex</strong>!<br></div><div class="battle-history"><small>(Muk lost <abbr title="−61/403">15.1%</abbr> of its health!)</small><br></div><div class="spacer battle-history"><br></div><div class="battle-history">Muk fainted!<br></div><div class="spacer battle-history"><br></div><div class="battle-history">Go! <strong>Persian</strong>!<br></div><div class="spacer battle-history"><br></div><h2 class="battle-history">Turn 25</h2><div class="spacer battle-history"><br></div><div class="battle-history">Persian used <strong>Aerial Ace</strong>!<br></div><div class="battle-history"><small>(The opposing Mismagius lost <abbr title="−108/316">34.2%</abbr> of its health!)</small><br></div><div class="spacer battle-history"><br></div><div class="battle-history">The opposing Mismagius used <strong>Trick Room</strong>!<br></div><div class="battle-history"><small>The opposing Mismagius twisted the dimensions!</small><br></div><div class="spacer battle-history"><br></div><h2 class="battle-history">Turn 26</h2><div class="chat"><small>yogibears joined.</small></div><div class="spacer battle-history"><br></div><div class="battle-history">Persian used <strong>Aerial Ace</strong>!<br></div><div class="battle-history"><small>(The opposing Mismagius lost <abbr title="−14/316">4.4%</abbr> of its health!)</small><br></div><div class="spacer battle-history"><br></div><div class="battle-history">The opposing Mismagius fainted!<br></div><div class="spacer battle-history"><br></div><div class="battle-history">littlesluggo sent out <strong>Exeggutor</strong>!<br></div><div class="battle-history"><small>Pointed stones dug into the opposing Exeggutor!</small><br></div><div class="spacer battle-history"><br></div><h2 class="battle-history">Turn 27</h2><div class="chat chatmessage-littlesluggo"><strong style="color:hsl(182,67%,43.56599484202224%)"><small>★</small><span class="username" data-name="littlesluggo">littlesluggo</span>:</strong> <em>speed tie?</em></div><div class="spacer battle-history"><br></div><div class="battle-history">The opposing Exeggutor used <strong>Psychic</strong>!<br></div><div class="battle-history"><small>(Persian lost <abbr title="−231/272">84.9%</abbr> of its health!)</small><br></div><div class="spacer battle-history"><br></div><div class="battle-history">Persian fainted!<br></div><div class="spacer battle-history"><br></div><div class="battle-history"><strong>littlesluggo</strong> won the battle!<br></div><div class="chat chatmessage-littlesluggo"><strong style="color:hsl(182,67%,43.56599484202224%)"><small>★</small><span class="username" data-name="littlesluggo">littlesluggo</span>:</strong> <em>gg</em></div><div class="chat chatmessage-rocketjules"><strong style="color:hsl(14,76%,48%)"><small>★</small><span class="username" data-name="Rocket Jules">Rocket Jules</span>:</strong> <em>gg</em></div><div class="chat"><small>yogibears left.</small></div><div class="chat">Ladder (probably) updated, but score could not be retrieved (Response not received).</div><div class="chat"><small>itrymybestto left.</small></div><div class="chat"><small>Rocket Jules left.</small></div></div><div class="inner-preempt"></div></div></div>
</div>
<script>
let daily = Math.floor(Date.now()/1000/60/60/24);document.write('<script src="https://play.pokemonshowdown.com/js/replay-embed.js?version'+daily+'"></'+'script>');
</script>
