<!DOCTYPE html>
<meta charset="utf-8" />
<!-- version 1 -->
<title>NU replay: Shadestep vs. shadowtags</title>
<style>
html,body {font-family:Verdana, sans-serif;font-size:10pt;margin:0;padding:0;}body{padding:12px 0;} .battle-log {font-family:Verdana, sans-serif;font-size:10pt;} .battle-log-inline {border:1px solid #AAAAAA;background:#EEF2F5;color:black;max-width:640px;margin:0 auto 80px;padding-bottom:5px;} .battle-log .inner {padding:4px 8px 0px 8px;} .battle-log .inner-preempt {padding:0 8px 4px 8px;} .battle-log .inner-after {margin-top:0.5em;} .battle-log h2 {margin:0.5em -8px;padding:4px 8px;border:1px solid #AAAAAA;background:#E0E7EA;border-left:0;border-right:0;font-family:Verdana, sans-serif;font-size:13pt;} .battle-log .chat {vertical-align:middle;padding:3px 0 3px 0;font-size:8pt;} .battle-log .chat strong {color:#40576A;} .battle-log .chat em {padding:1px 4px 1px 3px;color:#000000;font-style:normal;} .chat.mine {background:rgba(0,0,0,0.05);margin-left:-8px;margin-right:-8px;padding-left:8px;padding-right:8px;} .spoiler {color:#BBBBBB;background:#BBBBBB;padding:0px 3px;} .spoiler:hover, .spoiler:active, .spoiler-shown {color:#000000;background:#E2E2E2;padding:0px 3px;} .spoiler a {color:#BBBBBB;} .spoiler:hover a, .spoiler:active a, .spoiler-shown a {color:#2288CC;} .chat code, .chat .spoiler:hover code, .chat .spoiler:active code, .chat .spoiler-shown code {border:1px solid #C0C0C0;background:#EEEEEE;color:black;padding:0 2px;} .chat .spoiler code {border:1px solid #CCCCCC;background:#CCCCCC;color:#CCCCCC;} .battle-log .rated {padding:3px 4px;} .battle-log .rated strong {color:white;background:#89A;padding:1px 4px;border-radius:4px;} .spacer {margin-top:0.5em;} .message-announce {background:#6688AA;color:white;padding:1px 4px 2px;} .message-announce a, .broadcast-green a, .broadcast-blue a, .broadcast-red a {color:#DDEEFF;} .broadcast-green {background-color:#559955;color:white;padding:2px 4px;} .broadcast-blue {background-color:#6688AA;color:white;padding:2px 4px;} .infobox {border:1px solid #6688AA;padding:2px 4px;} .infobox-limited {max-height:200px;overflow:auto;overflow-x:hidden;} .broadcast-red {background-color:#AA5544;color:white;padding:2px 4px;} .message-learn-canlearn {font-weight:bold;color:#228822;text-decoration:underline;} .message-learn-cannotlearn {font-weight:bold;color:#CC2222;text-decoration:underline;} .message-effect-weak {font-weight:bold;color:#CC2222;} .message-effect-resist {font-weight:bold;color:#6688AA;} .message-effect-immune {font-weight:bold;color:#666666;} .message-learn-list {margin-top:0;margin-bottom:0;} .message-throttle-notice, .message-error {color:#992222;} .message-overflow, .chat small.message-overflow {font-size:0pt;} .message-overflow::before {font-size:9pt;content:'...';} .subtle {color:#3A4A66;}
</style>
<div class="wrapper replay-wrapper" style="max-width:1180px;margin:0 auto">
<input type="hidden" name="replayid" value="nu-526594312" />
<div class="battle"></div><div class="battle-log"></div><div class="replay-controls"></div><div class="replay-controls-2"></div>
<h1 style="font-weight:normal;text-align:center"><strong>NU</strong><br /><a href="http://pokemonshowdown.com/users/shadestep" class="subtle" target="_blank">Shadestep</a> vs. <a href="http://pokemonshowdown.com/users/shadowtags" class="subtle" target="_blank">shadowtags</a></h1>
<script type="text/plain" class="battle-log-data">|j|Shadestep
|j|shadowtags
|player|p1|Shadestep|237
|player|p2|shadowtags|#shadowtags
|gametype|singles
|gen|6
|tier|NU
|seed|53171,52334,39312,53234
|rule|Sleep Clause Mod: Limit one foe put to sleep
|rule|Species Clause: Limit one of each Pokémon
|rule|OHKO Clause: OHKO moves are banned
|rule|Moody Clause: Moody is banned
|rule|Evasion Moves Clause: Evasion moves are banned
|rule|Endless Battle Clause: Forcing endless battles is banned
|rule|HP Percentage Mod: HP is shown in percentages
|clearpoke
|poke|p1|Samurott, F|item
|poke|p1|Piloswine, M|item
|poke|p1|Ferroseed, F|item
|poke|p1|Mesprit|item
|poke|p1|Vivillon-Sandstorm, M|item
|poke|p1|Skuntank, M|item
|poke|p2|Primeape, M|item
|poke|p2|Piloswine, M|item
|poke|p2|Liepard, F|item
|poke|p2|Garbodor, F|item
|poke|p2|Mantine, F|item
|poke|p2|Mismagius, F|item
|rule|Swagger Clause: Swagger is banned
|rule|Baton Pass Clause: Limit one Baton Passer, can't pass Spe and other stats simultaneously
|teampreview
|c|★shadowtags|hf
|c|★Shadestep|u2
|choice|team 4, team 2, team 3, team 1, team 5, team 6|team 6, team 2, team 3, team 4, team 5, team 1
|
|start
|switch|p1a: ict|Mesprit|363\/363
|switch|p2a: Mismagius|Mismagius, F|323\/323
|turn|1
|choice|move knockoff|switch 3
|
|switch|p2a: Liepard|Liepard, F|269\/269
|move|p1a: ict|Knock Off|p2a: Liepard
|-resisted|p2a: Liepard
|-damage|p2a: Liepard|204\/269
|-enditem|p2a: Liepard|Choice Band|[from] move: Knock Off|[of] p1a: ict
|
|upkeep
|turn|2
|choice|switch 6|move uturn
|
|switch|p1a: Chakraaa|Skuntank, M|351\/351
|move|p2a: Liepard|U-turn|p1a: Chakraaa
|-damage|p1a: Chakraaa|274\/351
|choice||switch 2
|
|switch|p2a: Piloswine|Piloswine, M|398\/398
|
|upkeep
|turn|3
|j|Ultron733
|choice|switch 6|move stealthrock
|
|switch|p1a: ict|Mesprit|363\/363
|move|p2a: Piloswine|Stealth Rock|p1a: ict
|-sidestart|p1: Shadestep|move: Stealth Rock
|
|upkeep
|turn|4
|c| Ultron733|Vamos
|choice|move stealthrock|switch 3
|
|switch|p2a: Mismagius|Mismagius, F|323\/323
|move|p1a: ict|Stealth Rock|p2a: Mismagius
|-sidestart|p2: shadowtags|move: Stealth Rock
|
|upkeep
|turn|5
|choice|switch 6|move willowisp
|
|switch|p1a: Chakraaa|Skuntank, M|274\/351
|-damage|p1a: Chakraaa|231\/351|[from] Stealth Rock
|move|p2a: Mismagius|Will-O-Wisp|p1a: Chakraaa
|-status|p1a: Chakraaa|brn
|-enditem|p1a: Chakraaa|Lum Berry|[eat]
|-curestatus|p1a: Chakraaa|brn|[msg]
|
|upkeep
|turn|6
|choice|move pursuit|move willowisp
|
|move|p2a: Mismagius|Will-O-Wisp|p1a: Chakraaa
|-status|p1a: Chakraaa|brn
|move|p1a: Chakraaa|Pursuit|p2a: Mismagius
|-supereffective|p2a: Mismagius
|-crit|p2a: Mismagius
|-damage|p2a: Mismagius|176\/323
|
|-heal|p2a: Mismagius|196\/323|[from] item: Leftovers
|-damage|p1a: Chakraaa|188\/351 brn|[from] brn
|upkeep
|turn|7
|choice|move pursuit|move taunt
|
|move|p2a: Mismagius|Taunt|p1a: Chakraaa
|-start|p1a: Chakraaa|move: Taunt
|move|p1a: Chakraaa|Pursuit|p2a: Mismagius
|-supereffective|p2a: Mismagius
|-damage|p2a: Mismagius|105\/323
|
|-heal|p2a: Mismagius|125\/323|[from] item: Leftovers
|-damage|p1a: Chakraaa|145\/351 brn|[from] brn
|upkeep
|turn|8
|choice|move pursuit|move hex
|
|move|p2a: Mismagius|Hex|p1a: Chakraaa
|-resisted|p1a: Chakraaa
|-damage|p1a: Chakraaa|36\/351 brn
|move|p1a: Chakraaa|Pursuit|p2a: Mismagius
|-supereffective|p2a: Mismagius
|-damage|p2a: Mismagius|34\/323
|
|-heal|p2a: Mismagius|54\/323|[from] item: Leftovers
|-damage|p1a: Chakraaa|0 fnt|[from] brn
|upkeep
|faint|p1a: Chakraaa
|choice|switch 2|
|
|switch|p1a: choolio|Piloswine, M|395\/395
|-damage|p1a: choolio|346\/395|[from] Stealth Rock
|turn|9
|choice|move iceshard|move willowisp
|
|move|p1a: choolio|Ice Shard|p2a: Mismagius
|-crit|p2a: Mismagius
|-damage|p2a: Mismagius|0 fnt
|faint|p2a: Mismagius
|
|upkeep
|l|Ultron733
|c|★Shadestep|fpoa
|choice||switch 6
|
|switch|p2a: Primeape|Primeape, M|271\/271
|-damage|p2a: Primeape|255\/271|[from] Stealth Rock
|turn|10
|choice|move iciclecrash|move closecombat
|
|move|p2a: Primeape|Close Combat|p1a: choolio
|-supereffective|p1a: choolio
|-damage|p1a: choolio|76\/395
|-unboost|p2a: Primeape|def|1
|-unboost|p2a: Primeape|spd|1
|move|p1a: choolio|Icicle Crash|p2a: Primeape
|-damage|p2a: Primeape|0 fnt
|faint|p2a: Primeape
|
|upkeep
|choice||switch 2
|
|switch|p2a: Liepard|Liepard, F|204\/269
|-damage|p2a: Liepard|171\/269|[from] Stealth Rock
|turn|11
|choice|move iceshard|move knockoff
|
|move|p1a: choolio|Ice Shard|p2a: Liepard
|-damage|p2a: Liepard|56\/269
|move|p2a: Liepard|Knock Off|p1a: choolio
|-damage|p1a: choolio|0 fnt
|-enditem|p1a: choolio|Eviolite|[from] move: Knock Off|[of] p2a: Liepard
|faint|p1a: choolio
|
|upkeep
|choice|switch 3|
|
|switch|p1a: joshz|Ferroseed, F|292\/292
|-damage|p1a: joshz|274\/292|[from] Stealth Rock
|turn|12
|choice|move leechseed|move knockoff
|
|move|p2a: Liepard|Knock Off|p1a: joshz
|-damage|p1a: joshz|198\/292
|-damage|p2a: Liepard|23\/269|[from] ability: Iron Barbs|[of] p1a: joshz
|-enditem|p1a: joshz|Eviolite|[from] move: Knock Off|[of] p2a: Liepard
|move|p1a: joshz|Leech Seed|p2a: Liepard
|-start|p2a: Liepard|move: Leech Seed
|
|-damage|p2a: Liepard|0 fnt|[from] Leech Seed|[of] p1a: joshz
|-heal|p1a: joshz|221\/292|[silent]
|upkeep
|faint|p2a: Liepard
|choice||switch 5
|
|switch|p2a: Mantine|Mantine, F|273\/273
|-damage|p2a: Mantine|205\/273|[from] Stealth Rock
|turn|13
|choice|move protect|move substitute
|
|move|p1a: joshz|Protect|p1a: joshz
|-singleturn|p1a: joshz|Protect
|move|p2a: Mantine|Substitute|p2a: Mantine
|-start|p2a: Mantine|Substitute
|-damage|p2a: Mantine|137\/273
|
|-heal|p2a: Mantine|154\/273|[from] item: Leftovers
|upkeep
|turn|14
|c|★Shadestep|major L
|c|★shadowtags|lolol
|choice|switch 6|move scald
|
|switch|p1a: ict|Mesprit|363\/363
|-damage|p1a: ict|318\/363|[from] Stealth Rock
|move|p2a: Mantine|Scald|p1a: ict
|-damage|p1a: ict|207\/363
|
|-heal|p2a: Mantine|171\/273|[from] item: Leftovers
|upkeep
|turn|15
|choice|move knockoff|move airslash
|
|move|p2a: Mantine|Air Slash|p1a: ict
|-damage|p1a: ict|114\/363
|move|p1a: ict|Knock Off|p2a: Mantine
|-end|p2a: Mantine|Substitute
|
|-heal|p2a: Mantine|188\/273|[from] item: Leftovers
|upkeep
|turn|16
|choice|move knockoff|move airslash
|
|move|p2a: Mantine|Air Slash|p1a: ict
|-damage|p1a: ict|20\/363
|move|p1a: ict|Knock Off|p2a: Mantine
|-damage|p2a: Mantine|96\/273
|-enditem|p2a: Mantine|Leftovers|[from] move: Knock Off|[of] p1a: ict
|
|upkeep
|turn|17
|choice|move psychic|move scald
|
|move|p2a: Mantine|Scald|p1a: ict
|-damage|p1a: ict|0 fnt
|faint|p1a: ict
|
|upkeep
|choice|switch 4|
|
|switch|p1a: shekels|Samurott, F|331\/331
|-damage|p1a: shekels|290\/331|[from] Stealth Rock
|turn|18
|c|★shadowtags|love shekels
|choice|move grassknot|move toxic
|
|move|p1a: shekels|Grass Knot|p2a: Mantine
|-damage|p2a: Mantine|0 fnt
|-damage|p1a: shekels|257\/331|[from] item: Life Orb
|faint|p2a: Mantine
|
|upkeep
|c|★Shadestep|true
|choice||switch 4
|
|switch|p2a: Garbodor|Garbodor, F|363\/363
|-damage|p2a: Garbodor|318\/363|[from] Stealth Rock
|turn|19
|choice|switch 6|move gunkshot
|
|switch|p1a: joshz|Ferroseed, F|221\/292
|-damage|p1a: joshz|203\/292|[from] Stealth Rock
|move|p2a: Garbodor|Gunk Shot|p1a: joshz
|-immune|p1a: joshz|[msg]
|
|upkeep
|turn|20
|choice|move spikes|move toxicspikes
|
|move|p2a: Garbodor|Toxic Spikes|p1a: joshz
|-sidestart|p1: Shadestep|move: Toxic Spikes
|move|p1a: joshz|Spikes|p2a: Garbodor
|-sidestart|p2: shadowtags|Spikes
|
|upkeep
|turn|21
|choice|move spikes|switch 3
|
|switch|p2a: Piloswine|Piloswine, M|398\/398
|-damage|p2a: Piloswine|349\/398|[from] Stealth Rock
|-damage|p2a: Piloswine|300\/398|[from] Spikes
|move|p1a: joshz|Spikes|p2a: Piloswine
|-sidestart|p2: shadowtags|Spikes
|
|upkeep
|turn|22
|choice|move gyroball|move iciclecrash
|
|move|p2a: Piloswine|Icicle Crash|p1a: joshz
|-damage|p1a: joshz|85\/292
|move|p1a: joshz|Gyro Ball|p2a: Piloswine
|-supereffective|p2a: Piloswine
|-damage|p2a: Piloswine|142\/398
|
|upkeep
|turn|23
|choice|move gyroball|move earthquake
|
|move|p2a: Piloswine|Earthquake|p1a: joshz
|-damage|p1a: joshz|0 fnt
|faint|p1a: joshz
|
|upkeep
|choice|switch 6|
|
|switch|p1a: shekels|Samurott, F|257\/331
|-damage|p1a: shekels|216\/331|[from] Stealth Rock
|-status|p1a: shekels|psn
|turn|24
|choice|move grassknot|switch 3
|
|switch|p2a: Garbodor|Garbodor, F|318\/363
|-damage|p2a: Garbodor|273\/363|[from] Stealth Rock
|-damage|p2a: Garbodor|213\/363|[from] Spikes
|move|p1a: shekels|Grass Knot|p2a: Garbodor
|-resisted|p2a: Garbodor
|-damage|p2a: Garbodor|123\/363
|-damage|p1a: shekels|161\/331 psn|[from] item: Rocky Helmet|[of] p2a: Garbodor
|-damage|p1a: shekels|128\/331 psn|[from] item: Life Orb
|
|-damage|p1a: shekels|87\/331 psn|[from] psn
|upkeep
|turn|25
|choice|move icebeam|move gunkshot
|
|move|p1a: shekels|Ice Beam|p2a: Garbodor
|-damage|p2a: Garbodor|0 fnt
|-damage|p1a: shekels|54\/331 psn|[from] item: Life Orb
|faint|p2a: Garbodor
|
|-damage|p1a: shekels|13\/331 psn|[from] psn
|upkeep
|choice||switch 3
|
|switch|p2a: Piloswine|Piloswine, M|142\/398
|-damage|p2a: Piloswine|76\/398|[from] Spikes
|-damage|p2a: Piloswine|27\/398|[from] Stealth Rock
|turn|26
|c|★Shadestep|f
|c|★Shadestep|dont u win
|c|★Shadestep|kek
|c|★Shadestep|i fucked up
|c|★shadowtags|are u ajet
|c|★Shadestep|no
|c|★shadowtags|thats what im hoping on
|c|★shadowtags|lolol
|c|★Shadestep|else i wouldve gone into samu on the mismag
|c|★Shadestep|on turn 9
|choice|move icebeam|move iceshard
|
|move|p2a: Piloswine|Ice Shard|p1a: shekels
|-resisted|p1a: shekels
|-damage|p1a: shekels|0 fnt
|faint|p1a: shekels
|
|upkeep
|c|★shadowtags|oh yee
|c|★Shadestep|shouldve risked hydro
|choice|switch 5|
|
|switch|p1a: ceraa|Vivillon-Sandstorm, M|301\/301
|-damage|p1a: ceraa|151\/301|[from] Stealth Rock
|turn|27
|c|★Shadestep|crash here if u a real homie
|c|★shadowtags|gg shekels
|choice|move uturn|move iceshard
|
|move|p2a: Piloswine|Ice Shard|p1a: ceraa
|-supereffective|p1a: ceraa
|-damage|p1a: ceraa|0 fnt
|faint|p1a: ceraa
|
|win|shadowtags
|player|p1
|player|p2
|c|★Shadestep|gg boi
|c|★Shadestep|Bless up.</script>
</div>
<div class="battle-log battle-log-inline"><div class="inner"><div class="battle-options"></div><div class="inner"><div class="chat"><small>Shadestep joined.</small></div><div class="chat"><small>shadowtags joined.</small></div><div class=""><small>Format:</small> <br><strong>NU</strong></div><div class=""><small><em>Sleep Clause Mod:</em> Limit one foe put to sleep</small></div><div class=""><small><em>Species Clause:</em> Limit one of each Pokémon</small></div><div class=""><small><em>OHKO Clause:</em> OHKO moves are banned</small></div><div class=""><small><em>Moody Clause:</em> Moody is banned</small></div><div class=""><small><em>Evasion Moves Clause:</em> Evasion moves are banned</small></div><div class=""><small><em>Endless Battle Clause:</em> Forcing endless battles is banned</small></div><div class=""><small><em>HP Percentage Mod:</em> HP is shown in percentages</small></div><div class=""><small><em>Swagger Clause:</em> Swagger is banned</small></div><div class=""><small><em>Baton Pass Clause:</em> Limit one Baton Passer, can't pass Spe and other stats simultaneously</small></div><div class="chat battle-history"><strong>Shadestep's team:</strong> <em style="color:#445566;display:block;">Samurott / Piloswine / Ferroseed / Mesprit / Vivillon-Sandstorm / Skuntank</em></div><div class="chat battle-history"><strong>shadowtags's team:</strong> <em style="color:#445566;display:block;">Primeape / Piloswine / Liepard / Garbodor / Mantine / Mismagius</em></div><div class="chat chatmessage-shadowtags"><strong style="color:hsl(126,46%,34%)"><small>★</small><span class="username" data-name="shadowtags">shadowtags</span>:</strong> <em>hf</em></div><div class="chat chatmessage-shadestep"><strong style="color:hsl(348,69%,49.13556749513967%)"><small>★</small><span class="username" data-name="Shadestep">Shadestep</span>:</strong> <em>u2</em></div><div class="spacer battle-history"><br></div><div class="battle-history">Battle started between Shadestep and shadowtags!<br></div><div class="spacer battle-history"><br></div><div class="battle-history">Go! ict (<strong>Mesprit</strong>)!<br></div><div class="spacer battle-history"><br></div><div class="battle-history">shadowtags sent out <strong>Mismagius</strong>!<br></div><div class="spacer battle-history"><br></div><h2 class="battle-history">Turn 1</h2><div class="spacer battle-history"><br></div><div class="battle-history">shadowtags withdrew Mismagius!<br></div><div class="battle-history">shadowtags sent out <strong>Liepard</strong>!<br></div><div class="spacer battle-history"><br></div><div class="battle-history">ict used <strong>Knock Off</strong>!<br></div><div class="battle-history"><small>It's not very effective...</small><br></div><div class="battle-history"><small>(The opposing Liepard lost <abbr title="−65/269">24.2%</abbr> of its health!)</small><br></div><div class="battle-history"><small>ict knocked off the opposing Liepard's Choice Band!</small><br></div><div class="spacer battle-history"><br></div><h2 class="battle-history">Turn 2</h2><div class="spacer battle-history"><br></div><div class="battle-history">ict, come back!<br></div><div class="battle-history">Go! Chakraaa (<strong>Skuntank</strong>)!<br></div><div class="spacer battle-history"><br></div><div class="battle-history">The opposing Liepard used <strong>U-turn</strong>!<br></div><div class="battle-history"><small>(Chakraaa lost <abbr title="−77/351">21.9%</abbr> of its health!)</small><br></div><div class="spacer battle-history"><br></div><div class="battle-history">The opposing Liepard went back to shadowtags!<br></div><div class="battle-history">shadowtags sent out <strong>Piloswine</strong>!<br></div><div class="spacer battle-history"><br></div><h2 class="battle-history">Turn 3</h2><div class="chat"><small>Ultron733 joined.</small></div><div class="spacer battle-history"><br></div><div class="battle-history">Chakraaa, come back!<br></div><div class="battle-history">Go! ict (<strong>Mesprit</strong>)!<br></div><div class="spacer battle-history"><br></div><div class="battle-history">The opposing Piloswine used <strong>Stealth Rock</strong>!<br></div><div class="battle-history"><small>Pointed stones float in the air around your team!</small><br></div><div class="spacer battle-history"><br></div><h2 class="battle-history">Turn 4</h2><div class="chat chatmessage-ultron733"><strong style="color:hsl(127,44%,45.611024145171776%)"><small> </small><span class="username" data-name="Ultron733">Ultron733</span>:</strong> <em>Vamos</em></div><div class="spacer battle-history"><br></div><div class="battle-history">shadowtags withdrew Piloswine!<br></div><div class="battle-history">shadowtags sent out <strong>Mismagius</strong>!<br></div><div class="spacer battle-history"><br></div><div class="battle-history">ict used <strong>Stealth Rock</strong>!<br></div><div class="battle-history"><small>Pointed stones float in the air around the opposing team!</small><br></div><div class="spacer battle-history"><br></div><h2 class="battle-history">Turn 5</h2><div class="spacer battle-history"><br></div><div class="battle-history">ict, come back!<br></div><div class="battle-history">Go! Chakraaa (<strong>Skuntank</strong>)!<br></div><div class="battle-history"><small>Pointed stones dug into Chakraaa!</small><br></div><div class="spacer battle-history"><br></div><div class="battle-history">The opposing Mismagius used <strong>Will-O-Wisp</strong>!<br></div><div class="battle-history"><small>Chakraaa was burned!</small><br></div><div class="battle-history"><small>Chakraaa ate its Lum Berry!</small><br></div><div class="battle-history"><small>Chakraaa's burn was healed.</small><br></div><div class="spacer battle-history"><br></div><h2 class="battle-history">Turn 6</h2><div class="spacer battle-history"><br></div><div class="battle-history">The opposing Mismagius used <strong>Will-O-Wisp</strong>!<br></div><div class="battle-history"><small>Chakraaa was burned!</small><br></div><div class="spacer battle-history"><br></div><div class="battle-history">Chakraaa used <strong>Pursuit</strong>!<br></div><div class="battle-history"><small>It's super effective!</small><br></div><div class="battle-history"><small>A critical hit!</small><br></div><div class="battle-history"><small>(The opposing Mismagius lost <abbr title="−147/323">45.5%</abbr> of its health!)</small><br></div><div class="spacer battle-history"><br></div><div class="battle-history"><small>The opposing Mismagius restored a little HP using its Leftovers!</small><br></div><div class="battle-history"><small>Chakraaa was hurt by its burn!</small><br></div><div class="spacer battle-history"><br></div><h2 class="battle-history">Turn 7</h2><div class="spacer battle-history"><br></div><div class="battle-history">The opposing Mismagius used <strong>Taunt</strong>!<br></div><div class="battle-history"><small>Chakraaa fell for the taunt!</small><br></div><div class="spacer battle-history"><br></div><div class="battle-history">Chakraaa used <strong>Pursuit</strong>!<br></div><div class="battle-history"><small>It's super effective!</small><br></div><div class="battle-history"><small>(The opposing Mismagius lost <abbr title="−91/323">28.2%</abbr> of its health!)</small><br></div><div class="spacer battle-history"><br></div><div class="battle-history"><small>The opposing Mismagius restored a little HP using its Leftovers!</small><br></div><div class="battle-history"><small>Chakraaa was hurt by its burn!</small><br></div><div class="spacer battle-history"><br></div><h2 class="battle-history">Turn 8</h2><div class="spacer battle-history"><br></div><div class="battle-history">The opposing Mismagius used <strong>Hex</strong>!<br></div><div class="battle-history"><small>It's not very effective...</small><br></div><div class="battle-history"><small>(Chakraaa lost <abbr title="−109/351">31.1%</abbr> of its health!)</small><br></div><div class="spacer battle-history"><br></div><div class="battle-history">Chakraaa used <strong>Pursuit</strong>!<br></div><div class="battle-history"><small>It's super effective!</small><br></div><div class="battle-history"><small>(The opposing Mismagius lost <abbr title="−91/323">28.2%</abbr> of its health!)</small><br></div><div class="spacer battle-history"><br></div><div class="battle-history"><small>The opposing Mismagius restored a little HP using its Leftovers!</small><br></div><div class="battle-history"><small>Chakraaa was hurt by its burn!</small><br></div><div class="spacer battle-history"><br></div><div class="battle-history">Chakraaa fainted!<br></div><div class="spacer battle-history"><br></div><div class="battle-history">Go! choolio (<strong>Piloswine</strong>)!<br></div><div class="battle-history"><small>Pointed stones dug into choolio!</small><br></div><div class="spacer battle-history"><br></div><h2 class="battle-history">Turn 9</h2><div class="spacer battle-history"><br></div><div class="battle-history">choolio used <strong>Ice Shard</strong>!<br></div><div class="battle-history"><small>A critical hit!</small><br></div><div class="battle-history"><small>(The opposing Mismagius lost <abbr title="−54/323">16.7%</abbr> of its health!)</small><br></div><div class="spacer battle-history"><br></div><div class="battle-history">The opposing Mismagius fainted!<br></div><div class="chat"><small>Ultron733 left.</small></div><div class="chat chatmessage-shadestep"><strong style="color:hsl(348,69%,49.13556749513967%)"><small>★</small><span class="username" data-name="Shadestep">Shadestep</span>:</strong> <em>fpoa</em></div><div class="spacer battle-history"><br></div><div class="battle-history">shadowtags sent out <strong>Primeape</strong>!<br></div><div class="battle-history"><small>Pointed stones dug into the opposing Primeape!</small><br></div><div class="spacer battle-history"><br></div><h2 class="battle-history">Turn 10</h2><div class="spacer battle-history"><br></div><div class="battle-history">The opposing Primeape used <strong>Close Combat</strong>!<br></div><div class="battle-history"><small>It's super effective!</small><br></div><div class="battle-history"><small>(choolio lost <abbr title="−270/395">68.4%</abbr> of its health!)</small><br></div><div class="battle-history"><small>The opposing Primeape's Defense fell!</small><br></div><div class="battle-history"><small>The opposing Primeape's Special Defense fell!</small><br></div><div class="spacer battle-history"><br></div><div class="battle-history">choolio used <strong>Icicle Crash</strong>!<br></div><div class="battle-history"><small>(The opposing Primeape lost <abbr title="−255/271">94.1%</abbr> of its health!)</small><br></div><div class="spacer battle-history"><br></div><div class="battle-history">The opposing Primeape fainted!<br></div><div class="spacer battle-history"><br></div><div class="battle-history">shadowtags sent out <strong>Liepard</strong>!<br></div><div class="battle-history"><small>Pointed stones dug into the opposing Liepard!</small><br></div><div class="spacer battle-history"><br></div><h2 class="battle-history">Turn 11</h2><div class="spacer battle-history"><br></div><div class="battle-history">choolio used <strong>Ice Shard</strong>!<br></div><div class="battle-history"><small>(The opposing Liepard lost <abbr title="−115/269">42.8%</abbr> of its health!)</small><br></div><div class="spacer battle-history"><br></div><div class="battle-history">The opposing Liepard used <strong>Knock Off</strong>!<br></div><div class="battle-history"><small>(choolio lost <abbr title="−76/395">19.2%</abbr> of its health!)</small><br></div><div class="battle-history"><small>The opposing Liepard knocked off choolio's Eviolite!</small><br></div><div class="spacer battle-history"><br></div><div class="battle-history">choolio fainted!<br></div><div class="spacer battle-history"><br></div><div class="battle-history">Go! joshz (<strong>Ferroseed</strong>)!<br></div><div class="battle-history"><small>Pointed stones dug into joshz!</small><br></div><div class="spacer battle-history"><br></div><h2 class="battle-history">Turn 12</h2><div class="spacer battle-history"><br></div><div class="battle-history">The opposing Liepard used <strong>Knock Off</strong>!<br></div><div class="battle-history"><small>(joshz lost <abbr title="−76/292">26.0%</abbr> of its health!)</small><br></div><div class="battle-history"><small>[joshz's Iron Barbs]</small><br><small>The opposing Liepard was hurt!</small><br></div><div class="battle-history"><small>The opposing Liepard knocked off joshz's Eviolite!</small><br></div><div class="spacer battle-history"><br></div><div class="battle-history">joshz used <strong>Leech Seed</strong>!<br></div><div class="battle-history"><small>The opposing Liepard was seeded!</small><br></div><div class="spacer battle-history"><br></div><div class="battle-history"><small>The opposing Liepard's health is sapped by Leech Seed!</small><br></div><div class="spacer battle-history"><br></div><div class="battle-history">The opposing Liepard fainted!<br></div><div class="spacer battle-history"><br></div><div class="battle-history">shadowtags sent out <strong>Mantine</strong>!<br></div><div class="battle-history"><small>Pointed stones dug into the opposing Mantine!</small><br></div><div class="spacer battle-history"><br></div><h2 class="battle-history">Turn 13</h2><div class="spacer battle-history"><br></div><div class="battle-history">joshz used <strong>Protect</strong>!<br></div><div class="battle-history"><small>joshz protected itself!</small><br></div><div class="spacer battle-history"><br></div><div class="battle-history">The opposing Mantine used <strong>Substitute</strong>!<br></div><div class="battle-history"><small>The opposing Mantine put in a substitute!</small><br></div><div class="battle-history"><small>(The opposing Mantine lost <abbr title="−68/273">24.9%</abbr> of its health!)</small><br></div><div class="spacer battle-history"><br></div><div class="battle-history"><small>The opposing Mantine restored a little HP using its Leftovers!</small><br></div><div class="spacer battle-history"><br></div><h2 class="battle-history">Turn 14</h2><div class="chat chatmessage-shadestep"><strong style="color:hsl(348,69%,49.13556749513967%)"><small>★</small><span class="username" data-name="Shadestep">Shadestep</span>:</strong> <em>major L</em></div><div class="chat chatmessage-shadowtags"><strong style="color:hsl(126,46%,34%)"><small>★</small><span class="username" data-name="shadowtags">shadowtags</span>:</strong> <em>lolol</em></div><div class="spacer battle-history"><br></div><div class="battle-history">joshz, come back!<br></div><div class="battle-history">Go! ict (<strong>Mesprit</strong>)!<br></div><div class="battle-history"><small>Pointed stones dug into ict!</small><br></div><div class="spacer battle-history"><br></div><div class="battle-history">The opposing Mantine used <strong>Scald</strong>!<br></div><div class="battle-history"><small>(ict lost <abbr title="−111/363">30.6%</abbr> of its health!)</small><br></div><div class="spacer battle-history"><br></div><div class="battle-history"><small>The opposing Mantine restored a little HP using its Leftovers!</small><br></div><div class="spacer battle-history"><br></div><h2 class="battle-history">Turn 15</h2><div class="spacer battle-history"><br></div><div class="battle-history">The opposing Mantine used <strong>Air Slash</strong>!<br></div><div class="battle-history"><small>(ict lost <abbr title="−93/363">25.6%</abbr> of its health!)</small><br></div><div class="spacer battle-history"><br></div><div class="battle-history">ict used <strong>Knock Off</strong>!<br></div><div class="battle-history"><small>The opposing Mantine's substitute faded!</small><br></div><div class="spacer battle-history"><br></div><div class="battle-history"><small>The opposing Mantine restored a little HP using its Leftovers!</small><br></div><div class="spacer battle-history"><br></div><h2 class="battle-history">Turn 16</h2><div class="spacer battle-history"><br></div><div class="battle-history">The opposing Mantine used <strong>Air Slash</strong>!<br></div><div class="battle-history"><small>(ict lost <abbr title="−94/363">25.9%</abbr> of its health!)</small><br></div><div class="spacer battle-history"><br></div><div class="battle-history">ict used <strong>Knock Off</strong>!<br></div><div class="battle-history"><small>(The opposing Mantine lost <abbr title="−92/273">33.7%</abbr> of its health!)</small><br></div><div class="battle-history"><small>ict knocked off the opposing Mantine's Leftovers!</small><br></div><div class="spacer battle-history"><br></div><h2 class="battle-history">Turn 17</h2><div class="spacer battle-history"><br></div><div class="battle-history">The opposing Mantine used <strong>Scald</strong>!<br></div><div class="battle-history"><small>(ict lost <abbr title="−20/363">5.5%</abbr> of its health!)</small><br></div><div class="spacer battle-history"><br></div><div class="battle-history">ict fainted!<br></div><div class="spacer battle-history"><br></div><div class="battle-history">Go! shekels (<strong>Samurott</strong>)!<br></div><div class="battle-history"><small>Pointed stones dug into shekels!</small><br></div><div class="spacer battle-history"><br></div><h2 class="battle-history">Turn 18</h2><div class="chat chatmessage-shadowtags"><strong style="color:hsl(126,46%,34%)"><small>★</small><span class="username" data-name="shadowtags">shadowtags</span>:</strong> <em>love shekels</em></div><div class="spacer battle-history"><br></div><div class="battle-history">shekels used <strong>Grass Knot</strong>!<br></div><div class="battle-history"><small>(The opposing Mantine lost <abbr title="−96/273">35.2%</abbr> of its health!)</small><br></div><div class="battle-history"><small>shekels lost some of its HP!</small><br></div><div class="spacer battle-history"><br></div><div class="battle-history">The opposing Mantine fainted!<br></div><div class="chat chatmessage-shadestep"><strong style="color:hsl(348,69%,49.13556749513967%)"><small>★</small><span class="username" data-name="Shadestep">Shadestep</span>:</strong> <em>true</em></div><div class="spacer battle-history"><br></div><div class="battle-history">shadowtags sent out <strong>Garbodor</strong>!<br></div><div class="battle-history"><small>Pointed stones dug into the opposing Garbodor!</small><br></div><div class="spacer battle-history"><br></div><h2 class="battle-history">Turn 19</h2><div class="spacer battle-history"><br></div><div class="battle-history">shekels, come back!<br></div><div class="battle-history">Go! joshz (<strong>Ferroseed</strong>)!<br></div><div class="battle-history"><small>Pointed stones dug into joshz!</small><br></div><div class="spacer battle-history"><br></div><div class="battle-history">The opposing Garbodor used <strong>Gunk Shot</strong>!<br></div><div class="battle-history"><small>It doesn't affect joshz...</small><br></div><div class="spacer battle-history"><br></div><h2 class="battle-history">Turn 20</h2><div class="spacer battle-history"><br></div><div class="battle-history">The opposing Garbodor used <strong>Toxic Spikes</strong>!<br></div><div class="battle-history"><small>Poison spikes were scattered on the ground all around your team!</small><br></div><div class="spacer battle-history"><br></div><div class="battle-history">joshz used <strong>Spikes</strong>!<br></div><div class="battle-history"><small>Spikes were scattered on the ground all around the opposing team!</small><br></div><div class="spacer battle-history"><br></div><h2 class="battle-history">Turn 21</h2><div class="spacer battle-history"><br></div><div class="battle-history">shadowtags withdrew Garbodor!<br></div><div class="battle-history">shadowtags sent out <strong>Piloswine</strong>!<br></div><div class="battle-history"><small>Pointed stones dug into the opposing Piloswine!</small><br></div><div class="battle-history"><small>The opposing Piloswine is hurt by the spikes!</small><br></div><div class="spacer battle-history"><br></div><div class="battle-history">joshz used <strong>Spikes</strong>!<br></div><div class="battle-history"><small>Spikes were scattered on the ground all around the opposing team!</small><br></div><div class="spacer battle-history"><br></div><h2 class="battle-history">Turn 22</h2><div class="spacer battle-history"><br></div><div class="battle-history">The opposing Piloswine used <strong>Icicle Crash</strong>!<br></div><div class="battle-history"><small>(joshz lost <abbr title="−118/292">40.4%</abbr> of its health!)</small><br></div><div class="spacer battle-history"><br></div><div class="battle-history">joshz used <strong>Gyro Ball</strong>!<br></div><div class="battle-history"><small>It's super effective!</small><br></div><div class="battle-history"><small>(The opposing Piloswine lost <abbr title="−158/398">39.7%</abbr> of its health!)</small><br></div><div class="spacer battle-history"><br></div><h2 class="battle-history">Turn 23</h2><div class="spacer battle-history"><br></div><div class="battle-history">The opposing Piloswine used <strong>Earthquake</strong>!<br></div><div class="battle-history"><small>(joshz lost <abbr title="−85/292">29.1%</abbr> of its health!)</small><br></div><div class="spacer battle-history"><br></div><div class="battle-history">joshz fainted!<br></div><div class="spacer battle-history"><br></div><div class="battle-history">Go! shekels (<strong>Samurott</strong>)!<br></div><div class="battle-history"><small>Pointed stones dug into shekels!</small><br></div><div class="battle-history"><small>shekels was poisoned!</small><br></div><div class="spacer battle-history"><br></div><h2 class="battle-history">Turn 24</h2><div class="spacer battle-history"><br></div><div class="battle-history">shadowtags withdrew Piloswine!<br></div><div class="battle-history">shadowtags sent out <strong>Garbodor</strong>!<br></div><div class="battle-history"><small>Pointed stones dug into the opposing Garbodor!</small><br></div><div class="battle-history"><small>The opposing Garbodor is hurt by the spikes!</small><br></div><div class="spacer battle-history"><br></div><div class="battle-history">shekels used <strong>Grass Knot</strong>!<br></div><div class="battle-history"><small>It's not very effective...</small><br></div><div class="battle-history"><small>(The opposing Garbodor lost <abbr title="−90/363">24.8%</abbr> of its health!)</small><br></div><div class="battle-history"><small>shekels was hurt by the Rocky Helmet!</small><br></div><div class="battle-history"><small>shekels lost some of its HP!</small><br></div><div class="spacer battle-history"><br></div><div class="battle-history"><small>shekels was hurt by poison!</small><br></div><div class="spacer battle-history"><br></div><h2 class="battle-history">Turn 25</h2><div class="spacer battle-history"><br></div><div class="battle-history">shekels used <strong>Ice Beam</strong>!<br></div><div class="battle-history"><small>(The opposing Garbodor lost <abbr title="−123/363">33.9%</abbr> of its health!)</small><br></div><div class="battle-history"><small>shekels lost some of its HP!</small><br></div><div class="spacer battle-history"><br></div><div class="battle-history">The opposing Garbodor fainted!<br></div><div class="spacer battle-history"><br></div><div class="battle-history"><small>shekels was hurt by poison!</small><br></div><div class="spacer battle-history"><br></div><div class="battle-history">shadowtags sent out <strong>Piloswine</strong>!<br></div><div class="battle-history"><small>The opposing Piloswine is hurt by the spikes!</small><br></div><div class="battle-history"><small>Pointed stones dug into the opposing Piloswine!</small><br></div><div class="spacer battle-history"><br></div><h2 class="battle-history">Turn 26</h2><div class="chat chatmessage-shadestep"><strong style="color:hsl(348,69%,49.13556749513967%)"><small>★</small><span class="username" data-name="Shadestep">Shadestep</span>:</strong> <em>f</em></div><div class="chat chatmessage-shadestep"><strong style="color:hsl(348,69%,49.13556749513967%)"><small>★</small><span class="username" data-name="Shadestep">Shadestep</span>:</strong> <em>dont u win</em></div><div class="chat chatmessage-shadestep"><strong style="color:hsl(348,69%,49.13556749513967%)"><small>★</small><span class="username" data-name="Shadestep">Shadestep</span>:</strong> <em>kek</em></div><div class="chat chatmessage-shadestep"><strong style="color:hsl(348,69%,49.13556749513967%)"><small>★</small><span class="username" data-name="Shadestep">Shadestep</span>:</strong> <em>i fucked up</em></div><div class="chat chatmessage-shadowtags"><strong style="color:hsl(126,46%,34%)"><small>★</small><span class="username" data-name="shadowtags">shadowtags</span>:</strong> <em>are u ajet</em></div><div class="chat chatmessage-shadestep"><strong style="color:hsl(348,69%,49.13556749513967%)"><small>★</small><span class="username" data-name="Shadestep">Shadestep</span>:</strong> <em>no</em></div><div class="chat chatmessage-shadowtags"><strong style="color:hsl(126,46%,34%)"><small>★</small><span class="username" data-name="shadowtags">shadowtags</span>:</strong> <em>thats what im hoping on</em></div><div class="chat chatmessage-shadowtags"><strong style="color:hsl(126,46%,34%)"><small>★</small><span class="username" data-name="shadowtags">shadowtags</span>:</strong> <em>lolol</em></div><div class="chat chatmessage-shadestep"><strong style="color:hsl(348,69%,49.13556749513967%)"><small>★</small><span class="username" data-name="Shadestep">Shadestep</span>:</strong> <em>else i wouldve gone into samu on the mismag</em></div><div class="chat chatmessage-shadestep"><strong style="color:hsl(348,69%,49.13556749513967%)"><small>★</small><span class="username" data-name="Shadestep">Shadestep</span>:</strong> <em>on turn 9</em></div><div class="spacer battle-history"><br></div><div class="battle-history">The opposing Piloswine used <strong>Ice Shard</strong>!<br></div><div class="battle-history"><small>It's not very effective...</small><br></div><div class="battle-history"><small>(shekels lost <abbr title="−13/331">3.9%</abbr> of its health!)</small><br></div><div class="spacer battle-history"><br></div><div class="battle-history">shekels fainted!<br></div><div class="chat chatmessage-shadowtags"><strong style="color:hsl(126,46%,34%)"><small>★</small><span class="username" data-name="shadowtags">shadowtags</span>:</strong> <em>oh yee</em></div><div class="chat chatmessage-shadestep"><strong style="color:hsl(348,69%,49.13556749513967%)"><small>★</small><span class="username" data-name="Shadestep">Shadestep</span>:</strong> <em>shouldve risked hydro</em></div><div class="spacer battle-history"><br></div><div class="battle-history">Go! ceraa (<strong>Vivillon-Sandstorm</strong>)!<br></div><div class="battle-history"><small>Pointed stones dug into ceraa!</small><br></div><div class="spacer battle-history"><br></div><h2 class="battle-history">Turn 27</h2><div class="chat chatmessage-shadestep"><strong style="color:hsl(348,69%,49.13556749513967%)"><small>★</small><span class="username" data-name="Shadestep">Shadestep</span>:</strong> <em>crash here if u a real homie</em></div><div class="chat chatmessage-shadowtags"><strong style="color:hsl(126,46%,34%)"><small>★</small><span class="username" data-name="shadowtags">shadowtags</span>:</strong> <em>gg shekels</em></div><div class="spacer battle-history"><br></div><div class="battle-history">The opposing Piloswine used <strong>Ice Shard</strong>!<br></div><div class="battle-history"><small>It's super effective!</small><br></div><div class="battle-history"><small>(ceraa lost <abbr title="−151/301">50.2%</abbr> of its health!)</small><br></div><div class="spacer battle-history"><br></div><div class="battle-history">ceraa fainted!<br></div><div class="spacer battle-history"><br></div><div class="battle-history"><strong>shadowtags</strong> won the battle!<br></div><div class="chat chatmessage-shadestep"><strong style="color:hsl(348,69%,49.13556749513967%)"><small>★</small><span class="username" data-name="Shadestep">Shadestep</span>:</strong> <em>gg boi</em></div><div class="chat chatmessage-shadestep"><strong style="color:hsl(348,69%,49.13556749513967%)"><small>★</small><span class="username" data-name="Shadestep">Shadestep</span>:</strong> <em>Bless up.</em></div></div><div class="inner-preempt"></div></div></div>
</div>
<script>
let daily = Math.floor(Date.now()/1000/60/60/24);document.write('<script src="https://play.pokemonshowdown.com/js/replay-embed.js?version'+daily+'"></'+'script>');
</script>
