<!DOCTYPE html>
<meta charset="utf-8" />
<!-- version 1 -->
<title>NU replay: lkapkd vs. lcezasfuck</title>
<style>
html,body {font-family:Verdana, sans-serif;font-size:10pt;margin:0;padding:0;}body{padding:12px 0;} .battle-log {font-family:Verdana, sans-serif;font-size:10pt;} .battle-log-inline {border:1px solid #AAAAAA;background:#EEF2F5;color:black;max-width:640px;margin:0 auto 80px;padding-bottom:5px;} .battle-log .inner {padding:4px 8px 0px 8px;} .battle-log .inner-preempt {padding:0 8px 4px 8px;} .battle-log .inner-after {margin-top:0.5em;} .battle-log h2 {margin:0.5em -8px;padding:4px 8px;border:1px solid #AAAAAA;background:#E0E7EA;border-left:0;border-right:0;font-family:Verdana, sans-serif;font-size:13pt;} .battle-log .chat {vertical-align:middle;padding:3px 0 3px 0;font-size:8pt;} .battle-log .chat strong {color:#40576A;} .battle-log .chat em {padding:1px 4px 1px 3px;color:#000000;font-style:normal;} .chat.mine {background:rgba(0,0,0,0.05);margin-left:-8px;margin-right:-8px;padding-left:8px;padding-right:8px;} .spoiler {color:#BBBBBB;background:#BBBBBB;padding:0px 3px;} .spoiler:hover, .spoiler:active, .spoiler-shown {color:#000000;background:#E2E2E2;padding:0px 3px;} .spoiler a {color:#BBBBBB;} .spoiler:hover a, .spoiler:active a, .spoiler-shown a {color:#2288CC;} .chat code, .chat .spoiler:hover code, .chat .spoiler:active code, .chat .spoiler-shown code {border:1px solid #C0C0C0;background:#EEEEEE;color:black;padding:0 2px;} .chat .spoiler code {border:1px solid #CCCCCC;background:#CCCCCC;color:#CCCCCC;} .battle-log .rated {padding:3px 4px;} .battle-log .rated strong {color:white;background:#89A;padding:1px 4px;border-radius:4px;} .spacer {margin-top:0.5em;} .message-announce {background:#6688AA;color:white;padding:1px 4px 2px;} .message-announce a, .broadcast-green a, .broadcast-blue a, .broadcast-red a {color:#DDEEFF;} .broadcast-green {background-color:#559955;color:white;padding:2px 4px;} .broadcast-blue {background-color:#6688AA;color:white;padding:2px 4px;} .infobox {border:1px solid #6688AA;padding:2px 4px;} .infobox-limited {max-height:200px;overflow:auto;overflow-x:hidden;} .broadcast-red {background-color:#AA5544;color:white;padding:2px 4px;} .message-learn-canlearn {font-weight:bold;color:#228822;text-decoration:underline;} .message-learn-cannotlearn {font-weight:bold;color:#CC2222;text-decoration:underline;} .message-effect-weak {font-weight:bold;color:#CC2222;} .message-effect-resist {font-weight:bold;color:#6688AA;} .message-effect-immune {font-weight:bold;color:#666666;} .message-learn-list {margin-top:0;margin-bottom:0;} .message-throttle-notice, .message-error {color:#992222;} .message-overflow, .chat small.message-overflow {font-size:0pt;} .message-overflow::before {font-size:9pt;content:'...';} .subtle {color:#3A4A66;}
</style>
<div class="wrapper replay-wrapper" style="max-width:1180px;margin:0 auto">
<input type="hidden" name="replayid" value="nu-573376478" />
<div class="battle"></div><div class="battle-log"></div><div class="replay-controls"></div><div class="replay-controls-2"></div>
<h1 style="font-weight:normal;text-align:center"><strong>NU</strong><br /><a href="http://pokemonshowdown.com/users/lkapkd" class="subtle" target="_blank">lkapkd</a> vs. <a href="http://pokemonshowdown.com/users/lcezasfuck" class="subtle" target="_blank">lcezasfuck</a></h1>
<script type="text/plain" class="battle-log-data">|j|lkapkd
|j|lcezasfuck
|player|p1|lkapkd|66
|player|p2|lcezasfuck|#teamrocket
|gametype|singles
|gen|6
|tier|NU
|seed|40299,30978,27545,29519
|rule|Sleep Clause Mod: Limit one foe put to sleep
|rule|Species Clause: Limit one of each Pokémon
|rule|OHKO Clause: OHKO moves are banned
|rule|Moody Clause: Moody is banned
|rule|Evasion Moves Clause: Evasion moves are banned
|rule|Endless Battle Clause: Forcing endless battles is banned
|rule|HP Percentage Mod: HP is shown in percentages
|clearpoke
|poke|p1|Charizard, M|item
|poke|p1|Scyther, F|item
|poke|p1|Regice|item
|poke|p1|Omastar, M|item
|poke|p1|Jynx, F|item
|poke|p1|Miltank, F|item
|poke|p2|Pelipper, M|item
|poke|p2|Ferroseed, M|item
|poke|p2|Miltank, F|item
|poke|p2|Scyther, F|item
|poke|p2|Swellow, M|item
|poke|p2|Misdreavus, M|item
|rule|Swagger Clause: Swagger is banned
|rule|Baton Pass Clause: Limit one Baton Passer, can't pass Spe and other stats simultaneously
|teampreview
|j|Stats Bot
|l|Stats Bot
|c|☆lcezasfuck|gl
|inactive|Battle timer is ON: inactive players will automatically lose when time's up. (requested by lkapkd)
|choice|team 1, team 2, team 3, team 4, team 5, team 6|team 6, team 2, team 3, team 4, team 5, team 1
|
|start
|switch|p1a: Charizard|Charizard, M|297\/297
|switch|p2a: Misdreavus|Misdreavus, M|324\/324
|turn|1
|choice|move fireblast|move taunt
|
|move|p1a: Charizard|Fire Blast|p2a: Misdreavus
|-damage|p2a: Misdreavus|199\/324
|-damage|p1a: Charizard|268\/297|[from] item: Life Orb
|move|p2a: Misdreavus|Taunt|p1a: Charizard
|-start|p1a: Charizard|move: Taunt
|
|upkeep
|turn|2
|choice|move airslash|move painsplit
|
|move|p1a: Charizard|Air Slash|p2a: Misdreavus
|-damage|p2a: Misdreavus|112\/324
|-damage|p1a: Charizard|239\/297|[from] item: Life Orb
|cant|p2a: Misdreavus|flinch
|
|upkeep
|turn|3
|choice|move fireblast|switch 3
|
|switch|p2a: Miltank|Miltank, F|394\/394
|move|p1a: Charizard|Fire Blast|p2a: Miltank
|-damage|p2a: Miltank|291\/394
|-damage|p1a: Charizard|210\/297|[from] item: Life Orb
|
|-heal|p2a: Miltank|315\/394|[from] item: Leftovers
|upkeep
|turn|4
|choice|move focusblast|move milkdrink
|
|move|p1a: Charizard|Focus Blast|p2a: Miltank
|-supereffective|p2a: Miltank
|-damage|p2a: Miltank|0 fnt
|-damage|p1a: Charizard|181\/297|[from] item: Life Orb
|faint|p2a: Miltank
|
|-end|p1a: Charizard|move: Taunt
|upkeep
|choice||switch 5
|
|switch|p2a: Swellow|Swellow, M|261\/261
|turn|5
|choice|move fireblast|move boomburst
|
|move|p2a: Swellow|Boomburst|p1a: Charizard
|-damage|p1a: Charizard|0 fnt
|faint|p1a: Charizard
|
|upkeep
|choice|switch 5|
|
|switch|p1a: Jynx|Jynx, F|271\/271
|turn|6
|choice|move lovelykiss|switch 2
|
|switch|p2a: Ferroseed|Ferroseed, M|292\/292
|move|p1a: Jynx|Lovely Kiss|p2a: Ferroseed
|-status|p2a: Ferroseed|slp
|
|upkeep
|turn|7
|choice|move icebeam|move thunderwave
|
|move|p1a: Jynx|Ice Beam|p2a: Ferroseed
|-damage|p2a: Ferroseed|175\/292 slp
|cant|p2a: Ferroseed|slp
|
|upkeep
|turn|8
|choice|switch 3|move thunderwave
|
|switch|p1a: Regice|Regice|301\/301
|cant|p2a: Ferroseed|slp
|
|upkeep
|turn|9
|choice|move rockpolish|move thunderwave
|
|move|p1a: Regice|Rock Polish|p1a: Regice
|-boost|p1a: Regice|spe|2
|-curestatus|p2a: Ferroseed|slp|[msg]
|move|p2a: Ferroseed|Thunder Wave|p1a: Regice
|-status|p1a: Regice|par
|
|upkeep
|turn|10
|choice|move rockpolish|move leechseed
|
|cant|p1a: Regice|par
|move|p2a: Ferroseed|Leech Seed|p1a: Regice
|-start|p1a: Regice|move: Leech Seed
|
|-damage|p1a: Regice|264\/301 par|[from] Leech Seed|[of] p2a: Ferroseed
|-heal|p2a: Ferroseed|212\/292|[silent]
|upkeep
|turn|11
|choice|move rockpolish|switch 4
|
|switch|p2a: Scyther|Scyther, F|281\/281
|move|p1a: Regice|Rock Polish|p1a: Regice
|-boost|p1a: Regice|spe|2
|
|-damage|p1a: Regice|227\/301 par|[from] Leech Seed|[of] p2a: Scyther
|upkeep
|turn|12
|choice|move icebeam|move uturn
|
|move|p2a: Scyther|U-turn|p1a: Regice
|-damage|p1a: Regice|113\/301 par
|choice||switch 4
|
|switch|p2a: Ferroseed|Ferroseed, M|212\/292
|cant|p1a: Regice|par
|
|-damage|p1a: Regice|76\/301 par|[from] Leech Seed|[of] p2a: Ferroseed
|-heal|p2a: Ferroseed|249\/292|[silent]
|upkeep
|turn|13
|c|☆lcezasfuck|Sorry
|choice|move focusblast|move spikes
|
|move|p1a: Regice|Focus Blast|p2a: Ferroseed
|-supereffective|p2a: Ferroseed
|-damage|p2a: Ferroseed|69\/292
|move|p2a: Ferroseed|Spikes|p1a: Regice
|-sidestart|p1: lkapkd|Spikes
|
|-damage|p1a: Regice|39\/301 par|[from] Leech Seed|[of] p2a: Ferroseed
|-heal|p2a: Ferroseed|106\/292|[silent]
|upkeep
|turn|14
|choice|move focusblast|move spikes
|
|move|p1a: Regice|Focus Blast|p2a: Ferroseed|[miss]
|-miss|p1a: Regice|p2a: Ferroseed
|move|p2a: Ferroseed|Spikes|p1a: Regice
|-sidestart|p1: lkapkd|Spikes
|
|-damage|p1a: Regice|2\/301 par|[from] Leech Seed|[of] p2a: Ferroseed
|-heal|p2a: Ferroseed|143\/292|[silent]
|upkeep
|turn|15
|choice|move focusblast|move spikes
|
|move|p1a: Regice|Focus Blast|p2a: Ferroseed
|-supereffective|p2a: Ferroseed
|-damage|p2a: Ferroseed|0 fnt
|faint|p2a: Ferroseed
|
|upkeep
|choice||switch 2
|
|switch|p2a: Swellow|Swellow, M|261\/261
|turn|16
|choice|move icebeam|move boomburst
|
|move|p2a: Swellow|Boomburst|p1a: Regice
|-damage|p1a: Regice|0 fnt
|faint|p1a: Regice
|
|upkeep
|choice|switch 2|
|
|switch|p1a: Scyther|Scyther, F|281\/281
|turn|17
|choice|move swordsdance|move boomburst
|
|move|p2a: Swellow|Boomburst|p1a: Scyther
|-damage|p1a: Scyther|110\/281
|move|p1a: Scyther|Swords Dance|p1a: Scyther
|-boost|p1a: Scyther|atk|2
|
|upkeep
|turn|18
|choice|move quickattack|move boomburst
|
|move|p1a: Scyther|Quick Attack|p2a: Swellow
|-damage|p2a: Swellow|53\/261
|move|p2a: Swellow|Boomburst|p1a: Scyther
|-damage|p1a: Scyther|0 fnt
|faint|p1a: Scyther
|
|upkeep
|choice|switch 4|
|
|switch|p1a: Omastar|Omastar, M|281\/281
|-damage|p1a: Omastar|235\/281|[from] Spikes
|turn|19
|choice|move icebeam|move boomburst
|
|move|p2a: Swellow|Boomburst|p1a: Omastar
|-resisted|p1a: Omastar
|-crit|p1a: Omastar
|-damage|p1a: Omastar|28\/281
|move|p1a: Omastar|Ice Beam|p2a: Swellow
|-supereffective|p2a: Swellow
|-crit|p2a: Swellow
|-damage|p2a: Swellow|0 fnt
|faint|p2a: Swellow
|
|upkeep
|choice||switch 4
|
|switch|p2a: Scyther|Scyther, F|281\/281
|turn|20
|choice|move icebeam|move aerialace
|
|move|p2a: Scyther|Aerial Ace|p1a: Omastar
|-resisted|p1a: Omastar
|-damage|p1a: Omastar|0 fnt
|faint|p1a: Omastar
|
|upkeep
|choice|switch 3|
|
|switch|p1a: Jynx|Jynx, F|271\/271
|-damage|p1a: Jynx|226\/271|[from] Spikes
|turn|21
|j|Blazen͜͡ix♠
|choice|move icebeam|move uturn
|
|move|p2a: Scyther|U-turn|p1a: Jynx
|-supereffective|p1a: Jynx
|-damage|p1a: Jynx|0 fnt
|faint|p1a: Jynx
|choice||switch 6
|
|switch|p2a: Pelipper|Pelipper, M|324\/324
|
|upkeep
|choice|switch 6|
|
|switch|p1a: Miltank|Miltank, F|331\/331
|-damage|p1a: Miltank|276\/331|[from] Spikes
|turn|22
|choice|move bodyslam|move toxic
|
|move|p1a: Miltank|Body Slam|p2a: Pelipper
|-damage|p2a: Pelipper|240\/324
|-status|p2a: Pelipper|par
|move|p2a: Pelipper|Toxic|p1a: Miltank
|-status|p1a: Miltank|tox
|
|-heal|p1a: Miltank|296\/331 tox|[from] item: Leftovers
|-heal|p2a: Pelipper|260\/324 par|[from] item: Leftovers
|-damage|p1a: Miltank|276\/331 tox|[from] psn
|upkeep
|turn|23
|choice|move bodyslam|switch 3
|
|switch|p2a: Misdreavus|Misdreavus, M|112\/324
|move|p1a: Miltank|Body Slam|p2a: Misdreavus
|-immune|p2a: Misdreavus|[msg]
|
|-heal|p1a: Miltank|296\/331 tox|[from] item: Leftovers
|-damage|p1a: Miltank|256\/331 tox|[from] psn
|upkeep
|turn|24
|choice|move zenheadbutt|move taunt
|
|move|p1a: Miltank|Zen Headbutt|p2a: Misdreavus
|-damage|p2a: Misdreavus|54\/324
|cant|p2a: Misdreavus|flinch
|
|-heal|p1a: Miltank|276\/331 tox|[from] item: Leftovers
|-damage|p1a: Miltank|216\/331 tox|[from] psn
|upkeep
|turn|25
|choice|move zenheadbutt|move taunt
|
|move|p1a: Miltank|Zen Headbutt|p2a: Misdreavus
|-damage|p2a: Misdreavus|0 fnt
|faint|p2a: Misdreavus
|
|-heal|p1a: Miltank|236\/331 tox|[from] item: Leftovers
|-damage|p1a: Miltank|156\/331 tox|[from] psn
|upkeep
|choice||switch 6
|
|switch|p2a: Scyther|Scyther, F|281\/281
|turn|26
|choice|move bodyslam|move aerialace
|
|move|p2a: Scyther|Aerial Ace|p1a: Miltank
|-damage|p1a: Miltank|24\/331 tox
|move|p1a: Miltank|Body Slam|p2a: Scyther
|-damage|p2a: Scyther|188\/281
|
|-heal|p1a: Miltank|44\/331 tox|[from] item: Leftovers
|-damage|p1a: Miltank|0 fnt|[from] psn
|upkeep
|faint|p1a: Miltank
|
|win|lcezasfuck</script>
</div>
<div class="battle-log battle-log-inline"><div class="inner"><div class="battle-options"></div><div class="inner"><div class="chat"><small>lkapkd joined.</small></div><div class="chat"><small>lcezasfuck joined.</small></div><div class=""><small>Format:</small> <br><strong>NU</strong></div><div class=""><small><em>Sleep Clause Mod:</em> Limit one foe put to sleep</small></div><div class=""><small><em>Species Clause:</em> Limit one of each Pokémon</small></div><div class=""><small><em>OHKO Clause:</em> OHKO moves are banned</small></div><div class=""><small><em>Moody Clause:</em> Moody is banned</small></div><div class=""><small><em>Evasion Moves Clause:</em> Evasion moves are banned</small></div><div class=""><small><em>Endless Battle Clause:</em> Forcing endless battles is banned</small></div><div class=""><small><em>HP Percentage Mod:</em> HP is shown in percentages</small></div><div class=""><small><em>Swagger Clause:</em> Swagger is banned</small></div><div class=""><small><em>Baton Pass Clause:</em> Limit one Baton Passer, can't pass Spe and other stats simultaneously</small></div><div class="chat battle-history"><strong>lkapkd's team:</strong> <em style="color:#445566;display:block;">Charizard / Scyther / Regice / Omastar / Jynx / Miltank</em></div><div class="chat battle-history"><strong>lcezasfuck's team:</strong> <em style="color:#445566;display:block;">Pelipper / Ferroseed / Miltank / Scyther / Swellow / Misdreavus</em></div><div class="chat"><small>Stats Bot joined.</small></div><div class="chat"><small>Stats Bot left.</small></div><div class="chat chatmessage-lcezasfuck"><strong style="color:hsl(63,60%,38.09380051909%)"><small>☆</small><span class="username" data-name="lcezasfuck">lcezasfuck</span>:</strong> <em>gl</em></div><div class="chat message-error">Battle timer is ON: inactive players will automatically lose when time's up. (requested by lkapkd)</div><div class="spacer battle-history"><br></div><div class="battle-history">Battle started between lkapkd and lcezasfuck!<br></div><div class="spacer battle-history"><br></div><div class="battle-history">Go! <strong>Charizard</strong>!<br></div><div class="spacer battle-history"><br></div><div class="battle-history">lcezasfuck sent out <strong>Misdreavus</strong>!<br></div><div class="spacer battle-history"><br></div><h2 class="battle-history">Turn 1</h2><div class="spacer battle-history"><br></div><div class="battle-history">Charizard used <strong>Fire Blast</strong>!<br></div><div class="battle-history"><small>(The opposing Misdreavus lost <abbr title="−125/324">38.6%</abbr> of its health!)</small><br></div><div class="battle-history"><small>Charizard lost some of its HP!</small><br></div><div class="spacer battle-history"><br></div><div class="battle-history">The opposing Misdreavus used <strong>Taunt</strong>!<br></div><div class="battle-history"><small>Charizard fell for the taunt!</small><br></div><div class="spacer battle-history"><br></div><h2 class="battle-history">Turn 2</h2><div class="spacer battle-history"><br></div><div class="battle-history">Charizard used <strong>Air Slash</strong>!<br></div><div class="battle-history"><small>(The opposing Misdreavus lost <abbr title="−87/324">26.9%</abbr> of its health!)</small><br></div><div class="battle-history"><small>Charizard lost some of its HP!</small><br></div><div class="spacer battle-history"><br></div><div class="battle-history">The opposing Misdreavus flinched and couldn't move!<br></div><div class="spacer battle-history"><br></div><h2 class="battle-history">Turn 3</h2><div class="spacer battle-history"><br></div><div class="battle-history">lcezasfuck withdrew Misdreavus!<br></div><div class="battle-history">lcezasfuck sent out <strong>Miltank</strong>!<br></div><div class="spacer battle-history"><br></div><div class="battle-history">Charizard used <strong>Fire Blast</strong>!<br></div><div class="battle-history"><small>(The opposing Miltank lost <abbr title="−103/394">26.1%</abbr> of its health!)</small><br></div><div class="battle-history"><small>Charizard lost some of its HP!</small><br></div><div class="spacer battle-history"><br></div><div class="battle-history"><small>The opposing Miltank restored a little HP using its Leftovers!</small><br></div><div class="spacer battle-history"><br></div><h2 class="battle-history">Turn 4</h2><div class="spacer battle-history"><br></div><div class="battle-history">Charizard used <strong>Focus Blast</strong>!<br></div><div class="battle-history"><small>It's super effective!</small><br></div><div class="battle-history"><small>(The opposing Miltank lost <abbr title="−315/394">79.9%</abbr> of its health!)</small><br></div><div class="battle-history"><small>Charizard lost some of its HP!</small><br></div><div class="spacer battle-history"><br></div><div class="battle-history">The opposing Miltank fainted!<br></div><div class="spacer battle-history"><br></div><div class="battle-history"><small>Charizard's taunt wore off!</small><br></div><div class="spacer battle-history"><br></div><div class="battle-history">lcezasfuck sent out <strong>Swellow</strong>!<br></div><div class="spacer battle-history"><br></div><h2 class="battle-history">Turn 5</h2><div class="spacer battle-history"><br></div><div class="battle-history">The opposing Swellow used <strong>Boomburst</strong>!<br></div><div class="battle-history"><small>(Charizard lost <abbr title="−181/297">60.9%</abbr> of its health!)</small><br></div><div class="spacer battle-history"><br></div><div class="battle-history">Charizard fainted!<br></div><div class="spacer battle-history"><br></div><div class="battle-history">Go! <strong>Jynx</strong>!<br></div><div class="spacer battle-history"><br></div><h2 class="battle-history">Turn 6</h2><div class="spacer battle-history"><br></div><div class="battle-history">lcezasfuck withdrew Swellow!<br></div><div class="battle-history">lcezasfuck sent out <strong>Ferroseed</strong>!<br></div><div class="spacer battle-history"><br></div><div class="battle-history">Jynx used <strong>Lovely Kiss</strong>!<br></div><div class="battle-history"><small>The opposing Ferroseed fell asleep!</small><br></div><div class="spacer battle-history"><br></div><h2 class="battle-history">Turn 7</h2><div class="spacer battle-history"><br></div><div class="battle-history">Jynx used <strong>Ice Beam</strong>!<br></div><div class="battle-history"><small>(The opposing Ferroseed lost <abbr title="−117/292">40.1%</abbr> of its health!)</small><br></div><div class="spacer battle-history"><br></div><div class="battle-history">The opposing Ferroseed is fast asleep.<br></div><div class="spacer battle-history"><br></div><h2 class="battle-history">Turn 8</h2><div class="spacer battle-history"><br></div><div class="battle-history">Jynx, come back!<br></div><div class="battle-history">Go! <strong>Regice</strong>!<br></div><div class="spacer battle-history"><br></div><div class="battle-history">The opposing Ferroseed is fast asleep.<br></div><div class="spacer battle-history"><br></div><h2 class="battle-history">Turn 9</h2><div class="spacer battle-history"><br></div><div class="battle-history">Regice used <strong>Rock Polish</strong>!<br></div><div class="battle-history"><small>Regice's Speed rose sharply!</small><br></div><div class="battle-history"><small>The opposing Ferroseed woke up!</small><br></div><div class="spacer battle-history"><br></div><div class="battle-history">The opposing Ferroseed used <strong>Thunder Wave</strong>!<br></div><div class="battle-history"><small>Regice is paralyzed! It may be unable to move!</small><br></div><div class="spacer battle-history"><br></div><h2 class="battle-history">Turn 10</h2><div class="spacer battle-history"><br></div><div class="battle-history">Regice is paralyzed! It can't move!<br></div><div class="spacer battle-history"><br></div><div class="battle-history">The opposing Ferroseed used <strong>Leech Seed</strong>!<br></div><div class="battle-history"><small>Regice was seeded!</small><br></div><div class="spacer battle-history"><br></div><div class="battle-history"><small>Regice's health is sapped by Leech Seed!</small><br></div><div class="spacer battle-history"><br></div><h2 class="battle-history">Turn 11</h2><div class="spacer battle-history"><br></div><div class="battle-history">lcezasfuck withdrew Ferroseed!<br></div><div class="battle-history">lcezasfuck sent out <strong>Scyther</strong>!<br></div><div class="spacer battle-history"><br></div><div class="battle-history">Regice used <strong>Rock Polish</strong>!<br></div><div class="battle-history"><small>Regice's Speed rose sharply!</small><br></div><div class="spacer battle-history"><br></div><div class="battle-history"><small>Regice's health is sapped by Leech Seed!</small><br></div><div class="spacer battle-history"><br></div><h2 class="battle-history">Turn 12</h2><div class="spacer battle-history"><br></div><div class="battle-history">The opposing Scyther used <strong>U-turn</strong>!<br></div><div class="battle-history"><small>(Regice lost <abbr title="−114/301">37.9%</abbr> of its health!)</small><br></div><div class="spacer battle-history"><br></div><div class="battle-history">The opposing Scyther went back to lcezasfuck!<br></div><div class="battle-history">lcezasfuck sent out <strong>Ferroseed</strong>!<br></div><div class="spacer battle-history"><br></div><div class="battle-history">Regice is paralyzed! It can't move!<br></div><div class="spacer battle-history"><br></div><div class="battle-history"><small>Regice's health is sapped by Leech Seed!</small><br></div><div class="spacer battle-history"><br></div><h2 class="battle-history">Turn 13</h2><div class="chat chatmessage-lcezasfuck"><strong style="color:hsl(63,60%,38.09380051909%)"><small>☆</small><span class="username" data-name="lcezasfuck">lcezasfuck</span>:</strong> <em>Sorry</em></div><div class="spacer battle-history"><br></div><div class="battle-history">Regice used <strong>Focus Blast</strong>!<br></div><div class="battle-history"><small>It's super effective!</small><br></div><div class="battle-history"><small>(The opposing Ferroseed lost <abbr title="−180/292">61.6%</abbr> of its health!)</small><br></div><div class="spacer battle-history"><br></div><div class="battle-history">The opposing Ferroseed used <strong>Spikes</strong>!<br></div><div class="battle-history"><small>Spikes were scattered on the ground all around your team!</small><br></div><div class="spacer battle-history"><br></div><div class="battle-history"><small>Regice's health is sapped by Leech Seed!</small><br></div><div class="spacer battle-history"><br></div><h2 class="battle-history">Turn 14</h2><div class="spacer battle-history"><br></div><div class="battle-history">Regice used <strong>Focus Blast</strong>!<br></div><div class="battle-history"><small>The opposing Ferroseed avoided the attack!</small><br></div><div class="spacer battle-history"><br></div><div class="battle-history">The opposing Ferroseed used <strong>Spikes</strong>!<br></div><div class="battle-history"><small>Spikes were scattered on the ground all around your team!</small><br></div><div class="spacer battle-history"><br></div><div class="battle-history"><small>Regice's health is sapped by Leech Seed!</small><br></div><div class="spacer battle-history"><br></div><h2 class="battle-history">Turn 15</h2><div class="spacer battle-history"><br></div><div class="battle-history">Regice used <strong>Focus Blast</strong>!<br></div><div class="battle-history"><small>It's super effective!</small><br></div><div class="battle-history"><small>(The opposing Ferroseed lost <abbr title="−143/292">49.0%</abbr> of its health!)</small><br></div><div class="spacer battle-history"><br></div><div class="battle-history">The opposing Ferroseed fainted!<br></div><div class="spacer battle-history"><br></div><div class="battle-history">lcezasfuck sent out <strong>Swellow</strong>!<br></div><div class="spacer battle-history"><br></div><h2 class="battle-history">Turn 16</h2><div class="spacer battle-history"><br></div><div class="battle-history">The opposing Swellow used <strong>Boomburst</strong>!<br></div><div class="battle-history"><small>(Regice lost <abbr title="−2/301">0.7%</abbr> of its health!)</small><br></div><div class="spacer battle-history"><br></div><div class="battle-history">Regice fainted!<br></div><div class="spacer battle-history"><br></div><div class="battle-history">Go! <strong>Scyther</strong>!<br></div><div class="spacer battle-history"><br></div><h2 class="battle-history">Turn 17</h2><div class="spacer battle-history"><br></div><div class="battle-history">The opposing Swellow used <strong>Boomburst</strong>!<br></div><div class="battle-history"><small>(Scyther lost <abbr title="−171/281">60.9%</abbr> of its health!)</small><br></div><div class="spacer battle-history"><br></div><div class="battle-history">Scyther used <strong>Swords Dance</strong>!<br></div><div class="battle-history"><small>Scyther's Attack rose sharply!</small><br></div><div class="spacer battle-history"><br></div><h2 class="battle-history">Turn 18</h2><div class="spacer battle-history"><br></div><div class="battle-history">Scyther used <strong>Quick Attack</strong>!<br></div><div class="battle-history"><small>(The opposing Swellow lost <abbr title="−208/261">79.7%</abbr> of its health!)</small><br></div><div class="spacer battle-history"><br></div><div class="battle-history">The opposing Swellow used <strong>Boomburst</strong>!<br></div><div class="battle-history"><small>(Scyther lost <abbr title="−110/281">39.1%</abbr> of its health!)</small><br></div><div class="spacer battle-history"><br></div><div class="battle-history">Scyther fainted!<br></div><div class="spacer battle-history"><br></div><div class="battle-history">Go! <strong>Omastar</strong>!<br></div><div class="battle-history"><small>Omastar is hurt by the spikes!</small><br></div><div class="spacer battle-history"><br></div><h2 class="battle-history">Turn 19</h2><div class="spacer battle-history"><br></div><div class="battle-history">The opposing Swellow used <strong>Boomburst</strong>!<br></div><div class="battle-history"><small>It's not very effective...</small><br></div><div class="battle-history"><small>A critical hit!</small><br></div><div class="battle-history"><small>(Omastar lost <abbr title="−207/281">73.7%</abbr> of its health!)</small><br></div><div class="spacer battle-history"><br></div><div class="battle-history">Omastar used <strong>Ice Beam</strong>!<br></div><div class="battle-history"><small>It's super effective!</small><br></div><div class="battle-history"><small>A critical hit!</small><br></div><div class="battle-history"><small>(The opposing Swellow lost <abbr title="−53/261">20.3%</abbr> of its health!)</small><br></div><div class="spacer battle-history"><br></div><div class="battle-history">The opposing Swellow fainted!<br></div><div class="spacer battle-history"><br></div><div class="battle-history">lcezasfuck sent out <strong>Scyther</strong>!<br></div><div class="spacer battle-history"><br></div><h2 class="battle-history">Turn 20</h2><div class="spacer battle-history"><br></div><div class="battle-history">The opposing Scyther used <strong>Aerial Ace</strong>!<br></div><div class="battle-history"><small>It's not very effective...</small><br></div><div class="battle-history"><small>(Omastar lost <abbr title="−28/281">10.0%</abbr> of its health!)</small><br></div><div class="spacer battle-history"><br></div><div class="battle-history">Omastar fainted!<br></div><div class="spacer battle-history"><br></div><div class="battle-history">Go! <strong>Jynx</strong>!<br></div><div class="battle-history"><small>Jynx is hurt by the spikes!</small><br></div><div class="spacer battle-history"><br></div><h2 class="battle-history">Turn 21</h2><div class="chat"><small>Blazen͜͡ix♠ joined.</small></div><div class="spacer battle-history"><br></div><div class="battle-history">The opposing Scyther used <strong>U-turn</strong>!<br></div><div class="battle-history"><small>It's super effective!</small><br></div><div class="battle-history"><small>(Jynx lost <abbr title="−226/271">83.4%</abbr> of its health!)</small><br></div><div class="spacer battle-history"><br></div><div class="battle-history">Jynx fainted!<br></div><div class="spacer battle-history"><br></div><div class="battle-history">The opposing Scyther went back to lcezasfuck!<br></div><div class="battle-history">lcezasfuck sent out <strong>Pelipper</strong>!<br></div><div class="spacer battle-history"><br></div><div class="battle-history">Go! <strong>Miltank</strong>!<br></div><div class="battle-history"><small>Miltank is hurt by the spikes!</small><br></div><div class="spacer battle-history"><br></div><h2 class="battle-history">Turn 22</h2><div class="spacer battle-history"><br></div><div class="battle-history">Miltank used <strong>Body Slam</strong>!<br></div><div class="battle-history"><small>(The opposing Pelipper lost <abbr title="−84/324">25.9%</abbr> of its health!)</small><br></div><div class="battle-history"><small>The opposing Pelipper is paralyzed! It may be unable to move!</small><br></div><div class="spacer battle-history"><br></div><div class="battle-history">The opposing Pelipper used <strong>Toxic</strong>!<br></div><div class="battle-history"><small>Miltank was badly poisoned!</small><br></div><div class="spacer battle-history"><br></div><div class="battle-history"><small>Miltank restored a little HP using its Leftovers!</small><br></div><div class="battle-history"><small>The opposing Pelipper restored a little HP using its Leftovers!</small><br></div><div class="battle-history"><small>Miltank was hurt by poison!</small><br></div><div class="spacer battle-history"><br></div><h2 class="battle-history">Turn 23</h2><div class="spacer battle-history"><br></div><div class="battle-history">lcezasfuck withdrew Pelipper!<br></div><div class="battle-history">lcezasfuck sent out <strong>Misdreavus</strong>!<br></div><div class="spacer battle-history"><br></div><div class="battle-history">Miltank used <strong>Body Slam</strong>!<br></div><div class="battle-history"><small>It doesn't affect the opposing Misdreavus...</small><br></div><div class="spacer battle-history"><br></div><div class="battle-history"><small>Miltank restored a little HP using its Leftovers!</small><br></div><div class="battle-history"><small>Miltank was hurt by poison!</small><br></div><div class="spacer battle-history"><br></div><h2 class="battle-history">Turn 24</h2><div class="spacer battle-history"><br></div><div class="battle-history">Miltank used <strong>Zen Headbutt</strong>!<br></div><div class="battle-history"><small>(The opposing Misdreavus lost <abbr title="−58/324">17.9%</abbr> of its health!)</small><br></div><div class="spacer battle-history"><br></div><div class="battle-history">The opposing Misdreavus flinched and couldn't move!<br></div><div class="spacer battle-history"><br></div><div class="battle-history"><small>Miltank restored a little HP using its Leftovers!</small><br></div><div class="battle-history"><small>Miltank was hurt by poison!</small><br></div><div class="spacer battle-history"><br></div><h2 class="battle-history">Turn 25</h2><div class="spacer battle-history"><br></div><div class="battle-history">Miltank used <strong>Zen Headbutt</strong>!<br></div><div class="battle-history"><small>(The opposing Misdreavus lost <abbr title="−54/324">16.7%</abbr> of its health!)</small><br></div><div class="spacer battle-history"><br></div><div class="battle-history">The opposing Misdreavus fainted!<br></div><div class="spacer battle-history"><br></div><div class="battle-history"><small>Miltank restored a little HP using its Leftovers!</small><br></div><div class="battle-history"><small>Miltank was hurt by poison!</small><br></div><div class="spacer battle-history"><br></div><div class="battle-history">lcezasfuck sent out <strong>Scyther</strong>!<br></div><div class="spacer battle-history"><br></div><h2 class="battle-history">Turn 26</h2><div class="spacer battle-history"><br></div><div class="battle-history">The opposing Scyther used <strong>Aerial Ace</strong>!<br></div><div class="battle-history"><small>(Miltank lost <abbr title="−132/331">39.9%</abbr> of its health!)</small><br></div><div class="spacer battle-history"><br></div><div class="battle-history">Miltank used <strong>Body Slam</strong>!<br></div><div class="battle-history"><small>(The opposing Scyther lost <abbr title="−93/281">33.1%</abbr> of its health!)</small><br></div><div class="spacer battle-history"><br></div><div class="battle-history"><small>Miltank restored a little HP using its Leftovers!</small><br></div><div class="battle-history"><small>Miltank was hurt by poison!</small><br></div><div class="spacer battle-history"><br></div><div class="battle-history">Miltank fainted!<br></div><div class="spacer battle-history"><br></div><div class="battle-history"><strong>lcezasfuck</strong> won the battle!<br></div></div><div class="inner-preempt"></div></div></div>
</div>
<script>
let daily = Math.floor(Date.now()/1000/60/60/24);document.write('<script src="https://play.pokemonshowdown.com/js/replay-embed.js?version'+daily+'"></'+'script>');
</script>
