<!DOCTYPE html>
<meta charset="utf-8" />
<!-- version 1 -->
<title>NU replay: Redzinhah vs. AbrahamCorey</title>
<style>
html,body {font-family:Verdana, sans-serif;font-size:10pt;margin:0;padding:0;}body{padding:12px 0;} .battle-log {font-family:Verdana, sans-serif;font-size:10pt;} .battle-log-inline {border:1px solid #AAAAAA;background:#EEF2F5;color:black;max-width:640px;margin:0 auto 80px;padding-bottom:5px;} .battle-log .inner {padding:4px 8px 0px 8px;} .battle-log .inner-preempt {padding:0 8px 4px 8px;} .battle-log .inner-after {margin-top:0.5em;} .battle-log h2 {margin:0.5em -8px;padding:4px 8px;border:1px solid #AAAAAA;background:#E0E7EA;border-left:0;border-right:0;font-family:Verdana, sans-serif;font-size:13pt;} .battle-log .chat {vertical-align:middle;padding:3px 0 3px 0;font-size:8pt;} .battle-log .chat strong {color:#40576A;} .battle-log .chat em {padding:1px 4px 1px 3px;color:#000000;font-style:normal;} .chat.mine {background:rgba(0,0,0,0.05);margin-left:-8px;margin-right:-8px;padding-left:8px;padding-right:8px;} .spoiler {color:#BBBBBB;background:#BBBBBB;padding:0px 3px;} .spoiler:hover, .spoiler:active, .spoiler-shown {color:#000000;background:#E2E2E2;padding:0px 3px;} .spoiler a {color:#BBBBBB;} .spoiler:hover a, .spoiler:active a, .spoiler-shown a {color:#2288CC;} .chat code, .chat .spoiler:hover code, .chat .spoiler:active code, .chat .spoiler-shown code {border:1px solid #C0C0C0;background:#EEEEEE;color:black;padding:0 2px;} .chat .spoiler code {border:1px solid #CCCCCC;background:#CCCCCC;color:#CCCCCC;} .battle-log .rated {padding:3px 4px;} .battle-log .rated strong {color:white;background:#89A;padding:1px 4px;border-radius:4px;} .spacer {margin-top:0.5em;} .message-announce {background:#6688AA;color:white;padding:1px 4px 2px;} .message-announce a, .broadcast-green a, .broadcast-blue a, .broadcast-red a {color:#DDEEFF;} .broadcast-green {background-color:#559955;color:white;padding:2px 4px;} .broadcast-blue {background-color:#6688AA;color:white;padding:2px 4px;} .infobox {border:1px solid #6688AA;padding:2px 4px;} .infobox-limited {max-height:200px;overflow:auto;overflow-x:hidden;} .broadcast-red {background-color:#AA5544;color:white;padding:2px 4px;} .message-learn-canlearn {font-weight:bold;color:#228822;text-decoration:underline;} .message-learn-cannotlearn {font-weight:bold;color:#CC2222;text-decoration:underline;} .message-effect-weak {font-weight:bold;color:#CC2222;} .message-effect-resist {font-weight:bold;color:#6688AA;} .message-effect-immune {font-weight:bold;color:#666666;} .message-learn-list {margin-top:0;margin-bottom:0;} .message-throttle-notice, .message-error {color:#992222;} .message-overflow, .chat small.message-overflow {font-size:0pt;} .message-overflow::before {font-size:9pt;content:'...';} .subtle {color:#3A4A66;}
</style>
<div class="wrapper replay-wrapper" style="max-width:1180px;margin:0 auto">
<input type="hidden" name="replayid" value="nu-515525799" />
<div class="battle"></div><div class="battle-log"></div><div class="replay-controls"></div><div class="replay-controls-2"></div>
<h1 style="font-weight:normal;text-align:center"><strong>NU</strong><br /><a href="http://pokemonshowdown.com/users/redzinhah" class="subtle" target="_blank">Redzinhah</a> vs. <a href="http://pokemonshowdown.com/users/abrahamcorey" class="subtle" target="_blank">AbrahamCorey</a></h1>
<script type="text/plain" class="battle-log-data">|j|Redzinhah
|j|AbrahamCorey
|player|p1|Redzinhah|4
|player|p2|AbrahamCorey|1
|gametype|singles
|gen|6
|tier|NU
|seed|6161,29825,36885,8948
|rule|Sleep Clause Mod: Limit one foe put to sleep
|rule|Species Clause: Limit one of each Pokémon
|rule|OHKO Clause: OHKO moves are banned
|rule|Moody Clause: Moody is banned
|rule|Evasion Moves Clause: Evasion moves are banned
|rule|Endless Battle Clause: Forcing endless battles is banned
|rule|HP Percentage Mod: HP is shown in percentages
|clearpoke
|poke|p1|Golurk, shiny|item
|poke|p1|Cradily, F, shiny|item
|poke|p1|Liepard, M|item
|poke|p1|Xatu, F|item
|poke|p1|Bibarel, M|item
|poke|p1|Skuntank, F|item
|poke|p2|Tauros, M|item
|poke|p2|Mismagius, M|item
|poke|p2|Malamar, M|item
|poke|p2|Charizard, M, shiny|item
|poke|p2|Hitmonchan, M|item
|poke|p2|Mesprit, shiny|item
|rule|Swagger Clause: Swagger is banned
|rule|Baton Pass Clause: Limit one Baton Passer, can't pass Spe and other stats simultaneously
|teampreview
|choice|team 1, team 2, team 3, team 4, team 5, team 6|team 3, team 2, team 1, team 4, team 5, team 6
|
|start
|switch|p1a: Mortadelinha|Golurk, shiny|382\/382
|switch|p2a: Ronaldo Molusco|Malamar, M|313\/313
|turn|1
|choice|move dynamicpunch|move knockoff
|
|move|p2a: Ronaldo Molusco|Knock Off|p1a: Mortadelinha
|-supereffective|p1a: Mortadelinha
|-crit|p1a: Mortadelinha
|-damage|p1a: Mortadelinha|0 fnt
|-enditem|p1a: Mortadelinha|Life Orb|[from] move: Knock Off|[of] p2a: Ronaldo Molusco
|faint|p1a: Mortadelinha
|
|upkeep
|c|★AbrahamCorey|Gemt
|c|★AbrahamCorey|q cagada
|choice|switch 6|
|
|switch|p1a: Skuntank|Skuntank, F|410\/410
|turn|2
|choice|move acidspray|move superpower
|
|move|p1a: Skuntank|Acid Spray|p2a: Ronaldo Molusco
|-damage|p2a: Ronaldo Molusco|261\/313
|-boost|p2a: Ronaldo Molusco|spd|2
|move|p2a: Ronaldo Molusco|Superpower|p1a: Skuntank
|-damage|p1a: Skuntank|297\/410
|-boost|p2a: Ronaldo Molusco|atk|1
|-boost|p2a: Ronaldo Molusco|def|1
|
|-heal|p1a: Skuntank|322\/410|[from] item: Leftovers
|-heal|p2a: Ronaldo Molusco|280\/313|[from] item: Leftovers
|upkeep
|turn|3
|choice|move poisonjab|move psychocut
|
|move|p1a: Skuntank|Poison Jab|p2a: Ronaldo Molusco
|-damage|p2a: Ronaldo Molusco|232\/313
|move|p2a: Ronaldo Molusco|Psycho Cut|p1a: Skuntank
|-immune|p1a: Skuntank|[msg]
|
|-heal|p1a: Skuntank|347\/410|[from] item: Leftovers
|-heal|p2a: Ronaldo Molusco|251\/313|[from] item: Leftovers
|upkeep
|turn|4
|c|★Redzinhah|merda
|c|★AbrahamCorey|Ah essa praga é Dark
|choice|move roar|move superpower
|
|move|p2a: Ronaldo Molusco|Superpower|p1a: Skuntank
|-damage|p1a: Skuntank|193\/410
|-boost|p2a: Ronaldo Molusco|atk|1
|-boost|p2a: Ronaldo Molusco|def|1
|move|p1a: Skuntank|Roar|p2a: Ronaldo Molusco
|drag|p2a: UFC Ronaldo|Hitmonchan, M|241\/241
|
|-heal|p1a: Skuntank|218\/410|[from] item: Leftovers
|upkeep
|turn|5
|choice|move poisonjab|move drainpunch
|
|move|p2a: UFC Ronaldo|Drain Punch|p1a: Skuntank
|-damage|p1a: Skuntank|30\/410
|-damage|p2a: UFC Ronaldo|217\/241|[from] item: Life Orb
|move|p1a: Skuntank|Poison Jab|p2a: UFC Ronaldo
|-damage|p2a: UFC Ronaldo|118\/241
|
|-heal|p1a: Skuntank|55\/410|[from] item: Leftovers
|upkeep
|turn|6
|choice|switch 4|move drainpunch
|
|switch|p1a: Xuxa|Xatu, F|334\/334
|move|p2a: UFC Ronaldo|Drain Punch|p1a: Xuxa
|-resisted|p1a: Xuxa
|-damage|p1a: Xuxa|260\/334
|-heal|p2a: UFC Ronaldo|155\/241|[from] drain|[of] p1a: Xuxa
|-damage|p2a: UFC Ronaldo|131\/241|[from] item: Life Orb
|
|-heal|p1a: Xuxa|280\/334|[from] item: Leftovers
|upkeep
|turn|7
|choice|move airslash|switch 5
|
|switch|p2a: Ronaldo Molusco|Malamar, M|251\/313
|move|p1a: Xuxa|Air Slash|p2a: Ronaldo Molusco
|-damage|p2a: Ronaldo Molusco|80\/313
|
|-heal|p1a: Xuxa|300\/334|[from] item: Leftovers
|-heal|p2a: Ronaldo Molusco|99\/313|[from] item: Leftovers
|upkeep
|turn|8
|choice|move airslash|move knockoff
|
|move|p1a: Xuxa|Air Slash|p2a: Ronaldo Molusco
|-damage|p2a: Ronaldo Molusco|0 fnt
|faint|p2a: Ronaldo Molusco
|
|-heal|p1a: Xuxa|320\/334|[from] item: Leftovers
|upkeep
|choice||switch 2
|
|switch|p2a: Ronaldo Coveiro|Mismagius, M|261\/261
|turn|9
|choice|move calmmind|move thunder
|
|move|p2a: Ronaldo Coveiro|Thunder|p1a: Xuxa
|-supereffective|p1a: Xuxa
|-damage|p1a: Xuxa|0 fnt
|faint|p1a: Xuxa
|
|upkeep
|choice|switch 2|
|
|switch|p1a: Xuca|Cradily, F, shiny|376\/376
|turn|10
|choice|move toxic|move thunder
|
|move|p2a: Ronaldo Coveiro|Thunder|p1a: Xuca
|-resisted|p1a: Xuca
|-damage|p1a: Xuca|306\/376
|-status|p1a: Xuca|par
|move|p1a: Xuca|Toxic|p2a: Ronaldo Coveiro
|-status|p2a: Ronaldo Coveiro|tox
|
|-heal|p1a: Xuca|329\/376 par|[from] item: Leftovers
|-damage|p2a: Ronaldo Coveiro|245\/261 tox|[from] psn
|upkeep
|turn|11
|choice|move confuseray|switch 5
|
|switch|p2a: UFC Ronaldo|Hitmonchan, M|131\/241
|move|p1a: Xuca|Confuse Ray|p2a: UFC Ronaldo
|-start|p2a: UFC Ronaldo|confusion
|
|-heal|p1a: Xuca|352\/376 par|[from] item: Leftovers
|upkeep
|turn|12
|choice|move stealthrock|move drainpunch
|
|-activate|p2a: UFC Ronaldo|confusion
|move|p2a: UFC Ronaldo|Drain Punch|p1a: Xuca
|-supereffective|p1a: Xuca
|-damage|p1a: Xuca|6\/376 par
|-heal|p2a: UFC Ronaldo|241\/241|[from] drain|[of] p1a: Xuca
|-damage|p2a: UFC Ronaldo|217\/241|[from] item: Life Orb
|move|p1a: Xuca|Stealth Rock|p2a: UFC Ronaldo
|-sidestart|p2: AbrahamCorey|move: Stealth Rock
|
|-heal|p1a: Xuca|29\/376 par|[from] item: Leftovers
|upkeep
|turn|13
|choice|move toxic|move rapidspin
|
|-activate|p2a: UFC Ronaldo|confusion
|move|p2a: UFC Ronaldo|Rapid Spin|p1a: Xuca
|-resisted|p1a: Xuca
|-damage|p1a: Xuca|17\/376 par
|-sideend|p2: AbrahamCorey|Stealth Rock|[from] move: Rapid Spin|[of] p2a: UFC Ronaldo
|-damage|p2a: UFC Ronaldo|193\/241|[from] item: Life Orb
|cant|p1a: Xuca|par
|
|-heal|p1a: Xuca|40\/376 par|[from] item: Leftovers
|upkeep
|turn|14
|choice|move toxic|move machpunch
|
|-end|p2a: UFC Ronaldo|confusion
|move|p2a: UFC Ronaldo|Mach Punch|p1a: Xuca
|-supereffective|p1a: Xuca
|-damage|p1a: Xuca|0 fnt
|-damage|p2a: UFC Ronaldo|169\/241|[from] item: Life Orb
|faint|p1a: Xuca
|
|upkeep
|choice|switch 3|
|
|switch|p1a: Ridicula|Liepard, M|270\/270
|turn|15
|choice|move hypervoice|move machpunch
|
|move|p2a: UFC Ronaldo|Mach Punch|p1a: Ridicula
|-supereffective|p1a: Ridicula
|-crit|p1a: Ridicula
|-damage|p1a: Ridicula|0 fnt
|-damage|p2a: UFC Ronaldo|145\/241|[from] item: Life Orb
|faint|p1a: Ridicula
|
|upkeep
|choice|switch 4|
|
|switch|p1a: Skuntank|Skuntank, F|55\/410
|turn|16
|choice|move poisonjab|move drainpunch
|
|move|p2a: UFC Ronaldo|Drain Punch|p1a: Skuntank
|-damage|p1a: Skuntank|0 fnt
|-heal|p2a: UFC Ronaldo|173\/241|[from] drain|[of] p1a: Skuntank
|-damage|p2a: UFC Ronaldo|113\/241|[from] ability: Aftermath|[of] p1a: Skuntank
|-damage|p2a: UFC Ronaldo|89\/241|[from] item: Life Orb
|faint|p1a: Skuntank
|
|upkeep
|choice|switch 5|
|
|switch|p1a: Bibarel|Bibarel, M|362\/362
|turn|17
|choice|move waterfall|move drainpunch
|
|move|p2a: UFC Ronaldo|Drain Punch|p1a: Bibarel
|-supereffective|p1a: Bibarel
|-damage|p1a: Bibarel|0 fnt
|-heal|p2a: UFC Ronaldo|241\/241|[from] drain|[of] p1a: Bibarel
|-damage|p2a: UFC Ronaldo|217\/241|[from] item: Life Orb
|faint|p1a: Bibarel
|
|win|AbrahamCorey
|player|p1
|player|p2
|l|Redzinhah</script>
</div>
<div class="battle-log battle-log-inline"><div class="inner"><div class="battle-options"></div><div class="inner"><div class="chat"><small>Redzinhah joined.</small></div><div class="chat"><small>AbrahamCorey joined.</small></div><div class=""><small>Format:</small> <br><strong>NU</strong></div><div class=""><small><em>Sleep Clause Mod:</em> Limit one foe put to sleep</small></div><div class=""><small><em>Species Clause:</em> Limit one of each Pokémon</small></div><div class=""><small><em>OHKO Clause:</em> OHKO moves are banned</small></div><div class=""><small><em>Moody Clause:</em> Moody is banned</small></div><div class=""><small><em>Evasion Moves Clause:</em> Evasion moves are banned</small></div><div class=""><small><em>Endless Battle Clause:</em> Forcing endless battles is banned</small></div><div class=""><small><em>HP Percentage Mod:</em> HP is shown in percentages</small></div><div class=""><small><em>Swagger Clause:</em> Swagger is banned</small></div><div class=""><small><em>Baton Pass Clause:</em> Limit one Baton Passer, can't pass Spe and other stats simultaneously</small></div><div class="chat battle-history"><strong>Redzinhah's team:</strong> <em style="color:#445566;display:block;">Golurk / Cradily / Liepard / Xatu / Bibarel / Skuntank</em></div><div class="chat battle-history"><strong>AbrahamCorey's team:</strong> <em style="color:#445566;display:block;">Tauros / Mismagius / Malamar / Charizard / Hitmonchan / Mesprit</em></div><div class="spacer battle-history"><br></div><div class="battle-history">Battle started between Redzinhah and AbrahamCorey!<br></div><div class="spacer battle-history"><br></div><div class="battle-history">Go! Mortadelinha (<strong>Golurk</strong>)!<br></div><div class="spacer battle-history"><br></div><div class="battle-history">AbrahamCorey sent out Ronaldo Molusco (<strong>Malamar</strong>)!<br></div><div class="spacer battle-history"><br></div><h2 class="battle-history">Turn 1</h2><div class="spacer battle-history"><br></div><div class="battle-history">The opposing Ronaldo Molusco used <strong>Knock Off</strong>!<br></div><div class="battle-history"><small>It's super effective!</small><br></div><div class="battle-history"><small>A critical hit!</small><br></div><div class="battle-history"><small>(Mortadelinha lost <abbr title="−382/382">100%</abbr> of its health!)</small><br></div><div class="battle-history"><small>The opposing Ronaldo Molusco knocked off Mortadelinha's Life Orb!</small><br></div><div class="spacer battle-history"><br></div><div class="battle-history">Mortadelinha fainted!<br></div><div class="chat chatmessage-abrahamcorey"><strong style="color:hsl(333,69%,45%)"><small>★</small><span class="username" data-name="AbrahamCorey">AbrahamCorey</span>:</strong> <em>Gemt</em></div><div class="chat chatmessage-abrahamcorey"><strong style="color:hsl(333,69%,45%)"><small>★</small><span class="username" data-name="AbrahamCorey">AbrahamCorey</span>:</strong> <em>q cagada</em></div><div class="spacer battle-history"><br></div><div class="battle-history">Go! <strong>Skuntank</strong>!<br></div><div class="spacer battle-history"><br></div><h2 class="battle-history">Turn 2</h2><div class="spacer battle-history"><br></div><div class="battle-history">Skuntank used <strong>Acid Spray</strong>!<br></div><div class="battle-history"><small>(The opposing Ronaldo Molusco lost <abbr title="−52/313">16.6%</abbr> of its health!)</small><br></div><div class="battle-history"><small>The opposing Ronaldo Molusco's Special Defense rose sharply!</small><br></div><div class="spacer battle-history"><br></div><div class="battle-history">The opposing Ronaldo Molusco used <strong>Superpower</strong>!<br></div><div class="battle-history"><small>(Skuntank lost <abbr title="−113/410">27.6%</abbr> of its health!)</small><br></div><div class="battle-history"><small>The opposing Ronaldo Molusco's Attack rose!</small><br></div><div class="battle-history"><small>The opposing Ronaldo Molusco's Defense rose!</small><br></div><div class="spacer battle-history"><br></div><div class="battle-history"><small>Skuntank restored a little HP using its Leftovers!</small><br></div><div class="battle-history"><small>The opposing Ronaldo Molusco restored a little HP using its Leftovers!</small><br></div><div class="spacer battle-history"><br></div><h2 class="battle-history">Turn 3</h2><div class="spacer battle-history"><br></div><div class="battle-history">Skuntank used <strong>Poison Jab</strong>!<br></div><div class="battle-history"><small>(The opposing Ronaldo Molusco lost <abbr title="−48/313">15.3%</abbr> of its health!)</small><br></div><div class="spacer battle-history"><br></div><div class="battle-history">The opposing Ronaldo Molusco used <strong>Psycho Cut</strong>!<br></div><div class="battle-history"><small>It doesn't affect Skuntank...</small><br></div><div class="spacer battle-history"><br></div><div class="battle-history"><small>Skuntank restored a little HP using its Leftovers!</small><br></div><div class="battle-history"><small>The opposing Ronaldo Molusco restored a little HP using its Leftovers!</small><br></div><div class="spacer battle-history"><br></div><h2 class="battle-history">Turn 4</h2><div class="chat chatmessage-redzinhah"><strong style="color:hsl(348,53%,46%)"><small>★</small><span class="username" data-name="Redzinhah">Redzinhah</span>:</strong> <em>merda</em></div><div class="chat chatmessage-abrahamcorey"><strong style="color:hsl(333,69%,45%)"><small>★</small><span class="username" data-name="AbrahamCorey">AbrahamCorey</span>:</strong> <em>Ah essa praga é Dark</em></div><div class="spacer battle-history"><br></div><div class="battle-history">The opposing Ronaldo Molusco used <strong>Superpower</strong>!<br></div><div class="battle-history"><small>(Skuntank lost <abbr title="−154/410">37.6%</abbr> of its health!)</small><br></div><div class="battle-history"><small>The opposing Ronaldo Molusco's Attack rose!</small><br></div><div class="battle-history"><small>The opposing Ronaldo Molusco's Defense rose!</small><br></div><div class="spacer battle-history"><br></div><div class="battle-history">Skuntank used <strong>Roar</strong>!<br></div><div class="spacer battle-history"><br></div><div class="battle-history">UFC Ronaldo (<strong>Hitmonchan</strong>) was dragged out!<br></div><div class="spacer battle-history"><br></div><div class="battle-history"><small>Skuntank restored a little HP using its Leftovers!</small><br></div><div class="spacer battle-history"><br></div><h2 class="battle-history">Turn 5</h2><div class="spacer battle-history"><br></div><div class="battle-history">The opposing UFC Ronaldo used <strong>Drain Punch</strong>!<br></div><div class="battle-history"><small>(Skuntank lost <abbr title="−188/410">45.9%</abbr> of its health!)</small><br></div><div class="battle-history"><small>The opposing UFC Ronaldo lost some of its HP!</small><br></div><div class="spacer battle-history"><br></div><div class="battle-history">Skuntank used <strong>Poison Jab</strong>!<br></div><div class="battle-history"><small>(The opposing UFC Ronaldo lost <abbr title="−99/241">41.1%</abbr> of its health!)</small><br></div><div class="spacer battle-history"><br></div><div class="battle-history"><small>Skuntank restored a little HP using its Leftovers!</small><br></div><div class="spacer battle-history"><br></div><h2 class="battle-history">Turn 6</h2><div class="spacer battle-history"><br></div><div class="battle-history">Skuntank, come back!<br></div><div class="battle-history">Go! Xuxa (<strong>Xatu</strong>)!<br></div><div class="spacer battle-history"><br></div><div class="battle-history">The opposing UFC Ronaldo used <strong>Drain Punch</strong>!<br></div><div class="battle-history"><small>It's not very effective...</small><br></div><div class="battle-history"><small>(Xuxa lost <abbr title="−74/334">22.2%</abbr> of its health!)</small><br></div><div class="battle-history"><small>Xuxa had its energy drained!</small><br></div><div class="battle-history"><small>The opposing UFC Ronaldo lost some of its HP!</small><br></div><div class="spacer battle-history"><br></div><div class="battle-history"><small>Xuxa restored a little HP using its Leftovers!</small><br></div><div class="spacer battle-history"><br></div><h2 class="battle-history">Turn 7</h2><div class="spacer battle-history"><br></div><div class="battle-history">AbrahamCorey withdrew UFC Ronaldo!<br></div><div class="battle-history">AbrahamCorey sent out Ronaldo Molusco (<strong>Malamar</strong>)!<br></div><div class="spacer battle-history"><br></div><div class="battle-history">Xuxa used <strong>Air Slash</strong>!<br></div><div class="battle-history"><small>(The opposing Ronaldo Molusco lost <abbr title="−171/313">54.6%</abbr> of its health!)</small><br></div><div class="spacer battle-history"><br></div><div class="battle-history"><small>Xuxa restored a little HP using its Leftovers!</small><br></div><div class="battle-history"><small>The opposing Ronaldo Molusco restored a little HP using its Leftovers!</small><br></div><div class="spacer battle-history"><br></div><h2 class="battle-history">Turn 8</h2><div class="spacer battle-history"><br></div><div class="battle-history">Xuxa used <strong>Air Slash</strong>!<br></div><div class="battle-history"><small>(The opposing Ronaldo Molusco lost <abbr title="−99/313">31.6%</abbr> of its health!)</small><br></div><div class="spacer battle-history"><br></div><div class="battle-history">The opposing Ronaldo Molusco fainted!<br></div><div class="spacer battle-history"><br></div><div class="battle-history"><small>Xuxa restored a little HP using its Leftovers!</small><br></div><div class="spacer battle-history"><br></div><div class="battle-history">AbrahamCorey sent out Ronaldo Coveiro (<strong>Mismagius</strong>)!<br></div><div class="spacer battle-history"><br></div><h2 class="battle-history">Turn 9</h2><div class="spacer battle-history"><br></div><div class="battle-history">The opposing Ronaldo Coveiro used <strong>Thunder</strong>!<br></div><div class="battle-history"><small>It's super effective!</small><br></div><div class="battle-history"><small>(Xuxa lost <abbr title="−320/334">95.8%</abbr> of its health!)</small><br></div><div class="spacer battle-history"><br></div><div class="battle-history">Xuxa fainted!<br></div><div class="spacer battle-history"><br></div><div class="battle-history">Go! Xuca (<strong>Cradily</strong>)!<br></div><div class="spacer battle-history"><br></div><h2 class="battle-history">Turn 10</h2><div class="spacer battle-history"><br></div><div class="battle-history">The opposing Ronaldo Coveiro used <strong>Thunder</strong>!<br></div><div class="battle-history"><small>It's not very effective...</small><br></div><div class="battle-history"><small>(Xuca lost <abbr title="−70/376">18.6%</abbr> of its health!)</small><br></div><div class="battle-history"><small>Xuca is paralyzed! It may be unable to move!</small><br></div><div class="spacer battle-history"><br></div><div class="battle-history">Xuca used <strong>Toxic</strong>!<br></div><div class="battle-history"><small>The opposing Ronaldo Coveiro was badly poisoned!</small><br></div><div class="spacer battle-history"><br></div><div class="battle-history"><small>Xuca restored a little HP using its Leftovers!</small><br></div><div class="battle-history"><small>The opposing Ronaldo Coveiro was hurt by poison!</small><br></div><div class="spacer battle-history"><br></div><h2 class="battle-history">Turn 11</h2><div class="spacer battle-history"><br></div><div class="battle-history">AbrahamCorey withdrew Ronaldo Coveiro!<br></div><div class="battle-history">AbrahamCorey sent out UFC Ronaldo (<strong>Hitmonchan</strong>)!<br></div><div class="spacer battle-history"><br></div><div class="battle-history">Xuca used <strong>Confuse Ray</strong>!<br></div><div class="battle-history"><small>The opposing UFC Ronaldo became confused!</small><br></div><div class="spacer battle-history"><br></div><div class="battle-history"><small>Xuca restored a little HP using its Leftovers!</small><br></div><div class="spacer battle-history"><br></div><h2 class="battle-history">Turn 12</h2><div class="spacer battle-history"><br></div><div class="battle-history"><small>The opposing UFC Ronaldo is confused!</small><br></div><div class="battle-history">The opposing UFC Ronaldo used <strong>Drain Punch</strong>!<br></div><div class="battle-history"><small>It's super effective!</small><br></div><div class="battle-history"><small>(Xuca lost <abbr title="−346/376">92.0%</abbr> of its health!)</small><br></div><div class="battle-history"><small>Xuca had its energy drained!</small><br></div><div class="battle-history"><small>The opposing UFC Ronaldo lost some of its HP!</small><br></div><div class="spacer battle-history"><br></div><div class="battle-history">Xuca used <strong>Stealth Rock</strong>!<br></div><div class="battle-history"><small>Pointed stones float in the air around the opposing team!</small><br></div><div class="spacer battle-history"><br></div><div class="battle-history"><small>Xuca restored a little HP using its Leftovers!</small><br></div><div class="spacer battle-history"><br></div><h2 class="battle-history">Turn 13</h2><div class="spacer battle-history"><br></div><div class="battle-history"><small>The opposing UFC Ronaldo is confused!</small><br></div><div class="battle-history">The opposing UFC Ronaldo used <strong>Rapid Spin</strong>!<br></div><div class="battle-history"><small>It's not very effective...</small><br></div><div class="battle-history"><small>(Xuca lost <abbr title="−12/376">3.2%</abbr> of its health!)</small><br></div><div class="battle-history"><small>The pointed stones disappeared from around the opposing team!</small><br></div><div class="battle-history"><small>The opposing UFC Ronaldo lost some of its HP!</small><br></div><div class="spacer battle-history"><br></div><div class="battle-history">Xuca is paralyzed! It can't move!<br></div><div class="spacer battle-history"><br></div><div class="battle-history"><small>Xuca restored a little HP using its Leftovers!</small><br></div><div class="spacer battle-history"><br></div><h2 class="battle-history">Turn 14</h2><div class="spacer battle-history"><br></div><div class="battle-history"><small>The opposing UFC Ronaldo snapped out of its confusion!</small><br></div><div class="spacer battle-history"><br></div><div class="battle-history">The opposing UFC Ronaldo used <strong>Mach Punch</strong>!<br></div><div class="battle-history"><small>It's super effective!</small><br></div><div class="battle-history"><small>(Xuca lost <abbr title="−40/376">10.6%</abbr> of its health!)</small><br></div><div class="battle-history"><small>The opposing UFC Ronaldo lost some of its HP!</small><br></div><div class="spacer battle-history"><br></div><div class="battle-history">Xuca fainted!<br></div><div class="spacer battle-history"><br></div><div class="battle-history">Go! Ridicula (<strong>Liepard</strong>)!<br></div><div class="spacer battle-history"><br></div><h2 class="battle-history">Turn 15</h2><div class="spacer battle-history"><br></div><div class="battle-history">The opposing UFC Ronaldo used <strong>Mach Punch</strong>!<br></div><div class="battle-history"><small>It's super effective!</small><br></div><div class="battle-history"><small>A critical hit!</small><br></div><div class="battle-history"><small>(Ridicula lost <abbr title="−270/270">100%</abbr> of its health!)</small><br></div><div class="battle-history"><small>The opposing UFC Ronaldo lost some of its HP!</small><br></div><div class="spacer battle-history"><br></div><div class="battle-history">Ridicula fainted!<br></div><div class="spacer battle-history"><br></div><div class="battle-history">Go! <strong>Skuntank</strong>!<br></div><div class="spacer battle-history"><br></div><h2 class="battle-history">Turn 16</h2><div class="spacer battle-history"><br></div><div class="battle-history">The opposing UFC Ronaldo used <strong>Drain Punch</strong>!<br></div><div class="battle-history"><small>(Skuntank lost <abbr title="−55/410">13.4%</abbr> of its health!)</small><br></div><div class="battle-history"><small>Skuntank had its energy drained!</small><br></div><div class="battle-history"><small>[Skuntank's Aftermath]</small><br><small>The opposing UFC Ronaldo is hurt!</small><br></div><div class="battle-history"><small>The opposing UFC Ronaldo lost some of its HP!</small><br></div><div class="spacer battle-history"><br></div><div class="battle-history">Skuntank fainted!<br></div><div class="spacer battle-history"><br></div><div class="battle-history">Go! <strong>Bibarel</strong>!<br></div><div class="spacer battle-history"><br></div><h2 class="battle-history">Turn 17</h2><div class="spacer battle-history"><br></div><div class="battle-history">The opposing UFC Ronaldo used <strong>Drain Punch</strong>!<br></div><div class="battle-history"><small>It's super effective!</small><br></div><div class="battle-history"><small>(Bibarel lost <abbr title="−362/362">100%</abbr> of its health!)</small><br></div><div class="battle-history"><small>Bibarel had its energy drained!</small><br></div><div class="battle-history"><small>The opposing UFC Ronaldo lost some of its HP!</small><br></div><div class="spacer battle-history"><br></div><div class="battle-history">Bibarel fainted!<br></div><div class="spacer battle-history"><br></div><div class="battle-history"><strong>AbrahamCorey</strong> won the battle!<br></div><div class="chat"><small>Redzinhah left.</small></div></div><div class="inner-preempt"></div></div></div>
</div>
<script>
let daily = Math.floor(Date.now()/1000/60/60/24);document.write('<script src="https://play.pokemonshowdown.com/js/replay-embed.js?version'+daily+'"></'+'script>');
</script>
