<!DOCTYPE html>
<meta charset="utf-8" />
<!-- version 1 -->
<title>RU replay: Kill Bill Pandey vs. Dwakaar</title>
<style>
html,body {font-family:Verdana, sans-serif;font-size:10pt;margin:0;padding:0;}body{padding:12px 0;} .battle-log {font-family:Verdana, sans-serif;font-size:10pt;} .battle-log-inline {border:1px solid #AAAAAA;background:#EEF2F5;color:black;max-width:640px;margin:0 auto 80px;padding-bottom:5px;} .battle-log .inner {padding:4px 8px 0px 8px;} .battle-log .inner-preempt {padding:0 8px 4px 8px;} .battle-log .inner-after {margin-top:0.5em;} .battle-log h2 {margin:0.5em -8px;padding:4px 8px;border:1px solid #AAAAAA;background:#E0E7EA;border-left:0;border-right:0;font-family:Verdana, sans-serif;font-size:13pt;} .battle-log .chat {vertical-align:middle;padding:3px 0 3px 0;font-size:8pt;} .battle-log .chat strong {color:#40576A;} .battle-log .chat em {padding:1px 4px 1px 3px;color:#000000;font-style:normal;} .chat.mine {background:rgba(0,0,0,0.05);margin-left:-8px;margin-right:-8px;padding-left:8px;padding-right:8px;} .spoiler {color:#BBBBBB;background:#BBBBBB;padding:0px 3px;} .spoiler:hover, .spoiler:active, .spoiler-shown {color:#000000;background:#E2E2E2;padding:0px 3px;} .spoiler a {color:#BBBBBB;} .spoiler:hover a, .spoiler:active a, .spoiler-shown a {color:#2288CC;} .chat code, .chat .spoiler:hover code, .chat .spoiler:active code, .chat .spoiler-shown code {border:1px solid #C0C0C0;background:#EEEEEE;color:black;padding:0 2px;} .chat .spoiler code {border:1px solid #CCCCCC;background:#CCCCCC;color:#CCCCCC;} .battle-log .rated {padding:3px 4px;} .battle-log .rated strong {color:white;background:#89A;padding:1px 4px;border-radius:4px;} .spacer {margin-top:0.5em;} .message-announce {background:#6688AA;color:white;padding:1px 4px 2px;} .message-announce a, .broadcast-green a, .broadcast-blue a, .broadcast-red a {color:#DDEEFF;} .broadcast-green {background-color:#559955;color:white;padding:2px 4px;} .broadcast-blue {background-color:#6688AA;color:white;padding:2px 4px;} .infobox {border:1px solid #6688AA;padding:2px 4px;} .infobox-limited {max-height:200px;overflow:auto;overflow-x:hidden;} .broadcast-red {background-color:#AA5544;color:white;padding:2px 4px;} .message-learn-canlearn {font-weight:bold;color:#228822;text-decoration:underline;} .message-learn-cannotlearn {font-weight:bold;color:#CC2222;text-decoration:underline;} .message-effect-weak {font-weight:bold;color:#CC2222;} .message-effect-resist {font-weight:bold;color:#6688AA;} .message-effect-immune {font-weight:bold;color:#666666;} .message-learn-list {margin-top:0;margin-bottom:0;} .message-throttle-notice, .message-error {color:#992222;} .message-overflow, .chat small.message-overflow {font-size:0pt;} .message-overflow::before {font-size:9pt;content:'...';} .subtle {color:#3A4A66;}
</style>
<div class="wrapper replay-wrapper" style="max-width:1180px;margin:0 auto">
<input type="hidden" name="replayid" value="ru-540915523" />
<div class="battle"></div><div class="battle-log"></div><div class="replay-controls"></div><div class="replay-controls-2"></div>
<h1 style="font-weight:normal;text-align:center"><strong>RU</strong><br /><a href="http://pokemonshowdown.com/users/killbillpandey" class="subtle" target="_blank">Kill Bill Pandey</a> vs. <a href="http://pokemonshowdown.com/users/dwakaar" class="subtle" target="_blank">Dwakaar</a></h1>
<script type="text/plain" class="battle-log-data">|j|Kill Bill Pandey
|j|Dwakaar
|j|Stats Bot
|player|p1|Kill Bill Pandey|238
|player|p2|Dwakaar|4
|gametype|singles
|gen|6
|tier|RU
|seed|3547,63970,27704,58936
|rule|Sleep Clause Mod: Limit one foe put to sleep
|rule|Species Clause: Limit one of each Pokémon
|rule|OHKO Clause: OHKO moves are banned
|rule|Moody Clause: Moody is banned
|rule|Evasion Moves Clause: Evasion moves are banned
|rule|Endless Battle Clause: Forcing endless battles is banned
|rule|HP Percentage Mod: HP is shown in percentages
|clearpoke
|poke|p1|Registeel|item
|poke|p1|Malamar, F|item
|poke|p1|Cinccino, M|item
|poke|p1|Jolteon, F|item
|poke|p1|Meloetta|item
|poke|p1|Medicham, F|item
|poke|p2|Rhyperior, F|item
|poke|p2|Uxie|item
|poke|p2|Drapion, M|item
|poke|p2|Blastoise, M|item
|poke|p2|Jolteon, F|item
|poke|p2|Venusaur, F|item
|rule|Swagger Clause: Swagger is banned
|rule|Baton Pass Clause: Limit one Baton Passer, can't pass Spe and other stats simultaneously
|teampreview
|l|Stats Bot
|j|Azureyes
|j|Wail✠Jes͜͡us
|j|SoulfulData
|j|bdov
|j|ZyrusAxel
|c|☆Dwakaar|good luck
|j|oscarcito
|j|khkhkhkhkhkhkh
|j|Ceiling Kitteh
|choice|team 3, team 2, team 1, team 4, team 5, team 6|team 5, team 2, team 3, team 4, team 1, team 6
|
|start
|switch|p1a: Cinccino|Cinccino, M|291\/291
|switch|p2a: Jolteon|Jolteon, F|271\/271
|turn|1
|j|Glenn Frey
|j|Jahim
|j|MegaLuxray2309
|j|Bd29
|j|Gioshiwolf
|l|Wail✠Jes͜͡us
|j|cerrocoso
|c| khkhkhkhkhkhkh|this is gonna be epic
|choice|move tailslap|move thunderbolt
|
|move|p2a: Jolteon|Thunderbolt|p1a: Cinccino
|-damage|p1a: Cinccino|0 fnt
|faint|p1a: Cinccino
|
|upkeep
|c|☆Dwakaar|<3
|choice|switch 3|
|
|switch|p1a: Registeel|Registeel|364\/364
|turn|2
|c| bdov|Rip
|l|Bd29
|c| MegaLuxray2309|RIVAL THEME!!!!! OH YEH!!!!
|choice|move stealthrock|switch 5
|
|switch|p2a: Rhyperior|Rhyperior, F|380\/380
|move|p1a: Registeel|Stealth Rock|p2a: Rhyperior
|-sidestart|p2: Dwakaar|move: Stealth Rock
|
|upkeep
|turn|3
|c| khkhkhkhkhkhkh|d:v
|choice|move seismictoss|move earthquake
|
|move|p2a: Rhyperior|Earthquake|p1a: Registeel
|-supereffective|p1a: Registeel
|-damage|p1a: Registeel|0 fnt
|faint|p1a: Registeel
|
|upkeep
|j|TJG804
|j|Koreno
|choice|switch 5|
|
|switch|p1a: Meloetta|Meloetta|404\/404
|turn|4
|c| bdov|this rypherior rapes this team
|c| TJG804|yo
|j|CurveNastyJr56
|choice|move relicsong|move earthquake
|
|move|p1a: Meloetta|Relic Song|p2a: Rhyperior
|-resisted|p2a: Rhyperior
|-damage|p2a: Rhyperior|215\/380
|-formechange|p1a: Meloetta|Meloetta-Pirouette|[msg]
|-damage|p1a: Meloetta|364\/404|[from] item: Life Orb
|move|p2a: Rhyperior|Earthquake|p1a: Meloetta
|-damage|p1a: Meloetta|6\/404
|
|upkeep
|turn|5
|choice|move closecombat|switch 4
|
|switch|p2a: Tears of the Sea|Blastoise, M|362\/362
|-damage|p2a: Tears of the Sea|317\/362|[from] Stealth Rock
|move|p1a: Meloetta|Close Combat|p2a: Tears of the Sea
|-damage|p2a: Tears of the Sea|175\/362
|-unboost|p1a: Meloetta|def|1
|-unboost|p1a: Meloetta|spd|1
|-damage|p1a: Meloetta|0 fnt|[from] item: Life Orb
|faint|p1a: Meloetta
|
|-heal|p2a: Tears of the Sea|197\/362|[from] item: Leftovers
|upkeep
|j|NerdDestroyer27
|j|It's Sultana
|choice|switch 4|
|
|switch|p1a: Jolteon|Jolteon, F|271\/271
|turn|6
|l|bdov
|choice|move thunderbolt|switch 4
|
|switch|p2a: Rhyperior|Rhyperior, F|215\/380
|-damage|p2a: Rhyperior|192\/380|[from] Stealth Rock
|move|p1a: Jolteon|Thunderbolt|p2a: Rhyperior
|-immune|p2a: Rhyperior|[msg]
|
|upkeep
|turn|7
|j|aksw
|choice|move hiddenpower|move earthquake
|
|move|p1a: Jolteon|Hidden Power|p2a: Rhyperior
|-supereffective|p2a: Rhyperior
|-damage|p2a: Rhyperior|0 fnt
|-damage|p1a: Jolteon|244\/271|[from] item: Life Orb
|faint|p2a: Rhyperior
|
|upkeep
|j|blazerzz
|choice||switch 5
|
|switch|p2a: Jolteon|Jolteon, F|271\/271
|-damage|p2a: Jolteon|238\/271|[from] Stealth Rock
|turn|8
|j|ethey
|l|aksw
|c| blazerzz|sht up your ass
|c| blazerzz|bye
|j|Jr. Tighe
|l|blazerzz
|l|It's Sultana
|choice|move signalbeam|move shadowball
|
|move|p1a: Jolteon|Signal Beam|p2a: Jolteon
|-crit|p2a: Jolteon
|-damage|p2a: Jolteon|69\/271
|-start|p2a: Jolteon|confusion
|-damage|p1a: Jolteon|217\/271|[from] item: Life Orb
|-activate|p2a: Jolteon|confusion
|-damage|p2a: Jolteon|42\/271|[from] confusion
|
|upkeep
|turn|9
|c|☆Dwakaar|:\/
|j|mcv21
|choice|move signalbeam|move shadowball
|
|move|p1a: Jolteon|Signal Beam|p2a: Jolteon
|-damage|p2a: Jolteon|0 fnt
|-damage|p1a: Jolteon|190\/271|[from] item: Life Orb
|faint|p2a: Jolteon
|
|upkeep
|l|cerrocoso
|j|Me and my bucket
|choice||switch 2
|
|switch|p2a: Uxie|Uxie|354\/354
|-damage|p2a: Uxie|310\/354|[from] Stealth Rock
|turn|10
|j|p2w no skills
|j|Queue In
|c| TJG804|should I bring a Pikachu in is next tournament
|choice|move signalbeam|move psyshock
|
|move|p1a: Jolteon|Signal Beam|p2a: Uxie
|-supereffective|p2a: Uxie
|-damage|p2a: Uxie|167\/354
|-damage|p1a: Jolteon|163\/271|[from] item: Life Orb
|move|p2a: Uxie|Psyshock|p1a: Jolteon
|-damage|p1a: Jolteon|40\/271
|
|-heal|p2a: Uxie|189\/354|[from] item: Leftovers
|upkeep
|turn|11
|j|Ultimate Reedpea
|choice|move thunderbolt|move uturn
|
|move|p1a: Jolteon|Thunderbolt|p2a: Uxie
|-damage|p2a: Uxie|71\/354
|-status|p2a: Uxie|par
|-damage|p1a: Jolteon|13\/271|[from] item: Life Orb
|move|p2a: Uxie|U-turn|p1a: Jolteon
|-damage|p1a: Jolteon|0 fnt
|faint|p1a: Jolteon
|choice||switch 3
|
|switch|p2a: Drapion|Drapion, M|281\/281
|-damage|p2a: Drapion|246\/281|[from] Stealth Rock
|
|upkeep
|choice|switch 2|
|
|switch|p1a: Malamar|Malamar, F|376\/376
|turn|12
|choice|move trickroom|move swordsdance
|
|move|p2a: Drapion|Swords Dance|p2a: Drapion
|-boost|p2a: Drapion|atk|2
|move|p1a: Malamar|Trick Room|p1a: Malamar
|-fieldstart|move: Trick Room|[of] p1a: Malamar
|
|upkeep
|turn|13
|j|ustprover
|choice|move superpower|move knockoff
|
|move|p1a: Malamar|Superpower|p2a: Drapion
|-damage|p2a: Drapion|127\/281
|-boost|p1a: Malamar|atk|1
|-boost|p1a: Malamar|def|1
|move|p2a: Drapion|Knock Off|p1a: Malamar
|-damage|p1a: Malamar|165\/376
|-enditem|p1a: Malamar|Lum Berry|[from] move: Knock Off|[of] p2a: Drapion
|
|upkeep
|turn|14
|choice|move superpower|move poisonjab
|
|move|p1a: Malamar|Superpower|p2a: Drapion
|-damage|p2a: Drapion|0 fnt
|-boost|p1a: Malamar|atk|1
|-boost|p1a: Malamar|def|1
|faint|p2a: Drapion
|
|upkeep
|choice||switch 6
|
|switch|p2a: Mooshroom|Venusaur, F|364\/364
|-damage|p2a: Mooshroom|319\/364|[from] Stealth Rock
|turn|15
|choice|move psychocut|move sludgebomb
|
|move|p1a: Malamar|Psycho Cut|p2a: Mooshroom
|-supereffective|p2a: Mooshroom
|-damage|p2a: Mooshroom|0 fnt
|faint|p2a: Mooshroom
|
|upkeep
|choice||switch 4
|
|switch|p2a: Tears of the Sea|Blastoise, M|197\/362
|-damage|p2a: Tears of the Sea|152\/362|[from] Stealth Rock
|turn|16
|c|☆Dwakaar|gg
|choice|move knockoff|move scald
|
|move|p1a: Malamar|Knock Off|p2a: Tears of the Sea
|-damage|p2a: Tears of the Sea|0 fnt
|-enditem|p2a: Tears of the Sea|Leftovers|[from] move: Knock Off|[of] p1a: Malamar
|faint|p2a: Tears of the Sea
|
|-fieldend|move: Trick Room
|upkeep
|choice||switch 3
|
|switch|p2a: Uxie|Uxie|71\/354 par
|-damage|p2a: Uxie|27\/354 par|[from] Stealth Rock
|turn|17
|c|☆Dwakaar|or wait
|l|Me and my bucket
|c|☆Kill Bill Pandey|gg
|c|☆Dwakaar|trick room went out
|c| khkhkhkhkhkhkh|gg
|c| oscarcito|gg
|c| khkhkhkhkhkhkh|gg
|c|☆Dwakaar|could have won
|c| khkhkhkhkhkhkh|g
|c| khkhkhkhkhkhkh|g
|c| khkhkhkhkhkhkh|gg
|c|☆Dwakaar|uturn uxie
|j|sooswise
|choice|move knockoff|move uturn
|
|move|p1a: Malamar|Knock Off|p2a: Uxie
|-supereffective|p2a: Uxie
|-damage|p2a: Uxie|0 fnt
|-enditem|p2a: Uxie|Leftovers|[from] move: Knock Off|[of] p1a: Malamar
|faint|p2a: Uxie
|
|win|Kill Bill Pandey
|player|p1
|player|p2
|c|☆Kill Bill Pandey|thats how you comeback :P
|c| khkhkhkhkhkhkh|d:v
|l|Ultimate Reedpea
|l|Azureyes
|l|oscarcito
|l|Queue In
|l|Glenn Frey
|l|Koreno
|l|Ceiling Kitteh
|l|sooswise
|l|mcv21
|l|SoulfulData
|l|NerdDestroyer27
|l|MegaLuxray2309
|l|CurveNastyJr56
|l|Jahim
|c|☆Dwakaar|no malamar counter :\/</script>
</div>
<div class="battle-log battle-log-inline"><div class="inner"><div class="battle-options"></div><div class="inner"><div class="chat"><small>Kill Bill Pandey joined.</small></div><div class="chat"><small>Dwakaar joined.</small></div><div class="chat"><small>Stats Bot joined.</small></div><div class=""><small>Format:</small> <br><strong>RU</strong></div><div class=""><small><em>Sleep Clause Mod:</em> Limit one foe put to sleep</small></div><div class=""><small><em>Species Clause:</em> Limit one of each Pokémon</small></div><div class=""><small><em>OHKO Clause:</em> OHKO moves are banned</small></div><div class=""><small><em>Moody Clause:</em> Moody is banned</small></div><div class=""><small><em>Evasion Moves Clause:</em> Evasion moves are banned</small></div><div class=""><small><em>Endless Battle Clause:</em> Forcing endless battles is banned</small></div><div class=""><small><em>HP Percentage Mod:</em> HP is shown in percentages</small></div><div class=""><small><em>Swagger Clause:</em> Swagger is banned</small></div><div class=""><small><em>Baton Pass Clause:</em> Limit one Baton Passer, can't pass Spe and other stats simultaneously</small></div><div class="chat battle-history"><strong>Kill Bill Pandey's team:</strong> <em style="color:#445566;display:block;">Registeel / Malamar / Cinccino / Jolteon / Meloetta / Medicham</em></div><div class="chat battle-history"><strong>Dwakaar's team:</strong> <em style="color:#445566;display:block;">Rhyperior / Uxie / Drapion / Blastoise / Jolteon / Venusaur</em></div><div class="chat"><small>Stats Bot left.</small></div><div class="chat"><small>Azureyes joined.</small></div><div class="chat"><small>Wail✠Jes͜͡us joined.</small></div><div class="chat"><small>SoulfulData joined.</small></div><div class="chat"><small>bdov joined.</small></div><div class="chat"><small>ZyrusAxel joined.</small></div><div class="chat chatmessage-dwakaar"><strong style="color:hsl(165,69%,38.55302166181288%)"><small>☆</small><span class="username" data-name="Dwakaar">Dwakaar</span>:</strong> <em>good luck</em></div><div class="chat"><small>oscarcito joined.</small></div><div class="chat"><small>khkhkhkhkhkhkh joined.</small></div><div class="chat"><small>Ceiling Kitteh joined.</small></div><div class="spacer battle-history"><br></div><div class="battle-history">Battle started between Kill Bill Pandey and Dwakaar!<br></div><div class="spacer battle-history"><br></div><div class="battle-history">Go! <strong>Cinccino</strong>!<br></div><div class="spacer battle-history"><br></div><div class="battle-history">Dwakaar sent out <strong>Jolteon</strong>!<br></div><div class="spacer battle-history"><br></div><h2 class="battle-history">Turn 1</h2><div class="chat"><small>Glenn Frey joined.</small></div><div class="chat"><small>Jahim joined.</small></div><div class="chat"><small>MegaLuxray2309 joined.</small></div><div class="chat"><small>Bd29 joined.</small></div><div class="chat"><small>Gioshiwolf joined.</small></div><div class="chat"><small>Wail✠Jes͜͡us left.</small></div><div class="chat"><small>cerrocoso joined.</small></div><div class="chat chatmessage-khkhkhkhkhkhkh"><strong style="color:hsl(188,87%,37.333333333333336%)"><small> </small><span class="username" data-name="khkhkhkhkhkhkh">khkhkhkhkhkhkh</span>:</strong> <em>this is gonna be epic</em></div><div class="spacer battle-history"><br></div><div class="battle-history">The opposing Jolteon used <strong>Thunderbolt</strong>!<br></div><div class="battle-history"><small>(Cinccino lost <abbr title="−291/291">100%</abbr> of its health!)</small><br></div><div class="spacer battle-history"><br></div><div class="battle-history">Cinccino fainted!<br></div><div class="chat chatmessage-dwakaar"><strong style="color:hsl(165,69%,38.55302166181288%)"><small>☆</small><span class="username" data-name="Dwakaar">Dwakaar</span>:</strong> <em>&lt;3</em></div><div class="spacer battle-history"><br></div><div class="battle-history">Go! <strong>Registeel</strong>!<br></div><div class="spacer battle-history"><br></div><h2 class="battle-history">Turn 2</h2><div class="chat chatmessage-bdov"><strong style="color:hsl(300,89%,45%)"><small> </small><span class="username" data-name="bdov">bdov</span>:</strong> <em>Rip</em></div><div class="chat"><small>Bd29 left.</small></div><div class="chat chatmessage-megaluxray2309"><strong style="color:hsl(121,69%,37%)"><small> </small><span class="username" data-name="MegaLuxray2309">MegaLuxray2309</span>:</strong> <em>RIVAL THEME!!!!! OH YEH!!!!</em></div><div class="spacer battle-history"><br></div><div class="battle-history">Dwakaar withdrew Jolteon!<br></div><div class="battle-history">Dwakaar sent out <strong>Rhyperior</strong>!<br></div><div class="spacer battle-history"><br></div><div class="battle-history">Registeel used <strong>Stealth Rock</strong>!<br></div><div class="battle-history"><small>Pointed stones float in the air around the opposing team!</small><br></div><div class="spacer battle-history"><br></div><h2 class="battle-history">Turn 3</h2><div class="chat chatmessage-khkhkhkhkhkhkh"><strong style="color:hsl(188,87%,37.333333333333336%)"><small> </small><span class="username" data-name="khkhkhkhkhkhkh">khkhkhkhkhkhkh</span>:</strong> <em>d:v</em></div><div class="spacer battle-history"><br></div><div class="battle-history">The opposing Rhyperior used <strong>Earthquake</strong>!<br></div><div class="battle-history"><small>It's super effective!</small><br></div><div class="battle-history"><small>(Registeel lost <abbr title="−364/364">100%</abbr> of its health!)</small><br></div><div class="spacer battle-history"><br></div><div class="battle-history">Registeel fainted!<br></div><div class="chat"><small>TJG804 joined.</small></div><div class="chat"><small>Koreno joined.</small></div><div class="spacer battle-history"><br></div><div class="battle-history">Go! <strong>Meloetta</strong>!<br></div><div class="spacer battle-history"><br></div><h2 class="battle-history">Turn 4</h2><div class="chat chatmessage-bdov"><strong style="color:hsl(300,89%,45%)"><small> </small><span class="username" data-name="bdov">bdov</span>:</strong> <em>this rypherior rapes this team</em></div><div class="chat chatmessage-tjg804"><strong style="color:hsl(121,45%,44%)"><small> </small><span class="username" data-name="TJG804">TJG804</span>:</strong> <em>yo</em></div><div class="chat"><small>CurveNastyJr56 joined.</small></div><div class="spacer battle-history"><br></div><div class="battle-history">Meloetta used <strong>Relic Song</strong>!<br></div><div class="battle-history"><small>It's not very effective...</small><br></div><div class="battle-history"><small>(The opposing Rhyperior lost <abbr title="−165/380">43.4%</abbr> of its health!)</small><br></div><div class="battle-history">Meloetta transformed!<br></div><div class="battle-history"><small>Meloetta lost some of its HP!</small><br></div><div class="spacer battle-history"><br></div><div class="battle-history">The opposing Rhyperior used <strong>Earthquake</strong>!<br></div><div class="battle-history"><small>(Meloetta lost <abbr title="−358/404">88.6%</abbr> of its health!)</small><br></div><div class="spacer battle-history"><br></div><h2 class="battle-history">Turn 5</h2><div class="spacer battle-history"><br></div><div class="battle-history">Dwakaar withdrew Rhyperior!<br></div><div class="battle-history">Dwakaar sent out Tears of the Sea (<strong>Blastoise</strong>)!<br></div><div class="battle-history"><small>Pointed stones dug into the opposing Tears of the Sea!</small><br></div><div class="spacer battle-history"><br></div><div class="battle-history">Meloetta used <strong>Close Combat</strong>!<br></div><div class="battle-history"><small>(The opposing Tears of the Sea lost <abbr title="−142/362">39.2%</abbr> of its health!)</small><br></div><div class="battle-history"><small>Meloetta's Defense fell!</small><br></div><div class="battle-history"><small>Meloetta's Special Defense fell!</small><br></div><div class="battle-history"><small>Meloetta lost some of its HP!</small><br></div><div class="spacer battle-history"><br></div><div class="battle-history">Meloetta fainted!<br></div><div class="spacer battle-history"><br></div><div class="battle-history"><small>The opposing Tears of the Sea restored a little HP using its Leftovers!</small><br></div><div class="chat"><small>NerdDestroyer27 joined.</small></div><div class="chat"><small>It's Sultana joined.</small></div><div class="spacer battle-history"><br></div><div class="battle-history">Go! <strong>Jolteon</strong>!<br></div><div class="spacer battle-history"><br></div><h2 class="battle-history">Turn 6</h2><div class="chat"><small>bdov left.</small></div><div class="spacer battle-history"><br></div><div class="battle-history">Dwakaar withdrew Tears of the Sea!<br></div><div class="battle-history">Dwakaar sent out <strong>Rhyperior</strong>!<br></div><div class="battle-history"><small>Pointed stones dug into the opposing Rhyperior!</small><br></div><div class="spacer battle-history"><br></div><div class="battle-history">Jolteon used <strong>Thunderbolt</strong>!<br></div><div class="battle-history"><small>It doesn't affect the opposing Rhyperior...</small><br></div><div class="spacer battle-history"><br></div><h2 class="battle-history">Turn 7</h2><div class="chat"><small>aksw joined.</small></div><div class="spacer battle-history"><br></div><div class="battle-history">Jolteon used <strong>Hidden Power</strong>!<br></div><div class="battle-history"><small>It's super effective!</small><br></div><div class="battle-history"><small>(The opposing Rhyperior lost <abbr title="−192/380">50.5%</abbr> of its health!)</small><br></div><div class="battle-history"><small>Jolteon lost some of its HP!</small><br></div><div class="spacer battle-history"><br></div><div class="battle-history">The opposing Rhyperior fainted!<br></div><div class="chat"><small>blazerzz joined.</small></div><div class="spacer battle-history"><br></div><div class="battle-history">Dwakaar sent out <strong>Jolteon</strong>!<br></div><div class="battle-history"><small>Pointed stones dug into the opposing Jolteon!</small><br></div><div class="spacer battle-history"><br></div><h2 class="battle-history">Turn 8</h2><div class="chat"><small>ethey joined.</small></div><div class="chat"><small>aksw left.</small></div><div class="chat chatmessage-blazerzz"><strong style="color:hsl(127,67%,33%)"><small> </small><span class="username" data-name="blazerzz">blazerzz</span>:</strong> <em>sht up your ass</em></div><div class="chat chatmessage-blazerzz"><strong style="color:hsl(127,67%,33%)"><small> </small><span class="username" data-name="blazerzz">blazerzz</span>:</strong> <em>bye</em></div><div class="chat"><small>Jr. Tighe joined.</small></div><div class="chat"><small>blazerzz left.</small></div><div class="chat"><small>It's Sultana left.</small></div><div class="spacer battle-history"><br></div><div class="battle-history">Jolteon used <strong>Signal Beam</strong>!<br></div><div class="battle-history"><small>A critical hit!</small><br></div><div class="battle-history"><small>(The opposing Jolteon lost <abbr title="−169/271">62.4%</abbr> of its health!)</small><br></div><div class="battle-history"><small>The opposing Jolteon became confused!</small><br></div><div class="battle-history"><small>Jolteon lost some of its HP!</small><br></div><div class="spacer battle-history"><br></div><div class="battle-history"><small>The opposing Jolteon is confused!</small><br></div><div class="battle-history">It hurt itself in its confusion!<br></div><div class="spacer battle-history"><br></div><h2 class="battle-history">Turn 9</h2><div class="chat chatmessage-dwakaar"><strong style="color:hsl(165,69%,38.55302166181288%)"><small>☆</small><span class="username" data-name="Dwakaar">Dwakaar</span>:</strong> <em>:/</em></div><div class="chat"><small>mcv21 joined.</small></div><div class="spacer battle-history"><br></div><div class="battle-history">Jolteon used <strong>Signal Beam</strong>!<br></div><div class="battle-history"><small>(The opposing Jolteon lost <abbr title="−42/271">15.5%</abbr> of its health!)</small><br></div><div class="battle-history"><small>Jolteon lost some of its HP!</small><br></div><div class="spacer battle-history"><br></div><div class="battle-history">The opposing Jolteon fainted!<br></div><div class="chat"><small>cerrocoso left.</small></div><div class="chat"><small>Me and my bucket joined.</small></div><div class="spacer battle-history"><br></div><div class="battle-history">Dwakaar sent out <strong>Uxie</strong>!<br></div><div class="battle-history"><small>Pointed stones dug into the opposing Uxie!</small><br></div><div class="spacer battle-history"><br></div><h2 class="battle-history">Turn 10</h2><div class="chat"><small>p2w no skills joined.</small></div><div class="chat"><small>Queue In joined.</small></div><div class="chat chatmessage-tjg804"><strong style="color:hsl(121,45%,44%)"><small> </small><span class="username" data-name="TJG804">TJG804</span>:</strong> <em>should I bring a Pikachu in is next tournament</em></div><div class="spacer battle-history"><br></div><div class="battle-history">Jolteon used <strong>Signal Beam</strong>!<br></div><div class="battle-history"><small>It's super effective!</small><br></div><div class="battle-history"><small>(The opposing Uxie lost <abbr title="−143/354">40.4%</abbr> of its health!)</small><br></div><div class="battle-history"><small>Jolteon lost some of its HP!</small><br></div><div class="spacer battle-history"><br></div><div class="battle-history">The opposing Uxie used <strong>Psyshock</strong>!<br></div><div class="battle-history"><small>(Jolteon lost <abbr title="−123/271">45.4%</abbr> of its health!)</small><br></div><div class="spacer battle-history"><br></div><div class="battle-history"><small>The opposing Uxie restored a little HP using its Leftovers!</small><br></div><div class="spacer battle-history"><br></div><h2 class="battle-history">Turn 11</h2><div class="chat"><small>Ultimate Reedpea joined.</small></div><div class="spacer battle-history"><br></div><div class="battle-history">Jolteon used <strong>Thunderbolt</strong>!<br></div><div class="battle-history"><small>(The opposing Uxie lost <abbr title="−118/354">33.3%</abbr> of its health!)</small><br></div><div class="battle-history"><small>The opposing Uxie is paralyzed! It may be unable to move!</small><br></div><div class="battle-history"><small>Jolteon lost some of its HP!</small><br></div><div class="spacer battle-history"><br></div><div class="battle-history">The opposing Uxie used <strong>U-turn</strong>!<br></div><div class="battle-history"><small>(Jolteon lost <abbr title="−13/271">4.8%</abbr> of its health!)</small><br></div><div class="spacer battle-history"><br></div><div class="battle-history">Jolteon fainted!<br></div><div class="spacer battle-history"><br></div><div class="battle-history">The opposing Uxie went back to Dwakaar!<br></div><div class="battle-history">Dwakaar sent out <strong>Drapion</strong>!<br></div><div class="battle-history"><small>Pointed stones dug into the opposing Drapion!</small><br></div><div class="spacer battle-history"><br></div><div class="battle-history">Go! <strong>Malamar</strong>!<br></div><div class="spacer battle-history"><br></div><h2 class="battle-history">Turn 12</h2><div class="spacer battle-history"><br></div><div class="battle-history">The opposing Drapion used <strong>Swords Dance</strong>!<br></div><div class="battle-history"><small>The opposing Drapion's Attack rose sharply!</small><br></div><div class="spacer battle-history"><br></div><div class="battle-history">Malamar used <strong>Trick Room</strong>!<br></div><div class="battle-history"><small>Malamar twisted the dimensions!</small><br></div><div class="spacer battle-history"><br></div><h2 class="battle-history">Turn 13</h2><div class="chat"><small>ustprover joined.</small></div><div class="spacer battle-history"><br></div><div class="battle-history">Malamar used <strong>Superpower</strong>!<br></div><div class="battle-history"><small>(The opposing Drapion lost <abbr title="−119/281">42.3%</abbr> of its health!)</small><br></div><div class="battle-history"><small>Malamar's Attack rose!</small><br></div><div class="battle-history"><small>Malamar's Defense rose!</small><br></div><div class="spacer battle-history"><br></div><div class="battle-history">The opposing Drapion used <strong>Knock Off</strong>!<br></div><div class="battle-history"><small>(Malamar lost <abbr title="−211/376">56.1%</abbr> of its health!)</small><br></div><div class="battle-history"><small>The opposing Drapion knocked off Malamar's Lum Berry!</small><br></div><div class="spacer battle-history"><br></div><h2 class="battle-history">Turn 14</h2><div class="spacer battle-history"><br></div><div class="battle-history">Malamar used <strong>Superpower</strong>!<br></div><div class="battle-history"><small>(The opposing Drapion lost <abbr title="−127/281">45.2%</abbr> of its health!)</small><br></div><div class="battle-history"><small>Malamar's Attack rose!</small><br></div><div class="battle-history"><small>Malamar's Defense rose!</small><br></div><div class="spacer battle-history"><br></div><div class="battle-history">The opposing Drapion fainted!<br></div><div class="spacer battle-history"><br></div><div class="battle-history">Dwakaar sent out Mooshroom (<strong>Venusaur</strong>)!<br></div><div class="battle-history"><small>Pointed stones dug into the opposing Mooshroom!</small><br></div><div class="spacer battle-history"><br></div><h2 class="battle-history">Turn 15</h2><div class="spacer battle-history"><br></div><div class="battle-history">Malamar used <strong>Psycho Cut</strong>!<br></div><div class="battle-history"><small>It's super effective!</small><br></div><div class="battle-history"><small>(The opposing Mooshroom lost <abbr title="−319/364">87.6%</abbr> of its health!)</small><br></div><div class="spacer battle-history"><br></div><div class="battle-history">The opposing Mooshroom fainted!<br></div><div class="spacer battle-history"><br></div><div class="battle-history">Dwakaar sent out Tears of the Sea (<strong>Blastoise</strong>)!<br></div><div class="battle-history"><small>Pointed stones dug into the opposing Tears of the Sea!</small><br></div><div class="spacer battle-history"><br></div><h2 class="battle-history">Turn 16</h2><div class="chat chatmessage-dwakaar"><strong style="color:hsl(165,69%,38.55302166181288%)"><small>☆</small><span class="username" data-name="Dwakaar">Dwakaar</span>:</strong> <em>gg</em></div><div class="spacer battle-history"><br></div><div class="battle-history">Malamar used <strong>Knock Off</strong>!<br></div><div class="battle-history"><small>(The opposing Tears of the Sea lost <abbr title="−152/362">42.0%</abbr> of its health!)</small><br></div><div class="battle-history"><small>Malamar knocked off the opposing Tears of the Sea's Leftovers!</small><br></div><div class="spacer battle-history"><br></div><div class="battle-history">The opposing Tears of the Sea fainted!<br></div><div class="spacer battle-history"><br></div><div class="battle-history"><small>The twisted dimensions returned to normal!</small><br></div><div class="spacer battle-history"><br></div><div class="battle-history">Dwakaar sent out <strong>Uxie</strong>!<br></div><div class="battle-history"><small>Pointed stones dug into the opposing Uxie!</small><br></div><div class="spacer battle-history"><br></div><h2 class="battle-history">Turn 17</h2><div class="chat chatmessage-dwakaar"><strong style="color:hsl(165,69%,38.55302166181288%)"><small>☆</small><span class="username" data-name="Dwakaar">Dwakaar</span>:</strong> <em>or wait</em></div><div class="chat"><small>Me and my bucket left.</small></div><div class="chat chatmessage-killbillpandey"><strong style="color:hsl(235,58%,64.77888267031894%)"><small>☆</small><span class="username" data-name="Kill Bill Pandey">Kill Bill Pandey</span>:</strong> <em>gg</em></div><div class="chat chatmessage-dwakaar"><strong style="color:hsl(165,69%,38.55302166181288%)"><small>☆</small><span class="username" data-name="Dwakaar">Dwakaar</span>:</strong> <em>trick room went out</em></div><div class="chat chatmessage-khkhkhkhkhkhkh"><strong style="color:hsl(188,87%,37.333333333333336%)"><small> </small><span class="username" data-name="khkhkhkhkhkhkh">khkhkhkhkhkhkh</span>:</strong> <em>gg</em></div><div class="chat chatmessage-oscarcito"><strong style="color:hsl(172,55%,42.333333333333336%)"><small> </small><span class="username" data-name="oscarcito">oscarcito</span>:</strong> <em>gg</em></div><div class="chat chatmessage-khkhkhkhkhkhkh"><strong style="color:hsl(188,87%,37.333333333333336%)"><small> </small><span class="username" data-name="khkhkhkhkhkhkh">khkhkhkhkhkhkh</span>:</strong> <em>gg</em></div><div class="chat chatmessage-dwakaar"><strong style="color:hsl(165,69%,38.55302166181288%)"><small>☆</small><span class="username" data-name="Dwakaar">Dwakaar</span>:</strong> <em>could have won</em></div><div class="chat chatmessage-khkhkhkhkhkhkh"><strong style="color:hsl(188,87%,37.333333333333336%)"><small> </small><span class="username" data-name="khkhkhkhkhkhkh">khkhkhkhkhkhkh</span>:</strong> <em>g</em></div><div class="chat chatmessage-khkhkhkhkhkhkh"><strong style="color:hsl(188,87%,37.333333333333336%)"><small> </small><span class="username" data-name="khkhkhkhkhkhkh">khkhkhkhkhkhkh</span>:</strong> <em>g</em></div><div class="chat chatmessage-khkhkhkhkhkhkh"><strong style="color:hsl(188,87%,37.333333333333336%)"><small> </small><span class="username" data-name="khkhkhkhkhkhkh">khkhkhkhkhkhkh</span>:</strong> <em>gg</em></div><div class="chat chatmessage-dwakaar"><strong style="color:hsl(165,69%,38.55302166181288%)"><small>☆</small><span class="username" data-name="Dwakaar">Dwakaar</span>:</strong> <em>uturn uxie</em></div><div class="chat"><small>sooswise joined.</small></div><div class="spacer battle-history"><br></div><div class="battle-history">Malamar used <strong>Knock Off</strong>!<br></div><div class="battle-history"><small>It's super effective!</small><br></div><div class="battle-history"><small>(The opposing Uxie lost <abbr title="−27/354">7.6%</abbr> of its health!)</small><br></div><div class="battle-history"><small>Malamar knocked off the opposing Uxie's Leftovers!</small><br></div><div class="spacer battle-history"><br></div><div class="battle-history">The opposing Uxie fainted!<br></div><div class="spacer battle-history"><br></div><div class="battle-history"><strong>Kill Bill Pandey</strong> won the battle!<br></div><div class="chat chatmessage-killbillpandey"><strong style="color:hsl(235,58%,64.77888267031894%)"><small>☆</small><span class="username" data-name="Kill Bill Pandey">Kill Bill Pandey</span>:</strong> <em>thats how you comeback :P</em></div><div class="chat chatmessage-khkhkhkhkhkhkh"><strong style="color:hsl(188,87%,37.333333333333336%)"><small> </small><span class="username" data-name="khkhkhkhkhkhkh">khkhkhkhkhkhkh</span>:</strong> <em>d:v</em></div><div class="chat"><small>Ultimate Reedpea left.</small></div><div class="chat"><small>Azureyes left.</small></div><div class="chat"><small>oscarcito left.</small></div><div class="chat"><small>Queue In left.</small></div><div class="chat"><small>Glenn Frey left.</small></div><div class="chat"><small>Koreno left.</small></div><div class="chat"><small>Ceiling Kitteh left.</small></div><div class="chat"><small>sooswise left.</small></div><div class="chat"><small>mcv21 left.</small></div><div class="chat"><small>SoulfulData left.</small></div><div class="chat"><small>NerdDestroyer27 left.</small></div><div class="chat"><small>MegaLuxray2309 left.</small></div><div class="chat"><small>CurveNastyJr56 left.</small></div><div class="chat"><small>Jahim left.</small></div><div class="chat chatmessage-dwakaar"><strong style="color:hsl(165,69%,38.55302166181288%)"><small>☆</small><span class="username" data-name="Dwakaar">Dwakaar</span>:</strong> <em>no malamar counter :/</em></div></div><div class="inner-preempt"></div></div></div>
</div>
<script>
let daily = Math.floor(Date.now()/1000/60/60/24);document.write('<script src="https://play.pokemonshowdown.com/js/replay-embed.js?version'+daily+'"></'+'script>');
</script>
