<!DOCTYPE html>
<meta charset="utf-8" />
<!-- version 1 -->
<title>RU replay: Advantage *-* vs. YABO</title>
<style>
html,body {font-family:Verdana, sans-serif;font-size:10pt;margin:0;padding:0;}body{padding:12px 0;} .battle-log {font-family:Verdana, sans-serif;font-size:10pt;} .battle-log-inline {border:1px solid #AAAAAA;background:#EEF2F5;color:black;max-width:640px;margin:0 auto 80px;padding-bottom:5px;} .battle-log .inner {padding:4px 8px 0px 8px;} .battle-log .inner-preempt {padding:0 8px 4px 8px;} .battle-log .inner-after {margin-top:0.5em;} .battle-log h2 {margin:0.5em -8px;padding:4px 8px;border:1px solid #AAAAAA;background:#E0E7EA;border-left:0;border-right:0;font-family:Verdana, sans-serif;font-size:13pt;} .battle-log .chat {vertical-align:middle;padding:3px 0 3px 0;font-size:8pt;} .battle-log .chat strong {color:#40576A;} .battle-log .chat em {padding:1px 4px 1px 3px;color:#000000;font-style:normal;} .chat.mine {background:rgba(0,0,0,0.05);margin-left:-8px;margin-right:-8px;padding-left:8px;padding-right:8px;} .spoiler {color:#BBBBBB;background:#BBBBBB;padding:0px 3px;} .spoiler:hover, .spoiler:active, .spoiler-shown {color:#000000;background:#E2E2E2;padding:0px 3px;} .spoiler a {color:#BBBBBB;} .spoiler:hover a, .spoiler:active a, .spoiler-shown a {color:#2288CC;} .chat code, .chat .spoiler:hover code, .chat .spoiler:active code, .chat .spoiler-shown code {border:1px solid #C0C0C0;background:#EEEEEE;color:black;padding:0 2px;} .chat .spoiler code {border:1px solid #CCCCCC;background:#CCCCCC;color:#CCCCCC;} .battle-log .rated {padding:3px 4px;} .battle-log .rated strong {color:white;background:#89A;padding:1px 4px;border-radius:4px;} .spacer {margin-top:0.5em;} .message-announce {background:#6688AA;color:white;padding:1px 4px 2px;} .message-announce a, .broadcast-green a, .broadcast-blue a, .broadcast-red a {color:#DDEEFF;} .broadcast-green {background-color:#559955;color:white;padding:2px 4px;} .broadcast-blue {background-color:#6688AA;color:white;padding:2px 4px;} .infobox {border:1px solid #6688AA;padding:2px 4px;} .infobox-limited {max-height:200px;overflow:auto;overflow-x:hidden;} .broadcast-red {background-color:#AA5544;color:white;padding:2px 4px;} .message-learn-canlearn {font-weight:bold;color:#228822;text-decoration:underline;} .message-learn-cannotlearn {font-weight:bold;color:#CC2222;text-decoration:underline;} .message-effect-weak {font-weight:bold;color:#CC2222;} .message-effect-resist {font-weight:bold;color:#6688AA;} .message-effect-immune {font-weight:bold;color:#666666;} .message-learn-list {margin-top:0;margin-bottom:0;} .message-throttle-notice, .message-error {color:#992222;} .message-overflow, .chat small.message-overflow {font-size:0pt;} .message-overflow::before {font-size:9pt;content:'...';} .subtle {color:#3A4A66;}
</style>
<div class="wrapper replay-wrapper" style="max-width:1180px;margin:0 auto">
<input type="hidden" name="replayid" value="smogtours-ru-286339" />
<div class="battle"></div><div class="battle-log"></div><div class="replay-controls"></div><div class="replay-controls-2"></div>
<h1 style="font-weight:normal;text-align:center"><strong>RU</strong><br /><a href="http://pokemonshowdown.com/users/advantage" class="subtle" target="_blank">Advantage *-*</a> vs. <a href="http://pokemonshowdown.com/users/yabo" class="subtle" target="_blank">YABO</a></h1>
<script type="text/plain" class="battle-log-data">|inactive|Battle timer is ON: inactive players will automatically lose when time's up.
|J|Advantage *-*
|J|YABO
|player|p1|Advantage *-*|#advantage
|player|p2|YABO|160
|gametype|singles
|gen|6
|tier|RU
|seed|34377,2452,32624,21546
|rule|Sleep Clause Mod: Limit one foe put to sleep
|rule|Species Clause: Limit one of each Pokémon
|rule|OHKO Clause: OHKO moves are banned
|rule|Moody Clause: Moody is banned
|rule|Evasion Moves Clause: Evasion moves are banned
|rule|Endless Battle Clause: Forcing endless battles is banned
|rule|HP Percentage Mod: HP is shown in percentages
|clearpoke
|poke|p1|Spiritomb, F|item
|poke|p1|Vibrava, F|item
|poke|p1|Lumineon, M|item
|poke|p1|Drifblim, F|item
|poke|p1|Shiftry, M|item
|poke|p1|Togetic, F|item
|poke|p2|Aerodactyl, M|item
|poke|p2|Archeops, F|
|poke|p2|Seismitoad, M|item
|poke|p2|Venusaur, F|item
|poke|p2|Bronzong|item
|poke|p2|Scrafty, M|item
|rule|Swagger Clause: Swagger is banned
|rule|Baton Pass Clause: Limit one Baton Passer, can't pass Spe and other stats simultaneously
|teampreview
|J|pokemon is whack
|L|pokemon is whack
|c|☆YABO|wtf is this
|c|☆Advantage *-*|Chicago 
|choice|team 1, team 2, team 3, team 4, team 5, team 6|team 3, team 2, team 1, team 4, team 5, team 6
|
|start
|switch|p1a: Chicago|Spiritomb, F|303\/303
|switch|p2a: Seismitoad|Seismitoad, M|404\/404
|-ability|p1a: Chicago|Pressure
|turn|1
|choice|move ominouswind|move substitute
|
|move|p2a: Seismitoad|Substitute|p2a: Seismitoad
|-start|p2a: Seismitoad|Substitute
|-damage|p2a: Seismitoad|303\/404
|move|p1a: Chicago|Ominous Wind|p2a: Seismitoad
|-end|p2a: Seismitoad|Substitute
|
|-heal|p2a: Seismitoad|328\/404|[from] item: Leftovers
|upkeep
|turn|2
|choice|move ominouswind|move toxic
|
|move|p2a: Seismitoad|Toxic|p1a: Chicago|[miss]
|-miss|p2a: Seismitoad|p1a: Chicago
|move|p1a: Chicago|Ominous Wind|p2a: Seismitoad
|-damage|p2a: Seismitoad|204\/404
|
|-heal|p2a: Seismitoad|229\/404|[from] item: Leftovers
|upkeep
|turn|3
|choice|move ominouswind|move toxic
|
|move|p2a: Seismitoad|Toxic|p1a: Chicago|[miss]
|-miss|p2a: Seismitoad|p1a: Chicago
|move|p1a: Chicago|Ominous Wind|p2a: Seismitoad
|-damage|p2a: Seismitoad|106\/404
|
|-heal|p2a: Seismitoad|131\/404|[from] item: Leftovers
|upkeep
|turn|4
|choice|move ominouswind|move toxic
|
|move|p2a: Seismitoad|Toxic|p1a: Chicago
|-status|p1a: Chicago|tox
|move|p1a: Chicago|Ominous Wind|p2a: Seismitoad
|-damage|p2a: Seismitoad|20\/404
|
|-heal|p2a: Seismitoad|45\/404|[from] item: Leftovers
|-damage|p1a: Chicago|285\/303 tox|[from] psn
|upkeep
|turn|5
|J|Th3 MFJr King♣
|choice|move ominouswind|move stealthrock
|
|move|p2a: Seismitoad|Stealth Rock|p1a: Chicago
|-sidestart|p1: Advantage *-*|move: Stealth Rock
|move|p1a: Chicago|Ominous Wind|p2a: Seismitoad
|-damage|p2a: Seismitoad|0 fnt
|faint|p2a: Seismitoad
|
|-heal|p1a: Chicago|303\/303 tox|[from] item: Leftovers
|-damage|p1a: Chicago|267\/303 tox|[from] psn
|upkeep
|choice||switch 6
|
|switch|p2a: Scrafty|Scrafty, M|271\/271
|turn|6
|choice|move silverwind|switch 4
|
|switch|p2a: Venusaur|Venusaur, F|364\/364
|move|p1a: Chicago|Silver Wind|p2a: Venusaur
|-damage|p2a: Venusaur|300\/364
|
|-heal|p2a: Venusaur|322\/364|[from] item: Black Sludge
|-heal|p1a: Chicago|285\/303 tox|[from] item: Leftovers
|-damage|p1a: Chicago|231\/303 tox|[from] psn
|upkeep
|turn|7
|choice|move rest|move leechseed
|
|move|p2a: Venusaur|Leech Seed|p1a: Chicago
|-start|p1a: Chicago|move: Leech Seed
|move|p1a: Chicago|Rest|p1a: Chicago
|-status|p1a: Chicago|slp
|-heal|p1a: Chicago|303\/303 slp|[silent]
|-status|p1a: Chicago|slp|[from] move: Rest
|
|-heal|p2a: Venusaur|344\/364|[from] item: Black Sludge
|-damage|p1a: Chicago|266\/303 slp|[from] Leech Seed|[of] p2a: Venusaur
|-heal|p2a: Venusaur|364\/364|[silent]
|upkeep
|turn|8
|choice|move sleeptalk|move gigadrain
|
|move|p2a: Venusaur|Giga Drain|p1a: Chicago
|-damage|p1a: Chicago|181\/303 slp
|cant|p1a: Chicago|slp
|move|p1a: Chicago|Sleep Talk|p1a: Chicago
|move|p1a: Chicago|Rest|p1a: Chicago|[from]Sleep Talk
|-fail|p1a: Chicago
|
|-heal|p1a: Chicago|199\/303 slp|[from] item: Leftovers
|-damage|p1a: Chicago|162\/303 slp|[from] Leech Seed|[of] p2a: Venusaur
|upkeep
|turn|9
|choice|move sleeptalk|move gigadrain
|
|move|p2a: Venusaur|Giga Drain|p1a: Chicago
|-damage|p1a: Chicago|81\/303 slp
|cant|p1a: Chicago|slp
|move|p1a: Chicago|Sleep Talk|p1a: Chicago
|move|p1a: Chicago|Silver Wind|p2a: Venusaur|[from]Sleep Talk
|-damage|p2a: Venusaur|303\/364
|-boost|p1a: Chicago|atk|1
|-boost|p1a: Chicago|def|1
|-boost|p1a: Chicago|spa|1
|-boost|p1a: Chicago|spd|1
|-boost|p1a: Chicago|spe|1
|
|-heal|p2a: Venusaur|325\/364|[from] item: Black Sludge
|-heal|p1a: Chicago|99\/303 slp|[from] item: Leftovers
|-damage|p1a: Chicago|62\/303 slp|[from] Leech Seed|[of] p2a: Venusaur
|-heal|p2a: Venusaur|362\/364|[silent]
|upkeep
|turn|10
|c|☆YABO|omg
|choice|move rest|move gigadrain
|
|move|p2a: Venusaur|Giga Drain|p1a: Chicago
|-damage|p1a: Chicago|7\/303 slp
|-heal|p2a: Venusaur|364\/364|[from] drain|[of] p1a: Chicago
|-curestatus|p1a: Chicago|slp|[msg]
|move|p1a: Chicago|Rest|p1a: Chicago
|-status|p1a: Chicago|slp
|-heal|p1a: Chicago|303\/303 slp|[silent]
|-status|p1a: Chicago|slp|[from] move: Rest
|
|-damage|p1a: Chicago|266\/303 slp|[from] Leech Seed|[of] p2a: Venusaur
|upkeep
|turn|11
|choice|move sleeptalk|switch 4
|
|switch|p2a: Scrafty|Scrafty, M|271\/271
|cant|p1a: Chicago|slp
|move|p1a: Chicago|Sleep Talk|p1a: Chicago
|move|p1a: Chicago|Ominous Wind|p2a: Scrafty|[from]Sleep Talk
|-resisted|p2a: Scrafty
|-damage|p2a: Scrafty|208\/271
|
|-heal|p1a: Chicago|284\/303 slp|[from] item: Leftovers
|-damage|p1a: Chicago|247\/303 slp|[from] Leech Seed|[of] p2a: Scrafty
|-heal|p2a: Scrafty|245\/271|[silent]
|upkeep
|turn|12
|choice|move sleeptalk|move dragondance
|
|move|p2a: Scrafty|Dragon Dance|p2a: Scrafty
|-boost|p2a: Scrafty|atk|1
|-boost|p2a: Scrafty|spe|1
|cant|p1a: Chicago|slp
|move|p1a: Chicago|Sleep Talk|p1a: Chicago
|move|p1a: Chicago|Rest|p1a: Chicago|[from]Sleep Talk
|-fail|p1a: Chicago
|
|-heal|p1a: Chicago|265\/303 slp|[from] item: Leftovers
|-damage|p1a: Chicago|228\/303 slp|[from] Leech Seed|[of] p2a: Scrafty
|-heal|p2a: Scrafty|271\/271|[silent]
|upkeep
|turn|13
|choice|move silverwind|move knockoff
|
|move|p2a: Scrafty|Knock Off|p1a: Chicago
|-damage|p1a: Chicago|92\/303 slp
|-enditem|p1a: Chicago|Leftovers|[from] move: Knock Off|[of] p2a: Scrafty
|-curestatus|p1a: Chicago|slp|[msg]
|move|p1a: Chicago|Silver Wind|p2a: Scrafty
|-damage|p2a: Scrafty|189\/271
|
|-damage|p1a: Chicago|55\/303|[from] Leech Seed|[of] p2a: Scrafty
|-heal|p2a: Scrafty|226\/271|[silent]
|upkeep
|turn|14
|choice|move silverwind|move knockoff
|
|move|p2a: Scrafty|Knock Off|p1a: Chicago
|-damage|p1a: Chicago|0 fnt
|faint|p1a: Chicago
|-ability|p2a: Scrafty|Moxie|boost
|-boost|p2a: Scrafty|atk|1
|
|upkeep
|choice|switch 6|
|
|switch|p1a: Chicago 6|Togetic, F|313\/313
|-damage|p1a: Chicago 6|235\/313|[from] Stealth Rock
|turn|15
|choice|move ominouswind|move knockoff
|
|move|p2a: Scrafty|Knock Off|p1a: Chicago 6
|-resisted|p1a: Chicago 6
|-damage|p1a: Chicago 6|137\/313
|-enditem|p1a: Chicago 6|Eviolite|[from] move: Knock Off|[of] p2a: Scrafty
|move|p1a: Chicago 6|Ominous Wind|p2a: Scrafty
|-resisted|p2a: Scrafty
|-damage|p2a: Scrafty|203\/271
|
|upkeep
|turn|16
|choice|move rest|move knockoff
|
|move|p2a: Scrafty|Knock Off|p1a: Chicago 6
|-resisted|p1a: Chicago 6
|-damage|p1a: Chicago 6|36\/313
|move|p1a: Chicago 6|Rest|p1a: Chicago 6
|-status|p1a: Chicago 6|slp
|-heal|p1a: Chicago 6|313\/313 slp|[silent]
|-status|p1a: Chicago 6|slp|[from] move: Rest
|
|upkeep
|turn|17
|choice|move sleeptalk|switch 4
|
|switch|p2a: Venusaur|Venusaur, F|364\/364
|cant|p1a: Chicago 6|slp
|move|p1a: Chicago 6|Sleep Talk|p1a: Chicago 6
|move|p1a: Chicago 6|Rest|p1a: Chicago 6|[from]Sleep Talk
|-fail|p1a: Chicago 6
|
|upkeep
|turn|18
|choice|move sleeptalk|move leechseed
|
|move|p2a: Venusaur|Leech Seed|p1a: Chicago 6
|-start|p1a: Chicago 6|move: Leech Seed
|cant|p1a: Chicago 6|slp
|move|p1a: Chicago 6|Sleep Talk|p1a: Chicago 6
|move|p1a: Chicago 6|Ominous Wind|p2a: Venusaur|[from]Sleep Talk
|-damage|p2a: Venusaur|308\/364
|
|-heal|p2a: Venusaur|330\/364|[from] item: Black Sludge
|-damage|p1a: Chicago 6|274\/313 slp|[from] Leech Seed|[of] p2a: Venusaur
|-heal|p2a: Venusaur|364\/364|[silent]
|upkeep
|turn|19
|choice|switch 2|move sludgebomb
|
|switch|p1a: Chicago 2|Vibrava, F|303\/303
|-damage|p1a: Chicago 2|285\/303|[from] Stealth Rock
|move|p2a: Venusaur|Sludge Bomb|p1a: Chicago 2
|-resisted|p1a: Chicago 2
|-damage|p1a: Chicago 2|220\/303
|
|upkeep
|turn|20
|J|the mj show
|choice|move ominouswind|move leechseed
|
|move|p2a: Venusaur|Leech Seed|p1a: Chicago 2
|-start|p1a: Chicago 2|move: Leech Seed
|move|p1a: Chicago 2|Ominous Wind|p2a: Venusaur
|-damage|p2a: Venusaur|316\/364
|
|-heal|p2a: Venusaur|338\/364|[from] item: Black Sludge
|-damage|p1a: Chicago 2|183\/303|[from] Leech Seed|[of] p2a: Venusaur
|-heal|p2a: Venusaur|364\/364|[silent]
|upkeep
|turn|21
|choice|move rest|move sludgebomb
|
|move|p2a: Venusaur|Sludge Bomb|p1a: Chicago 2
|-resisted|p1a: Chicago 2
|-damage|p1a: Chicago 2|123\/303
|move|p1a: Chicago 2|Rest|p1a: Chicago 2
|-status|p1a: Chicago 2|slp
|-heal|p1a: Chicago 2|303\/303 slp|[silent]
|-status|p1a: Chicago 2|slp|[from] move: Rest
|
|-damage|p1a: Chicago 2|266\/303 slp|[from] Leech Seed|[of] p2a: Venusaur
|upkeep
|turn|22
|choice|move sleeptalk|switch 4
|
|switch|p2a: Scrafty|Scrafty, M|203\/271
|cant|p1a: Chicago 2|slp
|move|p1a: Chicago 2|Sleep Talk|p1a: Chicago 2
|move|p1a: Chicago 2|Ominous Wind|p2a: Scrafty|[from]Sleep Talk
|-resisted|p2a: Scrafty
|-damage|p2a: Scrafty|183\/271
|
|-damage|p1a: Chicago 2|229\/303 slp|[from] Leech Seed|[of] p2a: Scrafty
|-heal|p2a: Scrafty|220\/271|[silent]
|upkeep
|turn|23
|choice|switch 2|move dragondance
|
|switch|p1a: Chicago 6|Togetic, F|274\/313 slp
|-damage|p1a: Chicago 6|196\/313 slp|[from] Stealth Rock
|move|p2a: Scrafty|Dragon Dance|p2a: Scrafty
|-boost|p2a: Scrafty|atk|1
|-boost|p2a: Scrafty|spe|1
|
|upkeep
|turn|24
|choice|move sleeptalk|move knockoff
|
|move|p2a: Scrafty|Knock Off|p1a: Chicago 6
|-resisted|p1a: Chicago 6
|-damage|p1a: Chicago 6|121\/313 slp
|-curestatus|p1a: Chicago 6|slp|[msg]
|move|p1a: Chicago 6|Sleep Talk|p1a: Chicago 6
|-fail|p1a: Chicago 6
|
|upkeep
|turn|25
|choice|move rest|move dragondance
|
|move|p2a: Scrafty|Dragon Dance|p2a: Scrafty
|-boost|p2a: Scrafty|atk|1
|-boost|p2a: Scrafty|spe|1
|move|p1a: Chicago 6|Rest|p1a: Chicago 6
|-status|p1a: Chicago 6|slp
|-heal|p1a: Chicago 6|313\/313 slp|[silent]
|-status|p1a: Chicago 6|slp|[from] move: Rest
|
|upkeep
|turn|26
|choice|move sleeptalk|move dragondance
|
|move|p2a: Scrafty|Dragon Dance|p2a: Scrafty
|-boost|p2a: Scrafty|atk|1
|-boost|p2a: Scrafty|spe|1
|cant|p1a: Chicago 6|slp
|move|p1a: Chicago 6|Sleep Talk|p1a: Chicago 6
|move|p1a: Chicago 6|Rest|p1a: Chicago 6|[from]Sleep Talk
|-fail|p1a: Chicago 6
|
|upkeep
|turn|27
|choice|move sleeptalk|move dragondance
|
|move|p2a: Scrafty|Dragon Dance|p2a: Scrafty
|-boost|p2a: Scrafty|atk|1
|-boost|p2a: Scrafty|spe|1
|cant|p1a: Chicago 6|slp
|move|p1a: Chicago 6|Sleep Talk|p1a: Chicago 6
|move|p1a: Chicago 6|Silver Wind|p2a: Scrafty|[from]Sleep Talk
|-damage|p2a: Scrafty|173\/271
|
|upkeep
|turn|28
|choice|move silverwind|move dragondance
|
|move|p2a: Scrafty|Dragon Dance|p2a: Scrafty
|-boost|p2a: Scrafty|atk|1
|-boost|p2a: Scrafty|spe|1
|-curestatus|p1a: Chicago 6|slp|[msg]
|move|p1a: Chicago 6|Silver Wind|p2a: Scrafty
|-damage|p2a: Scrafty|125\/271
|
|upkeep
|turn|29
|choice|move silverwind|move dragondance
|
|move|p2a: Scrafty|Dragon Dance|p2a: Scrafty
|-boost|p2a: Scrafty|atk|1
|-boost|p2a: Scrafty|spe|1
|move|p1a: Chicago 6|Silver Wind|p2a: Scrafty
|-damage|p2a: Scrafty|78\/271
|
|upkeep
|turn|30
|choice|move silverwind|move rest
|
|move|p2a: Scrafty|Rest|p2a: Scrafty
|-status|p2a: Scrafty|slp
|-heal|p2a: Scrafty|271\/271 slp|[silent]
|-status|p2a: Scrafty|slp|[from] move: Rest
|-enditem|p2a: Scrafty|Chesto Berry|[eat]
|-curestatus|p2a: Scrafty|slp|[msg]
|move|p1a: Chicago 6|Silver Wind|p2a: Scrafty
|-damage|p2a: Scrafty|216\/271
|
|upkeep
|turn|31
|choice|move silverwind|move knockoff
|
|move|p2a: Scrafty|Knock Off|p1a: Chicago 6
|-resisted|p1a: Chicago 6
|-crit|p1a: Chicago 6
|-damage|p1a: Chicago 6|0 fnt
|faint|p1a: Chicago 6
|
|upkeep
|c|☆Advantage *-*|insane
|-message|Advantage *-* forfeited.
|
|win|YABO</script>
</div>
<div class="battle-log battle-log-inline"><div class="inner"><div class="battle-options"></div><div class="inner"><div class="chat message-error">Battle timer is ON: inactive players will automatically lose when time's up.</div><div class=""><small>Format:</small> <br><strong>RU</strong></div><div class=""><small><em>Sleep Clause Mod:</em> Limit one foe put to sleep</small></div><div class=""><small><em>Species Clause:</em> Limit one of each Pokémon</small></div><div class=""><small><em>OHKO Clause:</em> OHKO moves are banned</small></div><div class=""><small><em>Moody Clause:</em> Moody is banned</small></div><div class=""><small><em>Evasion Moves Clause:</em> Evasion moves are banned</small></div><div class=""><small><em>Endless Battle Clause:</em> Forcing endless battles is banned</small></div><div class=""><small><em>HP Percentage Mod:</em> HP is shown in percentages</small></div><div class=""><small><em>Swagger Clause:</em> Swagger is banned</small></div><div class=""><small><em>Baton Pass Clause:</em> Limit one Baton Passer, can't pass Spe and other stats simultaneously</small></div><div class="chat battle-history"><strong>Advantage *-*'s team:</strong> <em style="color:#445566;display:block;">Spiritomb / Vibrava / Lumineon / Drifblim / Shiftry / Togetic</em></div><div class="chat battle-history"><strong>YABO's team:</strong> <em style="color:#445566;display:block;">Aerodactyl / Archeops / Seismitoad / Venusaur / Bronzong / Scrafty</em></div><div class="chat chatmessage-yabo"><strong style="color:hsl(70,62%,31%)"><small>☆</small><span class="username" data-name="YABO">YABO</span>:</strong> <em>wtf is this</em></div><div class="chat chatmessage-advantage"><strong style="color:hsl(307,88%,47%)"><small>☆</small><span class="username" data-name="Advantage *-*">Advantage *-*</span>:</strong> <em>Chicago </em></div><div class="spacer battle-history"><br></div><div class="battle-history">Battle started between Advantage *-* and YABO!<br></div><div class="spacer battle-history"><br></div><div class="battle-history">Go! Chicago (<strong>Spiritomb</strong>)!<br></div><div class="spacer battle-history"><br></div><div class="battle-history">YABO sent out <strong>Seismitoad</strong>!<br></div><div class="battle-history"><small>[Chicago's Pressure]</small><br><small>Chicago is exerting its pressure!</small><br></div><div class="spacer battle-history"><br></div><h2 class="battle-history">Turn 1</h2><div class="spacer battle-history"><br></div><div class="battle-history">The opposing Seismitoad used <strong>Substitute</strong>!<br></div><div class="battle-history"><small>The opposing Seismitoad put in a substitute!</small><br></div><div class="battle-history"><small>(The opposing Seismitoad lost <abbr title="−101/404">25%</abbr> of its health!)</small><br></div><div class="spacer battle-history"><br></div><div class="battle-history">Chicago used <strong>Ominous Wind</strong>!<br></div><div class="battle-history"><small>The opposing Seismitoad's substitute faded!</small><br></div><div class="spacer battle-history"><br></div><div class="battle-history"><small>The opposing Seismitoad restored a little HP using its Leftovers!</small><br></div><div class="spacer battle-history"><br></div><h2 class="battle-history">Turn 2</h2><div class="spacer battle-history"><br></div><div class="battle-history">The opposing Seismitoad used <strong>Toxic</strong>!<br></div><div class="battle-history"><small>Chicago avoided the attack!</small><br></div><div class="spacer battle-history"><br></div><div class="battle-history">Chicago used <strong>Ominous Wind</strong>!<br></div><div class="battle-history"><small>(The opposing Seismitoad lost <abbr title="−124/404">30.7%</abbr> of its health!)</small><br></div><div class="spacer battle-history"><br></div><div class="battle-history"><small>The opposing Seismitoad restored a little HP using its Leftovers!</small><br></div><div class="spacer battle-history"><br></div><h2 class="battle-history">Turn 3</h2><div class="spacer battle-history"><br></div><div class="battle-history">The opposing Seismitoad used <strong>Toxic</strong>!<br></div><div class="battle-history"><small>Chicago avoided the attack!</small><br></div><div class="spacer battle-history"><br></div><div class="battle-history">Chicago used <strong>Ominous Wind</strong>!<br></div><div class="battle-history"><small>(The opposing Seismitoad lost <abbr title="−123/404">30.4%</abbr> of its health!)</small><br></div><div class="spacer battle-history"><br></div><div class="battle-history"><small>The opposing Seismitoad restored a little HP using its Leftovers!</small><br></div><div class="spacer battle-history"><br></div><h2 class="battle-history">Turn 4</h2><div class="spacer battle-history"><br></div><div class="battle-history">The opposing Seismitoad used <strong>Toxic</strong>!<br></div><div class="battle-history"><small>Chicago was badly poisoned!</small><br></div><div class="spacer battle-history"><br></div><div class="battle-history">Chicago used <strong>Ominous Wind</strong>!<br></div><div class="battle-history"><small>(The opposing Seismitoad lost <abbr title="−111/404">27.5%</abbr> of its health!)</small><br></div><div class="spacer battle-history"><br></div><div class="battle-history"><small>The opposing Seismitoad restored a little HP using its Leftovers!</small><br></div><div class="battle-history"><small>Chicago was hurt by poison!</small><br></div><div class="spacer battle-history"><br></div><h2 class="battle-history">Turn 5</h2><div class="spacer battle-history"><br></div><div class="battle-history">The opposing Seismitoad used <strong>Stealth Rock</strong>!<br></div><div class="battle-history"><small>Pointed stones float in the air around your team!</small><br></div><div class="spacer battle-history"><br></div><div class="battle-history">Chicago used <strong>Ominous Wind</strong>!<br></div><div class="battle-history"><small>(The opposing Seismitoad lost <abbr title="−45/404">11.1%</abbr> of its health!)</small><br></div><div class="spacer battle-history"><br></div><div class="battle-history">The opposing Seismitoad fainted!<br></div><div class="spacer battle-history"><br></div><div class="battle-history"><small>Chicago restored a little HP using its Leftovers!</small><br></div><div class="battle-history"><small>Chicago was hurt by poison!</small><br></div><div class="spacer battle-history"><br></div><div class="battle-history">YABO sent out <strong>Scrafty</strong>!<br></div><div class="spacer battle-history"><br></div><h2 class="battle-history">Turn 6</h2><div class="spacer battle-history"><br></div><div class="battle-history">YABO withdrew Scrafty!<br></div><div class="battle-history">YABO sent out <strong>Venusaur</strong>!<br></div><div class="spacer battle-history"><br></div><div class="battle-history">Chicago used <strong>Silver Wind</strong>!<br></div><div class="battle-history"><small>(The opposing Venusaur lost <abbr title="−64/364">17.6%</abbr> of its health!)</small><br></div><div class="spacer battle-history"><br></div><div class="battle-history"><small>The opposing Venusaur restored a little HP using its Black Sludge!</small><br></div><div class="battle-history"><small>Chicago restored a little HP using its Leftovers!</small><br></div><div class="battle-history"><small>Chicago was hurt by poison!</small><br></div><div class="spacer battle-history"><br></div><h2 class="battle-history">Turn 7</h2><div class="spacer battle-history"><br></div><div class="battle-history">The opposing Venusaur used <strong>Leech Seed</strong>!<br></div><div class="battle-history"><small>Chicago was seeded!</small><br></div><div class="spacer battle-history"><br></div><div class="battle-history">Chicago used <strong>Rest</strong>!<br></div><div class="battle-history"><small>Chicago fell asleep!</small><br></div><div class="battle-history"><small>Chicago slept and became healthy!</small><br></div><div class="spacer battle-history"><br></div><div class="battle-history"><small>The opposing Venusaur restored a little HP using its Black Sludge!</small><br></div><div class="battle-history"><small>Chicago's health is sapped by Leech Seed!</small><br></div><div class="spacer battle-history"><br></div><h2 class="battle-history">Turn 8</h2><div class="spacer battle-history"><br></div><div class="battle-history">The opposing Venusaur used <strong>Giga Drain</strong>!<br></div><div class="battle-history"><small>(Chicago lost <abbr title="−85/303">28.1%</abbr> of its health!)</small><br></div><div class="spacer battle-history"><br></div><div class="battle-history">Chicago is fast asleep.<br></div><div class="spacer battle-history"><br></div><div class="battle-history">Chicago used <strong>Sleep Talk</strong>!<br></div><div class="spacer battle-history"><br></div><div class="battle-history">Chicago used <strong>Rest</strong>!<br></div><div class="battle-history"><small>But it failed!</small><br></div><div class="spacer battle-history"><br></div><div class="battle-history"><small>Chicago restored a little HP using its Leftovers!</small><br></div><div class="battle-history"><small>Chicago's health is sapped by Leech Seed!</small><br></div><div class="spacer battle-history"><br></div><h2 class="battle-history">Turn 9</h2><div class="spacer battle-history"><br></div><div class="battle-history">The opposing Venusaur used <strong>Giga Drain</strong>!<br></div><div class="battle-history"><small>(Chicago lost <abbr title="−81/303">26.7%</abbr> of its health!)</small><br></div><div class="spacer battle-history"><br></div><div class="battle-history">Chicago is fast asleep.<br></div><div class="spacer battle-history"><br></div><div class="battle-history">Chicago used <strong>Sleep Talk</strong>!<br></div><div class="spacer battle-history"><br></div><div class="battle-history">Chicago used <strong>Silver Wind</strong>!<br></div><div class="battle-history"><small>(The opposing Venusaur lost <abbr title="−61/364">16.8%</abbr> of its health!)</small><br></div><div class="battle-history"><small>Chicago's Attack rose!</small><br></div><div class="battle-history"><small>Chicago's Defense rose!</small><br></div><div class="battle-history"><small>Chicago's Special Attack rose!</small><br></div><div class="battle-history"><small>Chicago's Special Defense rose!</small><br></div><div class="battle-history"><small>Chicago's Speed rose!</small><br></div><div class="spacer battle-history"><br></div><div class="battle-history"><small>The opposing Venusaur restored a little HP using its Black Sludge!</small><br></div><div class="battle-history"><small>Chicago restored a little HP using its Leftovers!</small><br></div><div class="battle-history"><small>Chicago's health is sapped by Leech Seed!</small><br></div><div class="spacer battle-history"><br></div><h2 class="battle-history">Turn 10</h2><div class="chat chatmessage-yabo"><strong style="color:hsl(70,62%,31%)"><small>☆</small><span class="username" data-name="YABO">YABO</span>:</strong> <em>omg</em></div><div class="spacer battle-history"><br></div><div class="battle-history">The opposing Venusaur used <strong>Giga Drain</strong>!<br></div><div class="battle-history"><small>(Chicago lost <abbr title="−55/303">18.2%</abbr> of its health!)</small><br></div><div class="battle-history"><small>Chicago had its energy drained!</small><br></div><div class="battle-history"><small>Chicago woke up!</small><br></div><div class="spacer battle-history"><br></div><div class="battle-history">Chicago used <strong>Rest</strong>!<br></div><div class="battle-history"><small>Chicago fell asleep!</small><br></div><div class="battle-history"><small>Chicago slept and became healthy!</small><br></div><div class="spacer battle-history"><br></div><div class="battle-history"><small>Chicago's health is sapped by Leech Seed!</small><br></div><div class="spacer battle-history"><br></div><h2 class="battle-history">Turn 11</h2><div class="spacer battle-history"><br></div><div class="battle-history">YABO withdrew Venusaur!<br></div><div class="battle-history">YABO sent out <strong>Scrafty</strong>!<br></div><div class="spacer battle-history"><br></div><div class="battle-history">Chicago is fast asleep.<br></div><div class="spacer battle-history"><br></div><div class="battle-history">Chicago used <strong>Sleep Talk</strong>!<br></div><div class="spacer battle-history"><br></div><div class="battle-history">Chicago used <strong>Ominous Wind</strong>!<br></div><div class="battle-history"><small>It's not very effective...</small><br></div><div class="battle-history"><small>(The opposing Scrafty lost <abbr title="−63/271">23.2%</abbr> of its health!)</small><br></div><div class="spacer battle-history"><br></div><div class="battle-history"><small>Chicago restored a little HP using its Leftovers!</small><br></div><div class="battle-history"><small>Chicago's health is sapped by Leech Seed!</small><br></div><div class="spacer battle-history"><br></div><h2 class="battle-history">Turn 12</h2><div class="spacer battle-history"><br></div><div class="battle-history">The opposing Scrafty used <strong>Dragon Dance</strong>!<br></div><div class="battle-history"><small>The opposing Scrafty's Attack rose!</small><br></div><div class="battle-history"><small>The opposing Scrafty's Speed rose!</small><br></div><div class="spacer battle-history"><br></div><div class="battle-history">Chicago is fast asleep.<br></div><div class="spacer battle-history"><br></div><div class="battle-history">Chicago used <strong>Sleep Talk</strong>!<br></div><div class="spacer battle-history"><br></div><div class="battle-history">Chicago used <strong>Rest</strong>!<br></div><div class="battle-history"><small>But it failed!</small><br></div><div class="spacer battle-history"><br></div><div class="battle-history"><small>Chicago restored a little HP using its Leftovers!</small><br></div><div class="battle-history"><small>Chicago's health is sapped by Leech Seed!</small><br></div><div class="spacer battle-history"><br></div><h2 class="battle-history">Turn 13</h2><div class="spacer battle-history"><br></div><div class="battle-history">The opposing Scrafty used <strong>Knock Off</strong>!<br></div><div class="battle-history"><small>(Chicago lost <abbr title="−136/303">44.9%</abbr> of its health!)</small><br></div><div class="battle-history"><small>The opposing Scrafty knocked off Chicago's Leftovers!</small><br></div><div class="battle-history"><small>Chicago woke up!</small><br></div><div class="spacer battle-history"><br></div><div class="battle-history">Chicago used <strong>Silver Wind</strong>!<br></div><div class="battle-history"><small>(The opposing Scrafty lost <abbr title="−82/271">30.3%</abbr> of its health!)</small><br></div><div class="spacer battle-history"><br></div><div class="battle-history"><small>Chicago's health is sapped by Leech Seed!</small><br></div><div class="spacer battle-history"><br></div><h2 class="battle-history">Turn 14</h2><div class="spacer battle-history"><br></div><div class="battle-history">The opposing Scrafty used <strong>Knock Off</strong>!<br></div><div class="battle-history"><small>(Chicago lost <abbr title="−55/303">18.2%</abbr> of its health!)</small><br></div><div class="spacer battle-history"><br></div><div class="battle-history">Chicago fainted!<br></div><div class="battle-history"><small>[The opposing Scrafty's Moxie]</small><br></div><div class="battle-history"><small>The opposing Scrafty's Attack rose!</small><br></div><div class="spacer battle-history"><br></div><div class="battle-history">Go! Chicago 6 (<strong>Togetic</strong>)!<br></div><div class="battle-history"><small>Pointed stones dug into Chicago 6!</small><br></div><div class="spacer battle-history"><br></div><h2 class="battle-history">Turn 15</h2><div class="spacer battle-history"><br></div><div class="battle-history">The opposing Scrafty used <strong>Knock Off</strong>!<br></div><div class="battle-history"><small>It's not very effective...</small><br></div><div class="battle-history"><small>(Chicago 6 lost <abbr title="−98/313">31.3%</abbr> of its health!)</small><br></div><div class="battle-history"><small>The opposing Scrafty knocked off Chicago 6's Eviolite!</small><br></div><div class="spacer battle-history"><br></div><div class="battle-history">Chicago 6 used <strong>Ominous Wind</strong>!<br></div><div class="battle-history"><small>It's not very effective...</small><br></div><div class="battle-history"><small>(The opposing Scrafty lost <abbr title="−23/271">8.5%</abbr> of its health!)</small><br></div><div class="spacer battle-history"><br></div><h2 class="battle-history">Turn 16</h2><div class="spacer battle-history"><br></div><div class="battle-history">The opposing Scrafty used <strong>Knock Off</strong>!<br></div><div class="battle-history"><small>It's not very effective...</small><br></div><div class="battle-history"><small>(Chicago 6 lost <abbr title="−101/313">32.3%</abbr> of its health!)</small><br></div><div class="spacer battle-history"><br></div><div class="battle-history">Chicago 6 used <strong>Rest</strong>!<br></div><div class="battle-history"><small>Chicago 6 fell asleep!</small><br></div><div class="battle-history"><small>Chicago 6 slept and became healthy!</small><br></div><div class="spacer battle-history"><br></div><h2 class="battle-history">Turn 17</h2><div class="spacer battle-history"><br></div><div class="battle-history">YABO withdrew Scrafty!<br></div><div class="battle-history">YABO sent out <strong>Venusaur</strong>!<br></div><div class="spacer battle-history"><br></div><div class="battle-history">Chicago 6 is fast asleep.<br></div><div class="spacer battle-history"><br></div><div class="battle-history">Chicago 6 used <strong>Sleep Talk</strong>!<br></div><div class="spacer battle-history"><br></div><div class="battle-history">Chicago 6 used <strong>Rest</strong>!<br></div><div class="battle-history"><small>But it failed!</small><br></div><div class="spacer battle-history"><br></div><h2 class="battle-history">Turn 18</h2><div class="spacer battle-history"><br></div><div class="battle-history">The opposing Venusaur used <strong>Leech Seed</strong>!<br></div><div class="battle-history"><small>Chicago 6 was seeded!</small><br></div><div class="spacer battle-history"><br></div><div class="battle-history">Chicago 6 is fast asleep.<br></div><div class="spacer battle-history"><br></div><div class="battle-history">Chicago 6 used <strong>Sleep Talk</strong>!<br></div><div class="spacer battle-history"><br></div><div class="battle-history">Chicago 6 used <strong>Ominous Wind</strong>!<br></div><div class="battle-history"><small>(The opposing Venusaur lost <abbr title="−56/364">15.4%</abbr> of its health!)</small><br></div><div class="spacer battle-history"><br></div><div class="battle-history"><small>The opposing Venusaur restored a little HP using its Black Sludge!</small><br></div><div class="battle-history"><small>Chicago 6's health is sapped by Leech Seed!</small><br></div><div class="spacer battle-history"><br></div><h2 class="battle-history">Turn 19</h2><div class="spacer battle-history"><br></div><div class="battle-history">Chicago 6, come back!<br></div><div class="battle-history">Go! Chicago 2 (<strong>Vibrava</strong>)!<br></div><div class="battle-history"><small>Pointed stones dug into Chicago 2!</small><br></div><div class="spacer battle-history"><br></div><div class="battle-history">The opposing Venusaur used <strong>Sludge Bomb</strong>!<br></div><div class="battle-history"><small>It's not very effective...</small><br></div><div class="battle-history"><small>(Chicago 2 lost <abbr title="−65/303">21.5%</abbr> of its health!)</small><br></div><div class="spacer battle-history"><br></div><h2 class="battle-history">Turn 20</h2><div class="spacer battle-history"><br></div><div class="battle-history">The opposing Venusaur used <strong>Leech Seed</strong>!<br></div><div class="battle-history"><small>Chicago 2 was seeded!</small><br></div><div class="spacer battle-history"><br></div><div class="battle-history">Chicago 2 used <strong>Ominous Wind</strong>!<br></div><div class="battle-history"><small>(The opposing Venusaur lost <abbr title="−48/364">13.2%</abbr> of its health!)</small><br></div><div class="spacer battle-history"><br></div><div class="battle-history"><small>The opposing Venusaur restored a little HP using its Black Sludge!</small><br></div><div class="battle-history"><small>Chicago 2's health is sapped by Leech Seed!</small><br></div><div class="spacer battle-history"><br></div><h2 class="battle-history">Turn 21</h2><div class="spacer battle-history"><br></div><div class="battle-history">The opposing Venusaur used <strong>Sludge Bomb</strong>!<br></div><div class="battle-history"><small>It's not very effective...</small><br></div><div class="battle-history"><small>(Chicago 2 lost <abbr title="−60/303">19.8%</abbr> of its health!)</small><br></div><div class="spacer battle-history"><br></div><div class="battle-history">Chicago 2 used <strong>Rest</strong>!<br></div><div class="battle-history"><small>Chicago 2 fell asleep!</small><br></div><div class="battle-history"><small>Chicago 2 slept and became healthy!</small><br></div><div class="spacer battle-history"><br></div><div class="battle-history"><small>Chicago 2's health is sapped by Leech Seed!</small><br></div><div class="spacer battle-history"><br></div><h2 class="battle-history">Turn 22</h2><div class="spacer battle-history"><br></div><div class="battle-history">YABO withdrew Venusaur!<br></div><div class="battle-history">YABO sent out <strong>Scrafty</strong>!<br></div><div class="spacer battle-history"><br></div><div class="battle-history">Chicago 2 is fast asleep.<br></div><div class="spacer battle-history"><br></div><div class="battle-history">Chicago 2 used <strong>Sleep Talk</strong>!<br></div><div class="spacer battle-history"><br></div><div class="battle-history">Chicago 2 used <strong>Ominous Wind</strong>!<br></div><div class="battle-history"><small>It's not very effective...</small><br></div><div class="battle-history"><small>(The opposing Scrafty lost <abbr title="−20/271">7.4%</abbr> of its health!)</small><br></div><div class="spacer battle-history"><br></div><div class="battle-history"><small>Chicago 2's health is sapped by Leech Seed!</small><br></div><div class="spacer battle-history"><br></div><h2 class="battle-history">Turn 23</h2><div class="spacer battle-history"><br></div><div class="battle-history">Chicago 2, come back!<br></div><div class="battle-history">Go! Chicago 6 (<strong>Togetic</strong>)!<br></div><div class="battle-history"><small>Pointed stones dug into Chicago 6!</small><br></div><div class="spacer battle-history"><br></div><div class="battle-history">The opposing Scrafty used <strong>Dragon Dance</strong>!<br></div><div class="battle-history"><small>The opposing Scrafty's Attack rose!</small><br></div><div class="battle-history"><small>The opposing Scrafty's Speed rose!</small><br></div><div class="spacer battle-history"><br></div><h2 class="battle-history">Turn 24</h2><div class="spacer battle-history"><br></div><div class="battle-history">The opposing Scrafty used <strong>Knock Off</strong>!<br></div><div class="battle-history"><small>It's not very effective...</small><br></div><div class="battle-history"><small>(Chicago 6 lost <abbr title="−75/313">24.0%</abbr> of its health!)</small><br></div><div class="battle-history"><small>Chicago 6 woke up!</small><br></div><div class="spacer battle-history"><br></div><div class="battle-history">Chicago 6 used <strong>Sleep Talk</strong>!<br></div><div class="battle-history"><small>But it failed!</small><br></div><div class="spacer battle-history"><br></div><h2 class="battle-history">Turn 25</h2><div class="spacer battle-history"><br></div><div class="battle-history">The opposing Scrafty used <strong>Dragon Dance</strong>!<br></div><div class="battle-history"><small>The opposing Scrafty's Attack rose!</small><br></div><div class="battle-history"><small>The opposing Scrafty's Speed rose!</small><br></div><div class="spacer battle-history"><br></div><div class="battle-history">Chicago 6 used <strong>Rest</strong>!<br></div><div class="battle-history"><small>Chicago 6 fell asleep!</small><br></div><div class="battle-history"><small>Chicago 6 slept and became healthy!</small><br></div><div class="spacer battle-history"><br></div><h2 class="battle-history">Turn 26</h2><div class="spacer battle-history"><br></div><div class="battle-history">The opposing Scrafty used <strong>Dragon Dance</strong>!<br></div><div class="battle-history"><small>The opposing Scrafty's Attack rose!</small><br></div><div class="battle-history"><small>The opposing Scrafty's Speed rose!</small><br></div><div class="spacer battle-history"><br></div><div class="battle-history">Chicago 6 is fast asleep.<br></div><div class="spacer battle-history"><br></div><div class="battle-history">Chicago 6 used <strong>Sleep Talk</strong>!<br></div><div class="spacer battle-history"><br></div><div class="battle-history">Chicago 6 used <strong>Rest</strong>!<br></div><div class="battle-history"><small>But it failed!</small><br></div><div class="spacer battle-history"><br></div><h2 class="battle-history">Turn 27</h2><div class="spacer battle-history"><br></div><div class="battle-history">The opposing Scrafty used <strong>Dragon Dance</strong>!<br></div><div class="battle-history"><small>The opposing Scrafty's Attack rose!</small><br></div><div class="battle-history"><small>The opposing Scrafty's Speed rose!</small><br></div><div class="spacer battle-history"><br></div><div class="battle-history">Chicago 6 is fast asleep.<br></div><div class="spacer battle-history"><br></div><div class="battle-history">Chicago 6 used <strong>Sleep Talk</strong>!<br></div><div class="spacer battle-history"><br></div><div class="battle-history">Chicago 6 used <strong>Silver Wind</strong>!<br></div><div class="battle-history"><small>(The opposing Scrafty lost <abbr title="−47/271">17.3%</abbr> of its health!)</small><br></div><div class="spacer battle-history"><br></div><h2 class="battle-history">Turn 28</h2><div class="spacer battle-history"><br></div><div class="battle-history">The opposing Scrafty used <strong>Dragon Dance</strong>!<br></div><div class="battle-history"><small>The opposing Scrafty's Attack rose!</small><br></div><div class="battle-history"><small>The opposing Scrafty's Speed rose!</small><br></div><div class="battle-history"><small>Chicago 6 woke up!</small><br></div><div class="spacer battle-history"><br></div><div class="battle-history">Chicago 6 used <strong>Silver Wind</strong>!<br></div><div class="battle-history"><small>(The opposing Scrafty lost <abbr title="−48/271">17.7%</abbr> of its health!)</small><br></div><div class="spacer battle-history"><br></div><h2 class="battle-history">Turn 29</h2><div class="spacer battle-history"><br></div><div class="battle-history">The opposing Scrafty used <strong>Dragon Dance</strong>!<br></div><div class="battle-history"><small>The opposing Scrafty's Attack rose!</small><br></div><div class="battle-history"><small>The opposing Scrafty's Speed rose!</small><br></div><div class="spacer battle-history"><br></div><div class="battle-history">Chicago 6 used <strong>Silver Wind</strong>!<br></div><div class="battle-history"><small>(The opposing Scrafty lost <abbr title="−47/271">17.3%</abbr> of its health!)</small><br></div><div class="spacer battle-history"><br></div><h2 class="battle-history">Turn 30</h2><div class="spacer battle-history"><br></div><div class="battle-history">The opposing Scrafty used <strong>Rest</strong>!<br></div><div class="battle-history"><small>The opposing Scrafty fell asleep!</small><br></div><div class="battle-history"><small>The opposing Scrafty slept and became healthy!</small><br></div><div class="battle-history"><small>The opposing Scrafty ate its Chesto Berry!</small><br></div><div class="battle-history"><small>The opposing Scrafty woke up!</small><br></div><div class="spacer battle-history"><br></div><div class="battle-history">Chicago 6 used <strong>Silver Wind</strong>!<br></div><div class="battle-history"><small>(The opposing Scrafty lost <abbr title="−55/271">20.3%</abbr> of its health!)</small><br></div><div class="spacer battle-history"><br></div><h2 class="battle-history">Turn 31</h2><div class="spacer battle-history"><br></div><div class="battle-history">The opposing Scrafty used <strong>Knock Off</strong>!<br></div><div class="battle-history"><small>It's not very effective...</small><br></div><div class="battle-history"><small>A critical hit!</small><br></div><div class="battle-history"><small>(Chicago 6 lost <abbr title="−313/313">100%</abbr> of its health!)</small><br></div><div class="spacer battle-history"><br></div><div class="battle-history">Chicago 6 fainted!<br></div><div class="chat chatmessage-advantage"><strong style="color:hsl(307,88%,47%)"><small>☆</small><span class="username" data-name="Advantage *-*">Advantage *-*</span>:</strong> <em>insane</em></div><div class="spacer battle-history"><br></div><div class="battle-history"><small>Advantage *-* forfeited.</small><br></div><div class="spacer battle-history"><br></div><div class="battle-history"><strong>YABO</strong> won the battle!<br></div></div><div class="inner-preempt"></div></div></div>
</div>
<script>
let daily = Math.floor(Date.now()/1000/60/60/24);document.write('<script src="https://play.pokemonshowdown.com/js/replay-embed.js?version'+daily+'"></'+'script>');
</script>
