<!DOCTYPE html>
<meta charset="utf-8" />
<!-- version 1 -->
<title>RU replay: Grumeaux vs. Neko-Suke</title>
<style>
html,body {font-family:Verdana, sans-serif;font-size:10pt;margin:0;padding:0;}body{padding:12px 0;} .battle-log {font-family:Verdana, sans-serif;font-size:10pt;} .battle-log-inline {border:1px solid #AAAAAA;background:#EEF2F5;color:black;max-width:640px;margin:0 auto 80px;padding-bottom:5px;} .battle-log .inner {padding:4px 8px 0px 8px;} .battle-log .inner-preempt {padding:0 8px 4px 8px;} .battle-log .inner-after {margin-top:0.5em;} .battle-log h2 {margin:0.5em -8px;padding:4px 8px;border:1px solid #AAAAAA;background:#E0E7EA;border-left:0;border-right:0;font-family:Verdana, sans-serif;font-size:13pt;} .battle-log .chat {vertical-align:middle;padding:3px 0 3px 0;font-size:8pt;} .battle-log .chat strong {color:#40576A;} .battle-log .chat em {padding:1px 4px 1px 3px;color:#000000;font-style:normal;} .chat.mine {background:rgba(0,0,0,0.05);margin-left:-8px;margin-right:-8px;padding-left:8px;padding-right:8px;} .spoiler {color:#BBBBBB;background:#BBBBBB;padding:0px 3px;} .spoiler:hover, .spoiler:active, .spoiler-shown {color:#000000;background:#E2E2E2;padding:0px 3px;} .spoiler a {color:#BBBBBB;} .spoiler:hover a, .spoiler:active a, .spoiler-shown a {color:#2288CC;} .chat code, .chat .spoiler:hover code, .chat .spoiler:active code, .chat .spoiler-shown code {border:1px solid #C0C0C0;background:#EEEEEE;color:black;padding:0 2px;} .chat .spoiler code {border:1px solid #CCCCCC;background:#CCCCCC;color:#CCCCCC;} .battle-log .rated {padding:3px 4px;} .battle-log .rated strong {color:white;background:#89A;padding:1px 4px;border-radius:4px;} .spacer {margin-top:0.5em;} .message-announce {background:#6688AA;color:white;padding:1px 4px 2px;} .message-announce a, .broadcast-green a, .broadcast-blue a, .broadcast-red a {color:#DDEEFF;} .broadcast-green {background-color:#559955;color:white;padding:2px 4px;} .broadcast-blue {background-color:#6688AA;color:white;padding:2px 4px;} .infobox {border:1px solid #6688AA;padding:2px 4px;} .infobox-limited {max-height:200px;overflow:auto;overflow-x:hidden;} .broadcast-red {background-color:#AA5544;color:white;padding:2px 4px;} .message-learn-canlearn {font-weight:bold;color:#228822;text-decoration:underline;} .message-learn-cannotlearn {font-weight:bold;color:#CC2222;text-decoration:underline;} .message-effect-weak {font-weight:bold;color:#CC2222;} .message-effect-resist {font-weight:bold;color:#6688AA;} .message-effect-immune {font-weight:bold;color:#666666;} .message-learn-list {margin-top:0;margin-bottom:0;} .message-throttle-notice, .message-error {color:#992222;} .message-overflow, .chat small.message-overflow {font-size:0pt;} .message-overflow::before {font-size:9pt;content:'...';} .subtle {color:#3A4A66;}
</style>
<div class="wrapper replay-wrapper" style="max-width:1180px;margin:0 auto">
<input type="hidden" name="replayid" value="pokestrat-ru-4422" />
<div class="battle"></div><div class="battle-log"></div><div class="replay-controls"></div><div class="replay-controls-2"></div>
<h1 style="font-weight:normal;text-align:center"><strong>RU</strong><br /><a href="http://pokemonshowdown.com/users/grumeaux" class="subtle" target="_blank">Grumeaux</a> vs. <a href="http://pokemonshowdown.com/users/nekosuke" class="subtle" target="_blank">Neko-Suke</a></h1>
<script type="text/plain" class="battle-log-data">|j|Grumeaux
|j|Neko-Suke
|player|p1|Grumeaux|149
|player|p2|Neko-Suke|2
|gametype|singles
|gen|6
|tier|RU
|seed|23006,14940,46889,53938
|rule|Sleep Clause Mod: Limit one foe put to sleep
|rule|Species Clause: Limit one of each Pokémon
|rule|OHKO Clause: OHKO moves are banned
|rule|Moody Clause: Moody is banned
|rule|Evasion Moves Clause: Evasion moves are banned
|rule|Endless Battle Clause: Forcing endless battles is banned
|rule|HP Percentage Mod: HP is shown in percentages
|clearpoke
|poke|p1|Virizion|item
|poke|p1|Slowking, F|item
|poke|p1|Camerupt, F|item
|poke|p1|Diancie|item
|poke|p1|Sigilyph, F|item
|poke|p1|Granbull, M|item
|poke|p2|Emboar, F|item
|poke|p2|Audino, M|item
|poke|p2|Virizion|item
|poke|p2|Jolteon, M|item
|poke|p2|Hitmontop, M|item
|poke|p2|Registeel|item
|rule|Swagger Clause: Swagger is banned
|rule|Baton Pass Clause: Limit one Baton Passer, can't pass Spe and other stats simultaneously
|teampreview
|c|★Neko-Suke|Gl hf
|c|★Grumeaux|gl hf
|choice|team 1, team 2, team 3, team 4, team 5, team 6|team 2, team 1, team 3, team 4, team 5, team 6
|
|start
|switch|p1a: Virizion|Virizion|323\/323
|switch|p2a: Audino|Audino, M|410\/410
|turn|1
|choice|move closecombat|switch 2
|
|switch|p2a: Emboar|Emboar, F|424\/424
|move|p1a: Virizion|Close Combat|p2a: Emboar
|-damage|p2a: Emboar|267\/424
|-unboost|p1a: Virizion|def|1
|-unboost|p1a: Virizion|spd|1
|
|-heal|p2a: Emboar|293\/424|[from] item: Leftovers
|upkeep
|turn|2
|c|★Neko-Suke|Bg ca
|choice|switch 2|move scald
|
|switch|p1a: Slowking|Slowking, F|394\/394
|move|p2a: Emboar|Scald|p1a: Slowking
|-resisted|p1a: Slowking
|-damage|p1a: Slowking|360\/394
|
|-heal|p2a: Emboar|319\/424|[from] item: Leftovers
|-heal|p1a: Slowking|384\/394|[from] item: Leftovers
|upkeep
|turn|3
|choice|move calmmind|switch 6
|
|switch|p2a: Registeel|Registeel|364\/364
|move|p1a: Slowking|Calm Mind|p1a: Slowking
|-boost|p1a: Slowking|spa|1
|-boost|p1a: Slowking|spd|1
|
|-heal|p1a: Slowking|394\/394|[from] item: Leftovers
|upkeep
|turn|4
|choice|switch 5|move toxic
|
|switch|p1a: Sigilyph|Sigilyph, F|348\/348
|move|p2a: Registeel|Toxic|p1a: Sigilyph
|-status|p1a: Sigilyph|tox
|
|upkeep
|turn|5
|choice|switch 3|move stealthrock
|
|switch|p1a: Camerupt|Camerupt, F|343\/343
|move|p2a: Registeel|Stealth Rock|p1a: Camerupt
|-sidestart|p1: Grumeaux|move: Stealth Rock
|
|upkeep
|turn|6
|j|Mega-Amphi
|choice|move fireblast mega|switch 4
|
|switch|p2a: Jolteon|Jolteon, M|271\/271
|-item|p2a: Jolteon|Air Balloon
|detailschange|p1a: Camerupt|Camerupt-Mega, F
|-mega|p1a: Camerupt|Camerupt|Cameruptite
|move|p1a: Camerupt|Fire Blast|p2a: Jolteon
|-damage|p2a: Jolteon|0 fnt
|-enditem|p2a: Jolteon|Air Balloon
|faint|p2a: Jolteon
|
|upkeep
|c|★Neko-Suke|Pourquoi fire blast?
|c|★Grumeaux|car
|c|★Neko-Suke|G roitiflam
|c|★Grumeaux|il est defensif physique lui
|c|★Grumeaux|je pensais a Nanme ou 
|c|★Neko-Suke|Il vient comme il veut dessus
|c|★Grumeaux|Kapoera
|choice||switch 2
|
|switch|p2a: Audino|Audino, M|410\/410
|turn|7
|choice|switch 3|move toxic
|
|switch|p1a: Sigilyph|Sigilyph, F|348\/348 tox
|move|p2a: Audino|Toxic|p1a: Sigilyph
|-fail|p1a: Sigilyph|tox
|
|upkeep
|turn|8
|choice|move psychoshift|switch 4
|
|switch|p2a: Registeel|Registeel|364\/364
|move|p1a: Sigilyph|Psycho Shift|p2a: Registeel
|-fail|p2a: Registeel
|
|upkeep
|turn|9
|choice|switch 6|move curse
|
|switch|p1a: Granbull|Granbull, M|374\/374
|-damage|p1a: Granbull|328\/374|[from] Stealth Rock
|-ability|p1a: Granbull|Intimidate|boost
|-fail|p2a: Registeel|unboost|[from] ability: Clear Body|[of] p2a: Registeel
|move|p2a: Registeel|Curse|p2a: Registeel
|-unboost|p2a: Registeel|spe|1
|-boost|p2a: Registeel|atk|1
|-boost|p2a: Registeel|def|1
|
|upkeep
|turn|10
|choice|move closecombat|move ironhead
|
|move|p1a: Granbull|Close Combat|p2a: Registeel
|-supereffective|p2a: Registeel
|-damage|p2a: Registeel|146\/364
|-unboost|p1a: Granbull|def|1
|-unboost|p1a: Granbull|spd|1
|move|p2a: Registeel|Iron Head|p1a: Granbull
|-supereffective|p1a: Granbull
|-crit|p1a: Granbull
|-damage|p1a: Granbull|0 fnt
|faint|p1a: Granbull
|
|-heal|p2a: Registeel|168\/364|[from] item: Leftovers
|upkeep
|choice|switch 3|
|
|switch|p1a: Camerupt|Camerupt-Mega, F|343\/343
|-damage|p1a: Camerupt|301\/343|[from] Stealth Rock
|turn|11
|choice|move earthpower|switch 4
|
|switch|p2a: Audino|Audino, M|410\/410
|move|p1a: Camerupt|Earth Power|p2a: Audino
|-damage|p2a: Audino|211\/410
|
|upkeep
|turn|12
|choice|move fireblast|move wish mega
|
|detailschange|p2a: Audino|Audino-Mega, M
|-mega|p2a: Audino|Audino|Audinite
|move|p2a: Audino|Wish|p2a: Audino
|move|p1a: Camerupt|Fire Blast|p2a: Audino
|-damage|p2a: Audino|36\/410
|
|upkeep
|turn|13
|choice|move earthpower|move protect
|
|move|p2a: Audino|Protect|p2a: Audino
|-singleturn|p2a: Audino|Protect
|move|p1a: Camerupt|Earth Power|p2a: Audino
|-activate|p2a: Audino|move: Protect
|
|-heal|p2a: Audino|241\/410|[from] move: Wish|[wisher] Audino
|upkeep
|turn|14
|choice|move flashcannon|move wish
|
|move|p2a: Audino|Wish|p2a: Audino
|move|p1a: Camerupt|Flash Cannon|p2a: Audino
|-supereffective|p2a: Audino
|-damage|p2a: Audino|61\/410
|
|upkeep
|turn|15
|choice|move earthpower|move protect
|
|move|p2a: Audino|Protect|p2a: Audino
|-singleturn|p2a: Audino|Protect
|move|p1a: Camerupt|Earth Power|p2a: Audino
|-activate|p2a: Audino|move: Protect
|
|-heal|p2a: Audino|266\/410|[from] move: Wish|[wisher] Audino
|upkeep
|turn|16
|choice|move earthpower|switch 5
|
|switch|p2a: Hitmontop|Hitmontop, M|303\/303
|move|p1a: Camerupt|Earth Power|p2a: Hitmontop
|-damage|p2a: Hitmontop|161\/303
|
|upkeep
|turn|17
|choice|move fireblast|move bulldoze
|
|move|p2a: Hitmontop|Bulldoze|p1a: Camerupt
|-supereffective|p1a: Camerupt
|-damage|p1a: Camerupt|99\/343
|-unboost|p1a: Camerupt|spe|1
|move|p1a: Camerupt|Fire Blast|p2a: Hitmontop
|-damage|p2a: Hitmontop|0 fnt
|faint|p2a: Hitmontop
|
|upkeep
|choice||switch 6
|
|switch|p2a: Emboar|Emboar, F|319\/424
|turn|18
|choice|move earthpower|move scald
|
|move|p2a: Emboar|Scald|p1a: Camerupt
|-supereffective|p1a: Camerupt
|-damage|p1a: Camerupt|0 fnt
|faint|p1a: Camerupt
|
|-heal|p2a: Emboar|345\/424|[from] item: Leftovers
|upkeep
|choice|switch 6|
|
|switch|p1a: Sigilyph|Sigilyph, F|348\/348 tox
|turn|19
|choice|move cosmicpower|switch 4
|
|switch|p2a: Registeel|Registeel|168\/364
|move|p1a: Sigilyph|Cosmic Power|p1a: Sigilyph
|-boost|p1a: Sigilyph|def|1
|-boost|p1a: Sigilyph|spd|1
|
|-heal|p2a: Registeel|190\/364|[from] item: Leftovers
|upkeep
|turn|20
|c|★Neko-Suke|Bref
|-message|Neko-Suke forfeited.
|
|win|Grumeaux
|player|p1
|player|p2
|c|★Grumeaux|bon je vais ca,cer là ouais
|c|★Grumeaux|gg
|c|★Grumeaux|cancer*
|c|★Neko-Suke|Tu win sur ton moove incomprehensible
|l|Neko-Suke
|c|★Grumeaux|lel
|c|★Grumeaux|incomprehensible
|c|★Grumeaux|n'importe quoi</script>
</div>
<div class="battle-log battle-log-inline"><div class="inner"><div class="battle-options"></div><div class="inner"><div class="chat"><small>Grumeaux joined.</small></div><div class="chat"><small>Neko-Suke joined.</small></div><div class=""><small>Format:</small> <br><strong>RU</strong></div><div class=""><small><em>Sleep Clause Mod:</em> Limit one foe put to sleep</small></div><div class=""><small><em>Species Clause:</em> Limit one of each Pokémon</small></div><div class=""><small><em>OHKO Clause:</em> OHKO moves are banned</small></div><div class=""><small><em>Moody Clause:</em> Moody is banned</small></div><div class=""><small><em>Evasion Moves Clause:</em> Evasion moves are banned</small></div><div class=""><small><em>Endless Battle Clause:</em> Forcing endless battles is banned</small></div><div class=""><small><em>HP Percentage Mod:</em> HP is shown in percentages</small></div><div class=""><small><em>Swagger Clause:</em> Swagger is banned</small></div><div class=""><small><em>Baton Pass Clause:</em> Limit one Baton Passer, can't pass Spe and other stats simultaneously</small></div><div class="chat battle-history"><strong>Grumeaux's team:</strong> <em style="color:#445566;display:block;">Virizion / Slowking / Camerupt / Diancie / Sigilyph / Granbull</em></div><div class="chat battle-history"><strong>Neko-Suke's team:</strong> <em style="color:#445566;display:block;">Emboar / Audino / Virizion / Jolteon / Hitmontop / Registeel</em></div><div class="chat chatmessage-nekosuke"><strong style="color:hsl(216,79%,49.21241734307876%)"><small>★</small><span class="username" data-name="Neko-Suke">Neko-Suke</span>:</strong> <em>Gl hf</em></div><div class="chat chatmessage-grumeaux"><strong style="color:hsl(356,45%,51.19558952319999%)"><small>★</small><span class="username" data-name="Grumeaux">Grumeaux</span>:</strong> <em>gl hf</em></div><div class="spacer battle-history"><br></div><div class="battle-history">Battle started between Grumeaux and Neko-Suke!<br></div><div class="spacer battle-history"><br></div><div class="battle-history">Go! <strong>Virizion</strong>!<br></div><div class="spacer battle-history"><br></div><div class="battle-history">Neko-Suke sent out <strong>Audino</strong>!<br></div><div class="spacer battle-history"><br></div><h2 class="battle-history">Turn 1</h2><div class="spacer battle-history"><br></div><div class="battle-history">Neko-Suke withdrew Audino!<br></div><div class="battle-history">Neko-Suke sent out <strong>Emboar</strong>!<br></div><div class="spacer battle-history"><br></div><div class="battle-history">Virizion used <strong>Close Combat</strong>!<br></div><div class="battle-history"><small>(The opposing Emboar lost <abbr title="−157/424">37.0%</abbr> of its health!)</small><br></div><div class="battle-history"><small>Virizion's Defense fell!</small><br></div><div class="battle-history"><small>Virizion's Special Defense fell!</small><br></div><div class="spacer battle-history"><br></div><div class="battle-history"><small>The opposing Emboar restored a little HP using its Leftovers!</small><br></div><div class="spacer battle-history"><br></div><h2 class="battle-history">Turn 2</h2><div class="chat chatmessage-nekosuke"><strong style="color:hsl(216,79%,49.21241734307876%)"><small>★</small><span class="username" data-name="Neko-Suke">Neko-Suke</span>:</strong> <em>Bg ca</em></div><div class="spacer battle-history"><br></div><div class="battle-history">Virizion, come back!<br></div><div class="battle-history">Go! <strong>Slowking</strong>!<br></div><div class="spacer battle-history"><br></div><div class="battle-history">The opposing Emboar used <strong>Scald</strong>!<br></div><div class="battle-history"><small>It's not very effective...</small><br></div><div class="battle-history"><small>(Slowking lost <abbr title="−34/394">8.6%</abbr> of its health!)</small><br></div><div class="spacer battle-history"><br></div><div class="battle-history"><small>The opposing Emboar restored a little HP using its Leftovers!</small><br></div><div class="battle-history"><small>Slowking restored a little HP using its Leftovers!</small><br></div><div class="spacer battle-history"><br></div><h2 class="battle-history">Turn 3</h2><div class="spacer battle-history"><br></div><div class="battle-history">Neko-Suke withdrew Emboar!<br></div><div class="battle-history">Neko-Suke sent out <strong>Registeel</strong>!<br></div><div class="spacer battle-history"><br></div><div class="battle-history">Slowking used <strong>Calm Mind</strong>!<br></div><div class="battle-history"><small>Slowking's Special Attack rose!</small><br></div><div class="battle-history"><small>Slowking's Special Defense rose!</small><br></div><div class="spacer battle-history"><br></div><div class="battle-history"><small>Slowking restored a little HP using its Leftovers!</small><br></div><div class="spacer battle-history"><br></div><h2 class="battle-history">Turn 4</h2><div class="spacer battle-history"><br></div><div class="battle-history">Slowking, come back!<br></div><div class="battle-history">Go! <strong>Sigilyph</strong>!<br></div><div class="spacer battle-history"><br></div><div class="battle-history">The opposing Registeel used <strong>Toxic</strong>!<br></div><div class="battle-history"><small>Sigilyph was badly poisoned!</small><br></div><div class="spacer battle-history"><br></div><h2 class="battle-history">Turn 5</h2><div class="spacer battle-history"><br></div><div class="battle-history">Sigilyph, come back!<br></div><div class="battle-history">Go! <strong>Camerupt</strong>!<br></div><div class="spacer battle-history"><br></div><div class="battle-history">The opposing Registeel used <strong>Stealth Rock</strong>!<br></div><div class="battle-history"><small>Pointed stones float in the air around your team!</small><br></div><div class="spacer battle-history"><br></div><h2 class="battle-history">Turn 6</h2><div class="chat"><small>Mega-Amphi joined.</small></div><div class="spacer battle-history"><br></div><div class="battle-history">Neko-Suke withdrew Registeel!<br></div><div class="battle-history">Neko-Suke sent out <strong>Jolteon</strong>!<br></div><div class="battle-history"><small>The opposing Jolteon floats in the air with its Air Balloon!</small><br></div><div class="spacer battle-history"><br></div><div class="battle-history"><small>Camerupt's Cameruptite is reacting to Grumeaux's Mega Bracelet!</small><br>Camerupt has Mega Evolved into Mega Camerupt!<br></div><div class="spacer battle-history"><br></div><div class="battle-history">Camerupt used <strong>Fire Blast</strong>!<br></div><div class="battle-history"><small>(The opposing Jolteon lost <abbr title="−271/271">100%</abbr> of its health!)</small><br></div><div class="battle-history"><small>The opposing Jolteon's Air Balloon popped!</small><br></div><div class="spacer battle-history"><br></div><div class="battle-history">The opposing Jolteon fainted!<br></div><div class="chat chatmessage-nekosuke"><strong style="color:hsl(216,79%,49.21241734307876%)"><small>★</small><span class="username" data-name="Neko-Suke">Neko-Suke</span>:</strong> <em>Pourquoi fire blast?</em></div><div class="chat chatmessage-grumeaux"><strong style="color:hsl(356,45%,51.19558952319999%)"><small>★</small><span class="username" data-name="Grumeaux">Grumeaux</span>:</strong> <em>car</em></div><div class="chat chatmessage-nekosuke"><strong style="color:hsl(216,79%,49.21241734307876%)"><small>★</small><span class="username" data-name="Neko-Suke">Neko-Suke</span>:</strong> <em>G roitiflam</em></div><div class="chat chatmessage-grumeaux"><strong style="color:hsl(356,45%,51.19558952319999%)"><small>★</small><span class="username" data-name="Grumeaux">Grumeaux</span>:</strong> <em>il est defensif physique lui</em></div><div class="chat chatmessage-grumeaux"><strong style="color:hsl(356,45%,51.19558952319999%)"><small>★</small><span class="username" data-name="Grumeaux">Grumeaux</span>:</strong> <em>je pensais a Nanme ou </em></div><div class="chat chatmessage-nekosuke"><strong style="color:hsl(216,79%,49.21241734307876%)"><small>★</small><span class="username" data-name="Neko-Suke">Neko-Suke</span>:</strong> <em>Il vient comme il veut dessus</em></div><div class="chat chatmessage-grumeaux"><strong style="color:hsl(356,45%,51.19558952319999%)"><small>★</small><span class="username" data-name="Grumeaux">Grumeaux</span>:</strong> <em>Kapoera</em></div><div class="spacer battle-history"><br></div><div class="battle-history">Neko-Suke sent out <strong>Audino</strong>!<br></div><div class="spacer battle-history"><br></div><h2 class="battle-history">Turn 7</h2><div class="spacer battle-history"><br></div><div class="battle-history">Camerupt, come back!<br></div><div class="battle-history">Go! <strong>Sigilyph</strong>!<br></div><div class="spacer battle-history"><br></div><div class="battle-history">The opposing Audino used <strong>Toxic</strong>!<br></div><div class="battle-history"><small>But it failed!</small><br></div><div class="spacer battle-history"><br></div><h2 class="battle-history">Turn 8</h2><div class="spacer battle-history"><br></div><div class="battle-history">Neko-Suke withdrew Audino!<br></div><div class="battle-history">Neko-Suke sent out <strong>Registeel</strong>!<br></div><div class="spacer battle-history"><br></div><div class="battle-history">Sigilyph used <strong>Psycho Shift</strong>!<br></div><div class="battle-history"><small>But it failed!</small><br></div><div class="spacer battle-history"><br></div><h2 class="battle-history">Turn 9</h2><div class="spacer battle-history"><br></div><div class="battle-history">Sigilyph, come back!<br></div><div class="battle-history">Go! <strong>Granbull</strong>!<br></div><div class="battle-history"><small>Pointed stones dug into Granbull!</small><br></div><div class="battle-history"><small>[Granbull's Intimidate]</small><br></div><div class="battle-history"><small>[The opposing Registeel's Clear Body]</small><br><small>The opposing Registeel's stats were not lowered!</small><br></div><div class="spacer battle-history"><br></div><div class="battle-history">The opposing Registeel used <strong>Curse</strong>!<br></div><div class="battle-history"><small>The opposing Registeel's Speed fell!</small><br></div><div class="battle-history"><small>The opposing Registeel's Attack rose!</small><br></div><div class="battle-history"><small>The opposing Registeel's Defense rose!</small><br></div><div class="spacer battle-history"><br></div><h2 class="battle-history">Turn 10</h2><div class="spacer battle-history"><br></div><div class="battle-history">Granbull used <strong>Close Combat</strong>!<br></div><div class="battle-history"><small>It's super effective!</small><br></div><div class="battle-history"><small>(The opposing Registeel lost <abbr title="−218/364">59.9%</abbr> of its health!)</small><br></div><div class="battle-history"><small>Granbull's Defense fell!</small><br></div><div class="battle-history"><small>Granbull's Special Defense fell!</small><br></div><div class="spacer battle-history"><br></div><div class="battle-history">The opposing Registeel used <strong>Iron Head</strong>!<br></div><div class="battle-history"><small>It's super effective!</small><br></div><div class="battle-history"><small>A critical hit!</small><br></div><div class="battle-history"><small>(Granbull lost <abbr title="−328/374">87.7%</abbr> of its health!)</small><br></div><div class="spacer battle-history"><br></div><div class="battle-history">Granbull fainted!<br></div><div class="spacer battle-history"><br></div><div class="battle-history"><small>The opposing Registeel restored a little HP using its Leftovers!</small><br></div><div class="spacer battle-history"><br></div><div class="battle-history">Go! Camerupt (<strong>Camerupt-Mega</strong>)!<br></div><div class="battle-history"><small>Pointed stones dug into Camerupt!</small><br></div><div class="spacer battle-history"><br></div><h2 class="battle-history">Turn 11</h2><div class="spacer battle-history"><br></div><div class="battle-history">Neko-Suke withdrew Registeel!<br></div><div class="battle-history">Neko-Suke sent out <strong>Audino</strong>!<br></div><div class="spacer battle-history"><br></div><div class="battle-history">Camerupt used <strong>Earth Power</strong>!<br></div><div class="battle-history"><small>(The opposing Audino lost <abbr title="−199/410">48.5%</abbr> of its health!)</small><br></div><div class="spacer battle-history"><br></div><h2 class="battle-history">Turn 12</h2><div class="spacer battle-history"><br></div><div class="battle-history"><small>The opposing Audino's Audinite is reacting to Neko-Suke's Mega Bracelet!</small><br>The opposing Audino has Mega Evolved into Mega Audino!<br></div><div class="spacer battle-history"><br></div><div class="battle-history">The opposing Audino used <strong>Wish</strong>!<br></div><div class="spacer battle-history"><br></div><div class="battle-history">Camerupt used <strong>Fire Blast</strong>!<br></div><div class="battle-history"><small>(The opposing Audino lost <abbr title="−175/410">42.7%</abbr> of its health!)</small><br></div><div class="spacer battle-history"><br></div><h2 class="battle-history">Turn 13</h2><div class="spacer battle-history"><br></div><div class="battle-history">The opposing Audino used <strong>Protect</strong>!<br></div><div class="battle-history"><small>The opposing Audino protected itself!</small><br></div><div class="spacer battle-history"><br></div><div class="battle-history">Camerupt used <strong>Earth Power</strong>!<br></div><div class="battle-history"><small>The opposing Audino protected itself!</small><br></div><div class="spacer battle-history"><br></div><div class="battle-history"><small>Audino's wish came true!</small><br></div><div class="spacer battle-history"><br></div><h2 class="battle-history">Turn 14</h2><div class="spacer battle-history"><br></div><div class="battle-history">The opposing Audino used <strong>Wish</strong>!<br></div><div class="spacer battle-history"><br></div><div class="battle-history">Camerupt used <strong>Flash Cannon</strong>!<br></div><div class="battle-history"><small>It's super effective!</small><br></div><div class="battle-history"><small>(The opposing Audino lost <abbr title="−180/410">43.9%</abbr> of its health!)</small><br></div><div class="spacer battle-history"><br></div><h2 class="battle-history">Turn 15</h2><div class="spacer battle-history"><br></div><div class="battle-history">The opposing Audino used <strong>Protect</strong>!<br></div><div class="battle-history"><small>The opposing Audino protected itself!</small><br></div><div class="spacer battle-history"><br></div><div class="battle-history">Camerupt used <strong>Earth Power</strong>!<br></div><div class="battle-history"><small>The opposing Audino protected itself!</small><br></div><div class="spacer battle-history"><br></div><div class="battle-history"><small>Audino's wish came true!</small><br></div><div class="spacer battle-history"><br></div><h2 class="battle-history">Turn 16</h2><div class="spacer battle-history"><br></div><div class="battle-history">Neko-Suke withdrew Audino!<br></div><div class="battle-history">Neko-Suke sent out <strong>Hitmontop</strong>!<br></div><div class="spacer battle-history"><br></div><div class="battle-history">Camerupt used <strong>Earth Power</strong>!<br></div><div class="battle-history"><small>(The opposing Hitmontop lost <abbr title="−142/303">46.9%</abbr> of its health!)</small><br></div><div class="spacer battle-history"><br></div><h2 class="battle-history">Turn 17</h2><div class="spacer battle-history"><br></div><div class="battle-history">The opposing Hitmontop used <strong>Bulldoze</strong>!<br></div><div class="battle-history"><small>It's super effective!</small><br></div><div class="battle-history"><small>(Camerupt lost <abbr title="−202/343">58.9%</abbr> of its health!)</small><br></div><div class="battle-history"><small>Camerupt's Speed fell!</small><br></div><div class="spacer battle-history"><br></div><div class="battle-history">Camerupt used <strong>Fire Blast</strong>!<br></div><div class="battle-history"><small>(The opposing Hitmontop lost <abbr title="−161/303">53.1%</abbr> of its health!)</small><br></div><div class="spacer battle-history"><br></div><div class="battle-history">The opposing Hitmontop fainted!<br></div><div class="spacer battle-history"><br></div><div class="battle-history">Neko-Suke sent out <strong>Emboar</strong>!<br></div><div class="spacer battle-history"><br></div><h2 class="battle-history">Turn 18</h2><div class="spacer battle-history"><br></div><div class="battle-history">The opposing Emboar used <strong>Scald</strong>!<br></div><div class="battle-history"><small>It's super effective!</small><br></div><div class="battle-history"><small>(Camerupt lost <abbr title="−99/343">28.9%</abbr> of its health!)</small><br></div><div class="spacer battle-history"><br></div><div class="battle-history">Camerupt fainted!<br></div><div class="spacer battle-history"><br></div><div class="battle-history"><small>The opposing Emboar restored a little HP using its Leftovers!</small><br></div><div class="spacer battle-history"><br></div><div class="battle-history">Go! <strong>Sigilyph</strong>!<br></div><div class="spacer battle-history"><br></div><h2 class="battle-history">Turn 19</h2><div class="spacer battle-history"><br></div><div class="battle-history">Neko-Suke withdrew Emboar!<br></div><div class="battle-history">Neko-Suke sent out <strong>Registeel</strong>!<br></div><div class="spacer battle-history"><br></div><div class="battle-history">Sigilyph used <strong>Cosmic Power</strong>!<br></div><div class="battle-history"><small>Sigilyph's Defense rose!</small><br></div><div class="battle-history"><small>Sigilyph's Special Defense rose!</small><br></div><div class="spacer battle-history"><br></div><div class="battle-history"><small>The opposing Registeel restored a little HP using its Leftovers!</small><br></div><div class="spacer battle-history"><br></div><h2 class="battle-history">Turn 20</h2><div class="chat chatmessage-nekosuke"><strong style="color:hsl(216,79%,49.21241734307876%)"><small>★</small><span class="username" data-name="Neko-Suke">Neko-Suke</span>:</strong> <em>Bref</em></div><div class="spacer battle-history"><br></div><div class="battle-history"><small>Neko-Suke forfeited.</small><br></div><div class="spacer battle-history"><br></div><div class="battle-history"><strong>Grumeaux</strong> won the battle!<br></div><div class="chat chatmessage-grumeaux"><strong style="color:hsl(356,45%,51.19558952319999%)"><small>★</small><span class="username" data-name="Grumeaux">Grumeaux</span>:</strong> <em>bon je vais ca,cer là ouais</em></div><div class="chat chatmessage-grumeaux"><strong style="color:hsl(356,45%,51.19558952319999%)"><small>★</small><span class="username" data-name="Grumeaux">Grumeaux</span>:</strong> <em>gg</em></div><div class="chat chatmessage-grumeaux"><strong style="color:hsl(356,45%,51.19558952319999%)"><small>★</small><span class="username" data-name="Grumeaux">Grumeaux</span>:</strong> <em>cancer*</em></div><div class="chat chatmessage-nekosuke"><strong style="color:hsl(216,79%,49.21241734307876%)"><small>★</small><span class="username" data-name="Neko-Suke">Neko-Suke</span>:</strong> <em>Tu win sur ton moove incomprehensible</em></div><div class="chat"><small>Neko-Suke left.</small></div><div class="chat chatmessage-grumeaux"><strong style="color:hsl(356,45%,51.19558952319999%)"><small>★</small><span class="username" data-name="Grumeaux">Grumeaux</span>:</strong> <em>lel</em></div><div class="chat chatmessage-grumeaux"><strong style="color:hsl(356,45%,51.19558952319999%)"><small>★</small><span class="username" data-name="Grumeaux">Grumeaux</span>:</strong> <em>incomprehensible</em></div><div class="chat chatmessage-grumeaux"><strong style="color:hsl(356,45%,51.19558952319999%)"><small>★</small><span class="username" data-name="Grumeaux">Grumeaux</span>:</strong> <em>n'importe quoi</em></div></div><div class="inner-preempt"></div></div></div>
</div>
<script>
let daily = Math.floor(Date.now()/1000/60/60/24);document.write('<script src="https://play.pokemonshowdown.com/js/replay-embed.js?version'+daily+'"></'+'script>');
</script>
