<!DOCTYPE html>
<meta charset="utf-8" />
<!-- version 1 -->
<title>RU replay: Orlando6 vs. Darkblade308</title>
<style>
html,body {font-family:Verdana, sans-serif;font-size:10pt;margin:0;padding:0;}body{padding:12px 0;} .battle-log {font-family:Verdana, sans-serif;font-size:10pt;} .battle-log-inline {border:1px solid #AAAAAA;background:#EEF2F5;color:black;max-width:640px;margin:0 auto 80px;padding-bottom:5px;} .battle-log .inner {padding:4px 8px 0px 8px;} .battle-log .inner-preempt {padding:0 8px 4px 8px;} .battle-log .inner-after {margin-top:0.5em;} .battle-log h2 {margin:0.5em -8px;padding:4px 8px;border:1px solid #AAAAAA;background:#E0E7EA;border-left:0;border-right:0;font-family:Verdana, sans-serif;font-size:13pt;} .battle-log .chat {vertical-align:middle;padding:3px 0 3px 0;font-size:8pt;} .battle-log .chat strong {color:#40576A;} .battle-log .chat em {padding:1px 4px 1px 3px;color:#000000;font-style:normal;} .chat.mine {background:rgba(0,0,0,0.05);margin-left:-8px;margin-right:-8px;padding-left:8px;padding-right:8px;} .spoiler {color:#BBBBBB;background:#BBBBBB;padding:0px 3px;} .spoiler:hover, .spoiler:active, .spoiler-shown {color:#000000;background:#E2E2E2;padding:0px 3px;} .spoiler a {color:#BBBBBB;} .spoiler:hover a, .spoiler:active a, .spoiler-shown a {color:#2288CC;} .chat code, .chat .spoiler:hover code, .chat .spoiler:active code, .chat .spoiler-shown code {border:1px solid #C0C0C0;background:#EEEEEE;color:black;padding:0 2px;} .chat .spoiler code {border:1px solid #CCCCCC;background:#CCCCCC;color:#CCCCCC;} .battle-log .rated {padding:3px 4px;} .battle-log .rated strong {color:white;background:#89A;padding:1px 4px;border-radius:4px;} .spacer {margin-top:0.5em;} .message-announce {background:#6688AA;color:white;padding:1px 4px 2px;} .message-announce a, .broadcast-green a, .broadcast-blue a, .broadcast-red a {color:#DDEEFF;} .broadcast-green {background-color:#559955;color:white;padding:2px 4px;} .broadcast-blue {background-color:#6688AA;color:white;padding:2px 4px;} .infobox {border:1px solid #6688AA;padding:2px 4px;} .infobox-limited {max-height:200px;overflow:auto;overflow-x:hidden;} .broadcast-red {background-color:#AA5544;color:white;padding:2px 4px;} .message-learn-canlearn {font-weight:bold;color:#228822;text-decoration:underline;} .message-learn-cannotlearn {font-weight:bold;color:#CC2222;text-decoration:underline;} .message-effect-weak {font-weight:bold;color:#CC2222;} .message-effect-resist {font-weight:bold;color:#6688AA;} .message-effect-immune {font-weight:bold;color:#666666;} .message-learn-list {margin-top:0;margin-bottom:0;} .message-throttle-notice, .message-error {color:#992222;} .message-overflow, .chat small.message-overflow {font-size:0pt;} .message-overflow::before {font-size:9pt;content:'...';} .subtle {color:#3A4A66;}
</style>
<div class="wrapper replay-wrapper" style="max-width:1180px;margin:0 auto">
<input type="hidden" name="replayid" value="ru-495786338" />
<div class="battle"></div><div class="battle-log"></div><div class="replay-controls"></div><div class="replay-controls-2"></div>
<h1 style="font-weight:normal;text-align:center"><strong>RU</strong><br /><a href="http://pokemonshowdown.com/users/orlando6" class="subtle" target="_blank">Orlando6</a> vs. <a href="http://pokemonshowdown.com/users/darkblade308" class="subtle" target="_blank">Darkblade308</a></h1>
<script type="text/plain" class="battle-log-data">|j|Orlando6
|j|Darkblade308
|player|p1|Orlando6|1
|player|p2|Darkblade308|170
|gametype|singles
|gen|6
|tier|RU
|seed|26454,57016,61451,56285
|rule|Sleep Clause Mod: Limit one foe put to sleep
|rule|Species Clause: Limit one of each Pokémon
|rule|OHKO Clause: OHKO moves are banned
|rule|Moody Clause: Moody is banned
|rule|Evasion Moves Clause: Evasion moves are banned
|rule|Endless Battle Clause: Forcing endless battles is banned
|rule|HP Percentage Mod: HP is shown in percentages
|clearpoke
|poke|p1|Cinccino, F|item
|poke|p1|Houndoom, F|item
|poke|p1|Lapras, F|item
|poke|p1|Leafeon, M|item
|poke|p1|Luxray, M|item
|poke|p1|Accelgor, M|item
|poke|p2|Togetic, F|item
|poke|p2|Flygon, M|item
|poke|p2|Carracosta, F|item
|poke|p2|Ludicolo, F|item
|poke|p2|Charizard, F|item
|poke|p2|Gabite, M|
|rule|Swagger Clause: Swagger is banned
|rule|Baton Pass Clause: Limit one Baton Passer, can't pass Spe and other stats simultaneously
|teampreview
|j|erikchair
|choice|team 6, team 2, team 3, team 4, team 5, team 1|team 2, team 1, team 3, team 4, team 5, team 6
|
|start
|switch|p1a: Accelgor|Accelgor, M|301\/301
|switch|p2a: Flygon|Flygon, M|301\/301
|turn|1
|j|Ryheem1
|choice|move infestation|move aircutter
|
|move|p1a: Accelgor|Infestation|p2a: Flygon
|-damage|p2a: Flygon|259\/301
|-activate|p2a: Flygon|move: Infestation|[of] p1a: Accelgor
|move|p2a: Flygon|Air Cutter|p1a: Accelgor
|-supereffective|p1a: Accelgor
|-damage|p1a: Accelgor|191\/301
|
|-damage|p2a: Flygon|222\/301|[from] move: Infestation|[partiallytrapped]
|upkeep
|turn|2
|choice|switch 3|move earthquake
|
|switch|p1a: Lapras|Lapras, F|464\/464
|move|p2a: Flygon|Earthquake|p1a: Lapras
|-damage|p1a: Lapras|314\/464
|
|-heal|p1a: Lapras|343\/464|[from] item: Leftovers
|upkeep
|turn|3
|choice|move icebeam|move earthquake
|
|move|p2a: Flygon|Earthquake|p1a: Lapras
|-damage|p1a: Lapras|201\/464
|move|p1a: Lapras|Ice Beam|p2a: Flygon
|-supereffective|p2a: Flygon
|-damage|p2a: Flygon|0 fnt
|faint|p2a: Flygon
|
|-heal|p1a: Lapras|230\/464|[from] item: Leftovers
|upkeep
|choice||switch 4
|
|switch|p2a: Ludicolo|Ludicolo, F|301\/301
|turn|4
|choice|move thunderbolt|move gigadrain
|
|move|p2a: Ludicolo|Giga Drain|p1a: Lapras
|-supereffective|p1a: Lapras
|-damage|p1a: Lapras|74\/464
|move|p1a: Lapras|Thunderbolt|p2a: Ludicolo
|-damage|p2a: Ludicolo|220\/301
|
|-heal|p1a: Lapras|103\/464|[from] item: Leftovers
|upkeep
|turn|5
|choice|switch 4|move razorleaf
|
|switch|p1a: Leafeon|Leafeon, M|271\/271
|move|p2a: Ludicolo|Razor Leaf|p1a: Leafeon
|-resisted|p1a: Leafeon
|-damage|p1a: Leafeon|252\/271
|
|upkeep
|turn|6
|choice|move xscissor|move scald
|
|move|p1a: Leafeon|X-Scissor|p2a: Ludicolo
|-supereffective|p2a: Ludicolo
|-damage|p2a: Ludicolo|24\/301
|move|p2a: Ludicolo|Scald|p1a: Leafeon
|-resisted|p1a: Leafeon
|-damage|p1a: Leafeon|186\/271
|
|upkeep
|turn|7
|choice|move swordsdance|switch 5
|
|switch|p2a: Charizard|Charizard, F|297\/297
|move|p1a: Leafeon|Swords Dance|p1a: Leafeon
|-boost|p1a: Leafeon|atk|2
|
|upkeep
|turn|8
|choice|switch 2|move fireblast
|
|switch|p1a: Houndoom|Houndoom, F|291\/291
|move|p2a: Charizard|Fire Blast|p1a: Houndoom
|-start|p1a: Houndoom|ability: Flash Fire
|
|upkeep
|turn|9
|c| Ryheem1|FLASH FIRE
|choice|move nastyplot|switch 3
|
|switch|p2a: Carracosta|Carracosta, F|289\/289
|move|p1a: Houndoom|Nasty Plot|p1a: Houndoom
|-boost|p1a: Houndoom|spa|2
|
|upkeep
|turn|10
|choice|move darkpulse|move hydropump
|
|move|p1a: Houndoom|Dark Pulse|p2a: Carracosta
|-damage|p2a: Carracosta|0 fnt
|-damage|p1a: Houndoom|262\/291|[from] item: Life Orb
|faint|p2a: Carracosta
|
|upkeep
|c| Ryheem1|RYHEEEEEEEEEEEEEEEEEEEEEEEEEEEEEEEEEEEEEEEEEEEEEEEEEEEEEEEEEEEEEEEEEEEEEEEEEEEEEEEEEEEEEEEEEEEEEEEEEEEEEEEEEEEEM
|c| Ryheem1|OOOOOOOOOOOOLDS
|c| erikchair|;;
|choice||switch 2
|
|switch|p2a: Togetic|Togetic, F|251\/251
|turn|11
|choice|move fireblast|move dazzlinggleam
|
|move|p1a: Houndoom|Fire Blast|p2a: Togetic
|-damage|p2a: Togetic|0 fnt
|-damage|p1a: Houndoom|233\/291|[from] item: Life Orb
|faint|p2a: Togetic
|
|upkeep
|c| erikchair|ok
|c|★Orlando6|WOW
|choice||switch 6
|
|switch|p2a: Gabite|Gabite, M|277\/277
|turn|12
|c|★Orlando6|I didn't expect that to one hit
|choice|move darkpulse|move outrage
|
|move|p1a: Houndoom|Dark Pulse|p2a: Gabite
|-damage|p2a: Gabite|0 fnt
|-damage|p1a: Houndoom|204\/291|[from] item: Life Orb
|faint|p2a: Gabite
|
|upkeep
|-message|Darkblade308 forfeited.
|
|win|Orlando6
|player|p1
|player|p2
|l|Darkblade308
|c| Ryheem1|Rip
|c|★Orlando6|Lmao
|l|Orlando6
|l|Ryheem1
|j|Ryheem1
|l|Ryheem1
|j|Ryheem1</script>
</div>
<div class="battle-log battle-log-inline"><div class="inner"><div class="battle-options"></div><div class="inner"><div class="chat"><small>Orlando6 joined.</small></div><div class="chat"><small>Darkblade308 joined.</small></div><div class=""><small>Format:</small> <br><strong>RU</strong></div><div class=""><small><em>Sleep Clause Mod:</em> Limit one foe put to sleep</small></div><div class=""><small><em>Species Clause:</em> Limit one of each Pokémon</small></div><div class=""><small><em>OHKO Clause:</em> OHKO moves are banned</small></div><div class=""><small><em>Moody Clause:</em> Moody is banned</small></div><div class=""><small><em>Evasion Moves Clause:</em> Evasion moves are banned</small></div><div class=""><small><em>Endless Battle Clause:</em> Forcing endless battles is banned</small></div><div class=""><small><em>HP Percentage Mod:</em> HP is shown in percentages</small></div><div class=""><small><em>Swagger Clause:</em> Swagger is banned</small></div><div class=""><small><em>Baton Pass Clause:</em> Limit one Baton Passer, can't pass Spe and other stats simultaneously</small></div><div class="chat battle-history"><strong>Orlando6's team:</strong> <em style="color:#445566;display:block;">Cinccino / Houndoom / Lapras / Leafeon / Luxray / Accelgor</em></div><div class="chat battle-history"><strong>Darkblade308's team:</strong> <em style="color:#445566;display:block;">Togetic / Flygon / Carracosta / Ludicolo / Charizard / Gabite</em></div><div class="chat"><small>erikchair joined.</small></div><div class="spacer battle-history"><br></div><div class="battle-history">Battle started between Orlando6 and Darkblade308!<br></div><div class="spacer battle-history"><br></div><div class="battle-history">Go! <strong>Accelgor</strong>!<br></div><div class="spacer battle-history"><br></div><div class="battle-history">Darkblade308 sent out <strong>Flygon</strong>!<br></div><div class="spacer battle-history"><br></div><h2 class="battle-history">Turn 1</h2><div class="chat"><small>Ryheem1 joined.</small></div><div class="spacer battle-history"><br></div><div class="battle-history">Accelgor used <strong>Infestation</strong>!<br></div><div class="battle-history"><small>(The opposing Flygon lost <abbr title="−42/301">14.0%</abbr> of its health!)</small><br></div><div class="battle-history"><small>The opposing Flygon has been afflicted with an infestation by Accelgor!</small><br></div><div class="spacer battle-history"><br></div><div class="battle-history">The opposing Flygon used <strong>Air Cutter</strong>!<br></div><div class="battle-history"><small>It's super effective!</small><br></div><div class="battle-history"><small>(Accelgor lost <abbr title="−110/301">36.5%</abbr> of its health!)</small><br></div><div class="spacer battle-history"><br></div><div class="battle-history"><small>The opposing Flygon is hurt by Infestation!</small><br></div><div class="spacer battle-history"><br></div><h2 class="battle-history">Turn 2</h2><div class="spacer battle-history"><br></div><div class="battle-history">Accelgor, come back!<br></div><div class="battle-history">Go! <strong>Lapras</strong>!<br></div><div class="spacer battle-history"><br></div><div class="battle-history">The opposing Flygon used <strong>Earthquake</strong>!<br></div><div class="battle-history"><small>(Lapras lost <abbr title="−150/464">32.3%</abbr> of its health!)</small><br></div><div class="spacer battle-history"><br></div><div class="battle-history"><small>Lapras restored a little HP using its Leftovers!</small><br></div><div class="spacer battle-history"><br></div><h2 class="battle-history">Turn 3</h2><div class="spacer battle-history"><br></div><div class="battle-history">The opposing Flygon used <strong>Earthquake</strong>!<br></div><div class="battle-history"><small>(Lapras lost <abbr title="−142/464">30.6%</abbr> of its health!)</small><br></div><div class="spacer battle-history"><br></div><div class="battle-history">Lapras used <strong>Ice Beam</strong>!<br></div><div class="battle-history"><small>It's super effective!</small><br></div><div class="battle-history"><small>(The opposing Flygon lost <abbr title="−222/301">73.8%</abbr> of its health!)</small><br></div><div class="spacer battle-history"><br></div><div class="battle-history">The opposing Flygon fainted!<br></div><div class="spacer battle-history"><br></div><div class="battle-history"><small>Lapras restored a little HP using its Leftovers!</small><br></div><div class="spacer battle-history"><br></div><div class="battle-history">Darkblade308 sent out <strong>Ludicolo</strong>!<br></div><div class="spacer battle-history"><br></div><h2 class="battle-history">Turn 4</h2><div class="spacer battle-history"><br></div><div class="battle-history">The opposing Ludicolo used <strong>Giga Drain</strong>!<br></div><div class="battle-history"><small>It's super effective!</small><br></div><div class="battle-history"><small>(Lapras lost <abbr title="−156/464">33.6%</abbr> of its health!)</small><br></div><div class="spacer battle-history"><br></div><div class="battle-history">Lapras used <strong>Thunderbolt</strong>!<br></div><div class="battle-history"><small>(The opposing Ludicolo lost <abbr title="−81/301">26.9%</abbr> of its health!)</small><br></div><div class="spacer battle-history"><br></div><div class="battle-history"><small>Lapras restored a little HP using its Leftovers!</small><br></div><div class="spacer battle-history"><br></div><h2 class="battle-history">Turn 5</h2><div class="spacer battle-history"><br></div><div class="battle-history">Lapras, come back!<br></div><div class="battle-history">Go! <strong>Leafeon</strong>!<br></div><div class="spacer battle-history"><br></div><div class="battle-history">The opposing Ludicolo used <strong>Razor Leaf</strong>!<br></div><div class="battle-history"><small>It's not very effective...</small><br></div><div class="battle-history"><small>(Leafeon lost <abbr title="−19/271">7.0%</abbr> of its health!)</small><br></div><div class="spacer battle-history"><br></div><h2 class="battle-history">Turn 6</h2><div class="spacer battle-history"><br></div><div class="battle-history">Leafeon used <strong>X-Scissor</strong>!<br></div><div class="battle-history"><small>It's super effective!</small><br></div><div class="battle-history"><small>(The opposing Ludicolo lost <abbr title="−196/301">65.1%</abbr> of its health!)</small><br></div><div class="spacer battle-history"><br></div><div class="battle-history">The opposing Ludicolo used <strong>Scald</strong>!<br></div><div class="battle-history"><small>It's not very effective...</small><br></div><div class="battle-history"><small>(Leafeon lost <abbr title="−66/271">24.4%</abbr> of its health!)</small><br></div><div class="spacer battle-history"><br></div><h2 class="battle-history">Turn 7</h2><div class="spacer battle-history"><br></div><div class="battle-history">Darkblade308 withdrew Ludicolo!<br></div><div class="battle-history">Darkblade308 sent out <strong>Charizard</strong>!<br></div><div class="spacer battle-history"><br></div><div class="battle-history">Leafeon used <strong>Swords Dance</strong>!<br></div><div class="battle-history"><small>Leafeon's Attack rose sharply!</small><br></div><div class="spacer battle-history"><br></div><h2 class="battle-history">Turn 8</h2><div class="spacer battle-history"><br></div><div class="battle-history">Leafeon, come back!<br></div><div class="battle-history">Go! <strong>Houndoom</strong>!<br></div><div class="spacer battle-history"><br></div><div class="battle-history">The opposing Charizard used <strong>Fire Blast</strong>!<br></div><div class="battle-history"><small>[Houndoom's Flash Fire]</small><br><small>The power of Houndoom's Fire-type moves rose!</small><br></div><div class="spacer battle-history"><br></div><h2 class="battle-history">Turn 9</h2><div class="chat chatmessage-ryheem1"><strong style="color:hsl(358,83%,49%)"><small> </small><span class="username" data-name="Ryheem1">Ryheem1</span>:</strong> <em>FLASH FIRE</em></div><div class="spacer battle-history"><br></div><div class="battle-history">Darkblade308 withdrew Charizard!<br></div><div class="battle-history">Darkblade308 sent out <strong>Carracosta</strong>!<br></div><div class="spacer battle-history"><br></div><div class="battle-history">Houndoom used <strong>Nasty Plot</strong>!<br></div><div class="battle-history"><small>Houndoom's Special Attack rose sharply!</small><br></div><div class="spacer battle-history"><br></div><h2 class="battle-history">Turn 10</h2><div class="spacer battle-history"><br></div><div class="battle-history">Houndoom used <strong>Dark Pulse</strong>!<br></div><div class="battle-history"><small>(The opposing Carracosta lost <abbr title="−289/289">100%</abbr> of its health!)</small><br></div><div class="battle-history"><small>Houndoom lost some of its HP!</small><br></div><div class="spacer battle-history"><br></div><div class="battle-history">The opposing Carracosta fainted!<br></div><div class="chat chatmessage-ryheem1"><strong style="color:hsl(358,83%,49%)"><small> </small><span class="username" data-name="Ryheem1">Ryheem1</span>:</strong> <em>RYHEEEEEEEEEEEEEEEEEEEEEEEEEEEEEEEEEEEEEEEEEEEEEEEEEEEEEEEEEEEEEEEEEEEEEEEEEEEEEEEEEEEEEEEEEEEEEEEEEEEEEEEEEEEEM</em></div><div class="chat chatmessage-ryheem1"><strong style="color:hsl(358,83%,49%)"><small> </small><span class="username" data-name="Ryheem1">Ryheem1</span>:</strong> <em>OOOOOOOOOOOOLDS</em></div><div class="chat chatmessage-erikchair"><strong style="color:hsl(193,71%,45.011702708586505%)"><small> </small><span class="username" data-name="erikchair">erikchair</span>:</strong> <em>;;</em></div><div class="spacer battle-history"><br></div><div class="battle-history">Darkblade308 sent out <strong>Togetic</strong>!<br></div><div class="spacer battle-history"><br></div><h2 class="battle-history">Turn 11</h2><div class="spacer battle-history"><br></div><div class="battle-history">Houndoom used <strong>Fire Blast</strong>!<br></div><div class="battle-history"><small>(The opposing Togetic lost <abbr title="−251/251">100%</abbr> of its health!)</small><br></div><div class="battle-history"><small>Houndoom lost some of its HP!</small><br></div><div class="spacer battle-history"><br></div><div class="battle-history">The opposing Togetic fainted!<br></div><div class="chat chatmessage-erikchair"><strong style="color:hsl(193,71%,45.011702708586505%)"><small> </small><span class="username" data-name="erikchair">erikchair</span>:</strong> <em>ok</em></div><div class="chat chatmessage-orlando6"><strong style="color:hsl(304,71%,42.73496291843343%)"><small>★</small><span class="username" data-name="Orlando6">Orlando6</span>:</strong> <em>WOW</em></div><div class="spacer battle-history"><br></div><div class="battle-history">Darkblade308 sent out <strong>Gabite</strong>!<br></div><div class="spacer battle-history"><br></div><h2 class="battle-history">Turn 12</h2><div class="chat chatmessage-orlando6"><strong style="color:hsl(304,71%,42.73496291843343%)"><small>★</small><span class="username" data-name="Orlando6">Orlando6</span>:</strong> <em>I didn't expect that to one hit</em></div><div class="spacer battle-history"><br></div><div class="battle-history">Houndoom used <strong>Dark Pulse</strong>!<br></div><div class="battle-history"><small>(The opposing Gabite lost <abbr title="−277/277">100%</abbr> of its health!)</small><br></div><div class="battle-history"><small>Houndoom lost some of its HP!</small><br></div><div class="spacer battle-history"><br></div><div class="battle-history">The opposing Gabite fainted!<br></div><div class="spacer battle-history"><br></div><div class="battle-history"><small>Darkblade308 forfeited.</small><br></div><div class="spacer battle-history"><br></div><div class="battle-history"><strong>Orlando6</strong> won the battle!<br></div><div class="chat"><small>Darkblade308 left.</small></div><div class="chat chatmessage-ryheem1"><strong style="color:hsl(358,83%,49%)"><small> </small><span class="username" data-name="Ryheem1">Ryheem1</span>:</strong> <em>Rip</em></div><div class="chat chatmessage-orlando6"><strong style="color:hsl(304,71%,42.73496291843343%)"><small>★</small><span class="username" data-name="Orlando6">Orlando6</span>:</strong> <em>Lmao</em></div><div class="chat"><small>Orlando6 left.</small></div><div class="chat"><small>Ryheem1 left.</small></div><div class="chat"><small>Ryheem1 joined.</small></div><div class="chat"><small>Ryheem1 left.</small></div><div class="chat"><small>Ryheem1 joined.</small></div></div><div class="inner-preempt"></div></div></div>
</div>
<script>
let daily = Math.floor(Date.now()/1000/60/60/24);document.write('<script src="https://play.pokemonshowdown.com/js/replay-embed.js?version'+daily+'"></'+'script>');
</script>
