<!DOCTYPE html>
<meta charset="utf-8" />
<!-- version 1 -->
<title>RU replay: AV99 vs. Zero Azzurro</title>
<style>
html,body {font-family:Verdana, sans-serif;font-size:10pt;margin:0;padding:0;}body{padding:12px 0;} .battle-log {font-family:Verdana, sans-serif;font-size:10pt;} .battle-log-inline {border:1px solid #AAAAAA;background:#EEF2F5;color:black;max-width:640px;margin:0 auto 80px;padding-bottom:5px;} .battle-log .inner {padding:4px 8px 0px 8px;} .battle-log .inner-preempt {padding:0 8px 4px 8px;} .battle-log .inner-after {margin-top:0.5em;} .battle-log h2 {margin:0.5em -8px;padding:4px 8px;border:1px solid #AAAAAA;background:#E0E7EA;border-left:0;border-right:0;font-family:Verdana, sans-serif;font-size:13pt;} .battle-log .chat {vertical-align:middle;padding:3px 0 3px 0;font-size:8pt;} .battle-log .chat strong {color:#40576A;} .battle-log .chat em {padding:1px 4px 1px 3px;color:#000000;font-style:normal;} .chat.mine {background:rgba(0,0,0,0.05);margin-left:-8px;margin-right:-8px;padding-left:8px;padding-right:8px;} .spoiler {color:#BBBBBB;background:#BBBBBB;padding:0px 3px;} .spoiler:hover, .spoiler:active, .spoiler-shown {color:#000000;background:#E2E2E2;padding:0px 3px;} .spoiler a {color:#BBBBBB;} .spoiler:hover a, .spoiler:active a, .spoiler-shown a {color:#2288CC;} .chat code, .chat .spoiler:hover code, .chat .spoiler:active code, .chat .spoiler-shown code {border:1px solid #C0C0C0;background:#EEEEEE;color:black;padding:0 2px;} .chat .spoiler code {border:1px solid #CCCCCC;background:#CCCCCC;color:#CCCCCC;} .battle-log .rated {padding:3px 4px;} .battle-log .rated strong {color:white;background:#89A;padding:1px 4px;border-radius:4px;} .spacer {margin-top:0.5em;} .message-announce {background:#6688AA;color:white;padding:1px 4px 2px;} .message-announce a, .broadcast-green a, .broadcast-blue a, .broadcast-red a {color:#DDEEFF;} .broadcast-green {background-color:#559955;color:white;padding:2px 4px;} .broadcast-blue {background-color:#6688AA;color:white;padding:2px 4px;} .infobox {border:1px solid #6688AA;padding:2px 4px;} .infobox-limited {max-height:200px;overflow:auto;overflow-x:hidden;} .broadcast-red {background-color:#AA5544;color:white;padding:2px 4px;} .message-learn-canlearn {font-weight:bold;color:#228822;text-decoration:underline;} .message-learn-cannotlearn {font-weight:bold;color:#CC2222;text-decoration:underline;} .message-effect-weak {font-weight:bold;color:#CC2222;} .message-effect-resist {font-weight:bold;color:#6688AA;} .message-effect-immune {font-weight:bold;color:#666666;} .message-learn-list {margin-top:0;margin-bottom:0;} .message-throttle-notice, .message-error {color:#992222;} .message-overflow, .chat small.message-overflow {font-size:0pt;} .message-overflow::before {font-size:9pt;content:'...';} .subtle {color:#3A4A66;}
</style>
<div class="wrapper replay-wrapper" style="max-width:1180px;margin:0 auto">
<input type="hidden" name="replayid" value="ru-511909989" />
<div class="battle"></div><div class="battle-log"></div><div class="replay-controls"></div><div class="replay-controls-2"></div>
<h1 style="font-weight:normal;text-align:center"><strong>RU</strong><br /><a href="http://pokemonshowdown.com/users/av99" class="subtle" target="_blank">AV99</a> vs. <a href="http://pokemonshowdown.com/users/zeroazzurro" class="subtle" target="_blank">Zero Azzurro</a></h1>
<script type="text/plain" class="battle-log-data">|j|AV99
|j|Zero Azzurro
|j|Stats Bot
|player|p1|AV99|170
|player|p2|Zero Azzurro|161
|gametype|singles
|gen|6
|tier|RU
|seed|36682,13216,39187,12106
|rule|Sleep Clause Mod: Limit one foe put to sleep
|rule|Species Clause: Limit one of each Pokémon
|rule|OHKO Clause: OHKO moves are banned
|rule|Moody Clause: Moody is banned
|rule|Evasion Moves Clause: Evasion moves are banned
|rule|Endless Battle Clause: Forcing endless battles is banned
|rule|HP Percentage Mod: HP is shown in percentages
|clearpoke
|poke|p1|Scrafty, M|item
|poke|p1|Qwilfish, F|item
|poke|p1|Banette, M|item
|poke|p1|Eelektross, M|item
|poke|p1|Hoopa|item
|poke|p1|Aggron, F|item
|poke|p2|Gallade, M|item
|poke|p2|Bronzong|item
|poke|p2|Scrafty, F|item
|poke|p2|Qwilfish, F|item
|poke|p2|Malamar, F|item
|poke|p2|Flygon, F|item
|rule|Swagger Clause: Swagger is banned
|rule|Baton Pass Clause: Limit one Baton Passer, can't pass Spe and other stats simultaneously
|teampreview
|l|Stats Bot
|c|★AV99|gl hf
|j|weslol
|choice|team 2, team 1, team 3, team 4, team 5, team 6|team 2, team 1, team 3, team 4, team 5, team 6
|
|start
|switch|p1a: Qwilfish|Qwilfish, F|334\/334
|switch|p2a: Bronzong|Bronzong|337\/337
|-ability|p1a: Qwilfish|Intimidate|boost
|-unboost|p2a: Bronzong|atk|1
|turn|1
|choice|move taunt|move stealthrock
|
|move|p1a: Qwilfish|Taunt|p2a: Bronzong
|-start|p2a: Bronzong|move: Taunt
|cant|p2a: Bronzong|move: Taunt|Stealth Rock
|
|upkeep
|turn|2
|c|★Zero Azzurro|gl hf
|choice|switch 4|switch 3
|
|switch|p1a: Eelektross|Eelektross, M|374\/374
|switch|p2a: Scrafty|Scrafty, F|271\/271
|-ability|p2a: Scrafty|Intimidate|boost
|-unboost|p1a: Eelektross|atk|1
|
|upkeep
|turn|3
|choice|move voltswitch|move dragondance
|
|move|p2a: Scrafty|Dragon Dance|p2a: Scrafty
|-boost|p2a: Scrafty|atk|1
|-boost|p2a: Scrafty|spe|1
|move|p1a: Eelektross|Volt Switch|p2a: Scrafty
|-damage|p2a: Scrafty|163\/271
|choice|switch 6|
|
|switch|p1a: Aggron|Aggron, F|281\/281
|
|upkeep
|turn|4
|choice|move endeavor|move highjumpkick
|
|move|p2a: Scrafty|High Jump Kick|p1a: Aggron
|-supereffective|p1a: Aggron
|-crit|p1a: Aggron
|-ability|p1a: Aggron|Sturdy
|-damage|p1a: Aggron|1\/281
|move|p1a: Aggron|Endeavor|p2a: Scrafty
|-damage|p2a: Scrafty|1\/271
|
|upkeep
|turn|5
|-enditem|p1a: Aggron|Custap Berry|[eat]
|-activate|p1a: Aggron|item: Custap Berry
|choice|move heavyslam|move knockoff
|
|move|p1a: Aggron|Heavy Slam|p2a: Scrafty
|-damage|p2a: Scrafty|0 fnt
|faint|p2a: Scrafty
|
|upkeep
|choice||switch 3
|
|switch|p2a: Bronzong|Bronzong|337\/337
|turn|6
|choice|move stealthrock|move stealthrock
|
|move|p1a: Aggron|Stealth Rock|p2a: Bronzong
|-sidestart|p2: Zero Azzurro|move: Stealth Rock
|move|p2a: Bronzong|Stealth Rock|p1a: Aggron
|-sidestart|p1: AV99|move: Stealth Rock
|
|upkeep
|turn|7
|choice|move endeavor|move earthquake
|
|move|p1a: Aggron|Endeavor|p2a: Bronzong
|-damage|p2a: Bronzong|1\/337
|move|p2a: Bronzong|Earthquake|p1a: Aggron
|-supereffective|p1a: Aggron
|-damage|p1a: Aggron|0 fnt
|faint|p1a: Aggron
|
|-heal|p2a: Bronzong|22\/337|[from] item: Leftovers
|upkeep
|choice|switch 3|
|
|switch|p1a: Banette|Banette, M|332\/332
|-damage|p1a: Banette|291\/332|[from] Stealth Rock
|-item|p2a: Bronzong|Leftovers|[from] ability: Frisk|[of] p1a: Banette|[identify]
|turn|8
|choice|move shadowclaw mega|move toxic
|
|detailschange|p1a: Banette|Banette-Mega, M
|-mega|p1a: Banette|Banette|Banettite
|move|p1a: Banette|Shadow Claw|p2a: Bronzong
|-supereffective|p2a: Bronzong
|-damage|p2a: Bronzong|0 fnt
|faint|p2a: Bronzong
|
|upkeep
|l|weslol
|choice||switch 5
|
|switch|p2a: Malamar|Malamar, F|375\/375
|-damage|p2a: Malamar|329\/375|[from] Stealth Rock
|turn|9
|choice|move destinybond|move knockoff
|
|move|p1a: Banette|Destiny Bond|p1a: Banette
|-singlemove|p1a: Banette|Destiny Bond
|move|p2a: Malamar|Knock Off|p1a: Banette
|-supereffective|p1a: Banette
|-damage|p1a: Banette|111\/332
|
|-heal|p2a: Malamar|352\/375|[from] item: Leftovers
|upkeep
|turn|10
|choice|move shadowclaw|switch 4
|
|switch|p2a: Qwilfish|Qwilfish, F|333\/333
|-damage|p2a: Qwilfish|292\/333|[from] Stealth Rock
|-ability|p2a: Qwilfish|Intimidate|boost
|-unboost|p1a: Banette|atk|1
|move|p1a: Banette|Shadow Claw|p2a: Qwilfish
|-damage|p2a: Qwilfish|186\/333
|
|-heal|p2a: Qwilfish|206\/333|[from] item: Black Sludge
|upkeep
|turn|11
|choice|switch 2|move taunt
|
|switch|p1a: Scrafty|Scrafty, M|271\/271
|-damage|p1a: Scrafty|255\/271|[from] Stealth Rock
|move|p2a: Qwilfish|Taunt|p1a: Scrafty
|-start|p1a: Scrafty|move: Taunt
|
|-heal|p2a: Qwilfish|226\/333|[from] item: Black Sludge
|-heal|p1a: Scrafty|271\/271|[from] item: Leftovers
|upkeep
|turn|12
|choice|move knockoff|move poisonjab
|
|move|p2a: Qwilfish|Poison Jab|p1a: Scrafty
|-damage|p1a: Scrafty|184\/271
|move|p1a: Scrafty|Knock Off|p2a: Qwilfish
|-damage|p2a: Qwilfish|85\/333
|-enditem|p2a: Qwilfish|Black Sludge|[from] move: Knock Off|[of] p1a: Scrafty
|
|-heal|p1a: Scrafty|200\/271|[from] item: Leftovers
|upkeep
|turn|13
|choice|switch 6|move destinybond
|
|switch|p1a: Eelektross|Eelektross, M|374\/374
|-damage|p1a: Eelektross|328\/374|[from] Stealth Rock
|move|p2a: Qwilfish|Destiny Bond|p2a: Qwilfish
|-singlemove|p2a: Qwilfish|Destiny Bond
|
|upkeep
|turn|14
|choice|move acidspray|move poisonjab
|
|move|p2a: Qwilfish|Poison Jab|p1a: Eelektross
|-damage|p1a: Eelektross|216\/374
|move|p1a: Eelektross|Acid Spray|p2a: Qwilfish
|-resisted|p2a: Qwilfish
|-damage|p2a: Qwilfish|45\/333
|-unboost|p2a: Qwilfish|spd|2
|
|upkeep
|turn|15
|choice|switch 6|switch 6
|
|switch|p2a: Flygon|Flygon, F|302\/302
|-damage|p2a: Flygon|284\/302|[from] Stealth Rock
|switch|p1a: Scrafty|Scrafty, M|200\/271
|-damage|p1a: Scrafty|184\/271|[from] Stealth Rock
|
|-heal|p1a: Scrafty|200\/271|[from] item: Leftovers
|upkeep
|turn|16
|choice|move dragondance|move outrage
|
|move|p2a: Flygon|Outrage|p1a: Scrafty
|-crit|p1a: Scrafty
|-damage|p1a: Scrafty|0 fnt
|faint|p1a: Scrafty
|
|upkeep
|j|TsunamithePony
|choice|switch 4|
|
|switch|p1a: Qwilfish|Qwilfish, F|334\/334
|-damage|p1a: Qwilfish|293\/334|[from] Stealth Rock
|-ability|p1a: Qwilfish|Intimidate|boost
|-unboost|p2a: Flygon|atk|1
|turn|17
|choice|move spikes|move outrage
|
|move|p2a: Flygon|Outrage|p1a: Qwilfish|[from]lockedmove
|-damage|p1a: Qwilfish|190\/334
|-start|p2a: Flygon|confusion|[fatigue]
|move|p1a: Qwilfish|Spikes|p2a: Flygon
|-sidestart|p2: Zero Azzurro|Spikes
|
|-heal|p1a: Qwilfish|210\/334|[from] item: Black Sludge
|upkeep
|turn|18
|choice|move scald|switch 4
|
|switch|p2a: Malamar|Malamar, F|352\/375
|-damage|p2a: Malamar|306\/375|[from] Spikes
|-damage|p2a: Malamar|260\/375|[from] Stealth Rock
|move|p1a: Qwilfish|Scald|p2a: Malamar
|-damage|p2a: Malamar|191\/375
|
|-heal|p2a: Malamar|214\/375|[from] item: Leftovers
|-heal|p1a: Qwilfish|230\/334|[from] item: Black Sludge
|upkeep
|turn|19
|l|TsunamithePony
|choice|move scald|move superpower
|
|move|p2a: Malamar|Superpower|p1a: Qwilfish
|-resisted|p1a: Qwilfish
|-damage|p1a: Qwilfish|192\/334
|-boost|p2a: Malamar|atk|1
|-boost|p2a: Malamar|def|1
|move|p1a: Qwilfish|Scald|p2a: Malamar
|-damage|p2a: Malamar|150\/375
|
|-heal|p2a: Malamar|173\/375|[from] item: Leftovers
|-heal|p1a: Qwilfish|212\/334|[from] item: Black Sludge
|upkeep
|turn|20
|choice|move scald|move knockoff
|
|move|p2a: Malamar|Knock Off|p1a: Qwilfish
|-damage|p1a: Qwilfish|68\/334
|-enditem|p1a: Qwilfish|Black Sludge|[from] move: Knock Off|[of] p2a: Malamar
|move|p1a: Qwilfish|Scald|p2a: Malamar
|-damage|p2a: Malamar|104\/375
|
|-heal|p2a: Malamar|127\/375|[from] item: Leftovers
|upkeep
|turn|21
|choice|move scald|move superpower
|
|move|p2a: Malamar|Superpower|p1a: Qwilfish
|-resisted|p1a: Qwilfish
|-damage|p1a: Qwilfish|8\/334
|-boost|p2a: Malamar|atk|1
|-boost|p2a: Malamar|def|1
|move|p1a: Qwilfish|Scald|p2a: Malamar
|-damage|p2a: Malamar|58\/375
|
|-heal|p2a: Malamar|81\/375|[from] item: Leftovers
|upkeep
|turn|22
|choice|move taunt|move rest
|
|move|p2a: Malamar|Rest|p2a: Malamar
|-status|p2a: Malamar|slp
|-heal|p2a: Malamar|375\/375 slp|[silent]
|-status|p2a: Malamar|slp|[from] move: Rest
|move|p1a: Qwilfish|Taunt|p2a: Malamar
|-start|p2a: Malamar|move: Taunt
|
|upkeep
|turn|23
|choice|switch 5|switch 6
|
|switch|p2a: Qwilfish|Qwilfish, F|45\/333
|-damage|p2a: Qwilfish|4\/333|[from] Stealth Rock
|-damage|p2a: Qwilfish|0 fnt|[from] Spikes
|faint|p2a: Qwilfish
|switch|p1a: Hoopa|Hoopa|301\/301
|-damage|p1a: Hoopa|264\/301|[from] Stealth Rock
|
|upkeep
|choice||switch 6
|
|switch|p2a: Malamar|Malamar, F|375\/375 slp
|-damage|p2a: Malamar|329\/375 slp|[from] Spikes
|-damage|p2a: Malamar|283\/375 slp|[from] Stealth Rock
|turn|24
|choice|move trick|move sleeptalk
|
|move|p1a: Hoopa|Trick|p2a: Malamar
|-activate|p1a: Hoopa|move: Trick|[of] p2a: Malamar
|-item|p2a: Malamar|Choice Scarf|[from] move: Trick
|-item|p1a: Hoopa|Leftovers|[from] move: Trick
|cant|p2a: Malamar|slp
|move|p2a: Malamar|Sleep Talk|p2a: Malamar
|move|p2a: Malamar|Knock Off|p1a: Hoopa|[from]Sleep Talk
|-supereffective|p1a: Hoopa
|-damage|p1a: Hoopa|0 fnt
|-enditem|p1a: Hoopa|Leftovers|[from] move: Knock Off|[of] p2a: Malamar
|faint|p1a: Hoopa
|
|upkeep
|choice|switch 2|
|
|switch|p1a: Banette|Banette-Mega, M|111\/332
|-damage|p1a: Banette|70\/332|[from] Stealth Rock
|turn|25
|choice|move protect|move sleeptalk
|
|move|p1a: Banette|Protect|p1a: Banette
|-singleturn|p1a: Banette|Protect
|cant|p2a: Malamar|slp
|move|p2a: Malamar|Sleep Talk|p2a: Malamar
|move|p2a: Malamar|Knock Off|p1a: Banette|[from]Sleep Talk
|-activate|p1a: Banette|move: Protect
|
|upkeep
|turn|26
|choice|move shadowclaw|move sleeptalk
|
|-curestatus|p2a: Malamar|slp|[msg]
|move|p2a: Malamar|Sleep Talk|p2a: Malamar
|-fail|p2a: Malamar
|move|p1a: Banette|Shadow Claw|p2a: Malamar
|-damage|p2a: Malamar|102\/375
|
|upkeep
|turn|27
|choice|move shadowclaw|switch 4
|
|switch|p2a: Flygon|Flygon, F|284\/302
|-damage|p2a: Flygon|266\/302|[from] Stealth Rock
|move|p1a: Banette|Shadow Claw|p2a: Flygon
|-damage|p2a: Flygon|55\/302
|
|upkeep
|turn|28
|choice|move protect|move outrage
|
|move|p1a: Banette|Protect|p1a: Banette
|-singleturn|p1a: Banette|Protect
|move|p2a: Flygon|Outrage|p1a: Banette
|-activate|p1a: Banette|move: Protect
|
|upkeep
|turn|29
|choice|move disable|move outrage
|
|move|p1a: Banette|Disable|p2a: Flygon
|-start|p2a: Flygon|Disable|Outrage
|cant|p2a: Flygon|Disable|Outrage
|
|upkeep
|turn|30
|choice|move shadowclaw|switch 2
|
|switch|p2a: Gallade|Gallade, M|277\/277
|-damage|p2a: Gallade|260\/277|[from] Stealth Rock
|-damage|p2a: Gallade|226\/277|[from] Spikes
|move|p1a: Banette|Shadow Claw|p2a: Gallade
|-supereffective|p2a: Gallade
|-damage|p2a: Gallade|0 fnt
|faint|p2a: Gallade
|
|upkeep
|choice||switch 4
|
|switch|p2a: Malamar|Malamar, F|102\/375
|-damage|p2a: Malamar|56\/375|[from] Spikes
|-damage|p2a: Malamar|10\/375|[from] Stealth Rock
|turn|31
|j|Vaenani
|choice|move protect|move knockoff
|
|move|p1a: Banette|Protect|p1a: Banette
|-singleturn|p1a: Banette|Protect
|move|p2a: Malamar|Knock Off|p1a: Banette
|-activate|p1a: Banette|move: Protect
|
|upkeep
|turn|32
|choice|move disable|move knockoff
|
|move|p1a: Banette|Disable|p2a: Malamar
|-start|p2a: Malamar|Disable|Knock Off
|cant|p2a: Malamar|Disable|Knock Off
|
|upkeep
|turn|33
|choice|move shadowclaw|move struggle
|
|-activate|p2a: Malamar|move: Struggle
|move|p2a: Malamar|Struggle|p1a: Banette
|-damage|p1a: Banette|23\/332
|-damage|p2a: Malamar|0 fnt|[from] recoil
|faint|p2a: Malamar
|move|p1a: Banette|Shadow Claw|p2: Malamar|[notarget]
|-notarget
|
|upkeep
|choice||switch 2
|
|switch|p2a: Flygon|Flygon, F|55\/302
|-damage|p2a: Flygon|37\/302|[from] Stealth Rock
|turn|34
|choice|move destinybond|move outrage
|
|move|p1a: Banette|Destiny Bond|p1a: Banette
|-singlemove|p1a: Banette|Destiny Bond
|move|p2a: Flygon|Outrage|p1a: Banette
|-damage|p1a: Banette|0 fnt
|faint|p1a: Banette
|-activate|p1a: Banette|move: Destiny Bond
|faint|p2a: Flygon
|
|win|AV99
|player|p1
|player|p2
|c|★AV99|gg
|l|Vaenani</script>
</div>
<div class="battle-log battle-log-inline"><div class="inner"><div class="battle-options"></div><div class="inner"><div class="chat"><small>AV99 joined.</small></div><div class="chat"><small>Zero Azzurro joined.</small></div><div class="chat"><small>Stats Bot joined.</small></div><div class=""><small>Format:</small> <br><strong>RU</strong></div><div class=""><small><em>Sleep Clause Mod:</em> Limit one foe put to sleep</small></div><div class=""><small><em>Species Clause:</em> Limit one of each Pokémon</small></div><div class=""><small><em>OHKO Clause:</em> OHKO moves are banned</small></div><div class=""><small><em>Moody Clause:</em> Moody is banned</small></div><div class=""><small><em>Evasion Moves Clause:</em> Evasion moves are banned</small></div><div class=""><small><em>Endless Battle Clause:</em> Forcing endless battles is banned</small></div><div class=""><small><em>HP Percentage Mod:</em> HP is shown in percentages</small></div><div class=""><small><em>Swagger Clause:</em> Swagger is banned</small></div><div class=""><small><em>Baton Pass Clause:</em> Limit one Baton Passer, can't pass Spe and other stats simultaneously</small></div><div class="chat battle-history"><strong>AV99's team:</strong> <em style="color:#445566;display:block;">Scrafty / Qwilfish / Banette / Eelektross / Hoopa / Aggron</em></div><div class="chat battle-history"><strong>Zero Azzurro's team:</strong> <em style="color:#445566;display:block;">Gallade / Bronzong / Scrafty / Qwilfish / Malamar / Flygon</em></div><div class="chat"><small>Stats Bot left.</small></div><div class="chat chatmessage-av99"><strong style="color:hsl(331,72%,49%)"><small>★</small><span class="username" data-name="AV99">AV99</span>:</strong> <em>gl hf</em></div><div class="chat"><small>weslol joined.</small></div><div class="spacer battle-history"><br></div><div class="battle-history">Battle started between AV99 and Zero Azzurro!<br></div><div class="spacer battle-history"><br></div><div class="battle-history">Go! <strong>Qwilfish</strong>!<br></div><div class="spacer battle-history"><br></div><div class="battle-history">Zero Azzurro sent out <strong>Bronzong</strong>!<br></div><div class="battle-history"><small>[Qwilfish's Intimidate]</small><br></div><div class="battle-history"><small>The opposing Bronzong's Attack fell!</small><br></div><div class="spacer battle-history"><br></div><h2 class="battle-history">Turn 1</h2><div class="spacer battle-history"><br></div><div class="battle-history">Qwilfish used <strong>Taunt</strong>!<br></div><div class="battle-history"><small>The opposing Bronzong fell for the taunt!</small><br></div><div class="spacer battle-history"><br></div><div class="battle-history">The opposing Bronzong can't use Stealth Rock after the taunt!<br></div><div class="spacer battle-history"><br></div><h2 class="battle-history">Turn 2</h2><div class="chat chatmessage-zeroazzurro"><strong style="color:hsl(22,72%,41.5152122313536%)"><small>★</small><span class="username" data-name="Zero Azzurro">Zero Azzurro</span>:</strong> <em>gl hf</em></div><div class="spacer battle-history"><br></div><div class="battle-history">Qwilfish, come back!<br></div><div class="battle-history">Go! <strong>Eelektross</strong>!<br></div><div class="spacer battle-history"><br></div><div class="battle-history">Zero Azzurro withdrew Bronzong!<br></div><div class="battle-history">Zero Azzurro sent out <strong>Scrafty</strong>!<br></div><div class="battle-history"><small>[The opposing Scrafty's Intimidate]</small><br></div><div class="battle-history"><small>Eelektross's Attack fell!</small><br></div><div class="spacer battle-history"><br></div><h2 class="battle-history">Turn 3</h2><div class="spacer battle-history"><br></div><div class="battle-history">The opposing Scrafty used <strong>Dragon Dance</strong>!<br></div><div class="battle-history"><small>The opposing Scrafty's Attack rose!</small><br></div><div class="battle-history"><small>The opposing Scrafty's Speed rose!</small><br></div><div class="spacer battle-history"><br></div><div class="battle-history">Eelektross used <strong>Volt Switch</strong>!<br></div><div class="battle-history"><small>(The opposing Scrafty lost <abbr title="−108/271">39.9%</abbr> of its health!)</small><br></div><div class="spacer battle-history"><br></div><div class="battle-history">Eelektross went back to AV99!<br></div><div class="battle-history">Go! <strong>Aggron</strong>!<br></div><div class="spacer battle-history"><br></div><h2 class="battle-history">Turn 4</h2><div class="spacer battle-history"><br></div><div class="battle-history">The opposing Scrafty used <strong>High Jump Kick</strong>!<br></div><div class="battle-history"><small>It's super effective!</small><br></div><div class="battle-history"><small>A critical hit!</small><br></div><div class="battle-history"><small>[Aggron's Sturdy]</small><br><small>Aggron endured the hit!</small><br></div><div class="battle-history"><small>(Aggron lost <abbr title="−280/281">99.6%</abbr> of its health!)</small><br></div><div class="spacer battle-history"><br></div><div class="battle-history">Aggron used <strong>Endeavor</strong>!<br></div><div class="battle-history"><small>(The opposing Scrafty lost <abbr title="−162/271">59.8%</abbr> of its health!)</small><br></div><div class="spacer battle-history"><br></div><h2 class="battle-history">Turn 5</h2><div class="spacer battle-history"><br></div><div class="battle-history"><small>Aggron ate its Custap Berry!</small><br></div><div class="battle-history"><small>Aggron's Custap Berry let it move first!</small><br></div><div class="spacer battle-history"><br></div><div class="battle-history">Aggron used <strong>Heavy Slam</strong>!<br></div><div class="battle-history"><small>(The opposing Scrafty lost <abbr title="−1/271">0.4%</abbr> of its health!)</small><br></div><div class="spacer battle-history"><br></div><div class="battle-history">The opposing Scrafty fainted!<br></div><div class="spacer battle-history"><br></div><div class="battle-history">Zero Azzurro sent out <strong>Bronzong</strong>!<br></div><div class="spacer battle-history"><br></div><h2 class="battle-history">Turn 6</h2><div class="spacer battle-history"><br></div><div class="battle-history">Aggron used <strong>Stealth Rock</strong>!<br></div><div class="battle-history"><small>Pointed stones float in the air around the opposing team!</small><br></div><div class="spacer battle-history"><br></div><div class="battle-history">The opposing Bronzong used <strong>Stealth Rock</strong>!<br></div><div class="battle-history"><small>Pointed stones float in the air around your team!</small><br></div><div class="spacer battle-history"><br></div><h2 class="battle-history">Turn 7</h2><div class="spacer battle-history"><br></div><div class="battle-history">Aggron used <strong>Endeavor</strong>!<br></div><div class="battle-history"><small>(The opposing Bronzong lost <abbr title="−336/337">99.7%</abbr> of its health!)</small><br></div><div class="spacer battle-history"><br></div><div class="battle-history">The opposing Bronzong used <strong>Earthquake</strong>!<br></div><div class="battle-history"><small>It's super effective!</small><br></div><div class="battle-history"><small>(Aggron lost <abbr title="−1/281">0.4%</abbr> of its health!)</small><br></div><div class="spacer battle-history"><br></div><div class="battle-history">Aggron fainted!<br></div><div class="spacer battle-history"><br></div><div class="battle-history"><small>The opposing Bronzong restored a little HP using its Leftovers!</small><br></div><div class="spacer battle-history"><br></div><div class="battle-history">Go! <strong>Banette</strong>!<br></div><div class="battle-history"><small>Pointed stones dug into Banette!</small><br></div><div class="battle-history"><small>[Banette's Frisk]</small><br><small>Banette frisked the opposing Bronzong and found its Leftovers!</small><br></div><div class="spacer battle-history"><br></div><h2 class="battle-history">Turn 8</h2><div class="spacer battle-history"><br></div><div class="battle-history"><small>Banette's Banettite is reacting to AV99's Mega Bracelet!</small><br>Banette has Mega Evolved into Mega Banette!<br></div><div class="spacer battle-history"><br></div><div class="battle-history">Banette used <strong>Shadow Claw</strong>!<br></div><div class="battle-history"><small>It's super effective!</small><br></div><div class="battle-history"><small>(The opposing Bronzong lost <abbr title="−22/337">6.5%</abbr> of its health!)</small><br></div><div class="spacer battle-history"><br></div><div class="battle-history">The opposing Bronzong fainted!<br></div><div class="chat"><small>weslol left.</small></div><div class="spacer battle-history"><br></div><div class="battle-history">Zero Azzurro sent out <strong>Malamar</strong>!<br></div><div class="battle-history"><small>Pointed stones dug into the opposing Malamar!</small><br></div><div class="spacer battle-history"><br></div><h2 class="battle-history">Turn 9</h2><div class="spacer battle-history"><br></div><div class="battle-history">Banette used <strong>Destiny Bond</strong>!<br></div><div class="battle-history">Banette is hoping to take its attacker down with it!<br></div><div class="spacer battle-history"><br></div><div class="battle-history">The opposing Malamar used <strong>Knock Off</strong>!<br></div><div class="battle-history"><small>It's super effective!</small><br></div><div class="battle-history"><small>(Banette lost <abbr title="−180/332">54.2%</abbr> of its health!)</small><br></div><div class="spacer battle-history"><br></div><div class="battle-history"><small>The opposing Malamar restored a little HP using its Leftovers!</small><br></div><div class="spacer battle-history"><br></div><h2 class="battle-history">Turn 10</h2><div class="spacer battle-history"><br></div><div class="battle-history">Zero Azzurro withdrew Malamar!<br></div><div class="battle-history">Zero Azzurro sent out <strong>Qwilfish</strong>!<br></div><div class="battle-history"><small>Pointed stones dug into the opposing Qwilfish!</small><br></div><div class="battle-history"><small>[The opposing Qwilfish's Intimidate]</small><br></div><div class="battle-history"><small>Banette's Attack fell!</small><br></div><div class="spacer battle-history"><br></div><div class="battle-history">Banette used <strong>Shadow Claw</strong>!<br></div><div class="battle-history"><small>(The opposing Qwilfish lost <abbr title="−106/333">31.8%</abbr> of its health!)</small><br></div><div class="spacer battle-history"><br></div><div class="battle-history"><small>The opposing Qwilfish restored a little HP using its Black Sludge!</small><br></div><div class="spacer battle-history"><br></div><h2 class="battle-history">Turn 11</h2><div class="spacer battle-history"><br></div><div class="battle-history">Banette, come back!<br></div><div class="battle-history">Go! <strong>Scrafty</strong>!<br></div><div class="battle-history"><small>Pointed stones dug into Scrafty!</small><br></div><div class="spacer battle-history"><br></div><div class="battle-history">The opposing Qwilfish used <strong>Taunt</strong>!<br></div><div class="battle-history"><small>Scrafty fell for the taunt!</small><br></div><div class="spacer battle-history"><br></div><div class="battle-history"><small>The opposing Qwilfish restored a little HP using its Black Sludge!</small><br></div><div class="battle-history"><small>Scrafty restored a little HP using its Leftovers!</small><br></div><div class="spacer battle-history"><br></div><h2 class="battle-history">Turn 12</h2><div class="spacer battle-history"><br></div><div class="battle-history">The opposing Qwilfish used <strong>Poison Jab</strong>!<br></div><div class="battle-history"><small>(Scrafty lost <abbr title="−87/271">32.1%</abbr> of its health!)</small><br></div><div class="spacer battle-history"><br></div><div class="battle-history">Scrafty used <strong>Knock Off</strong>!<br></div><div class="battle-history"><small>(The opposing Qwilfish lost <abbr title="−141/333">42.3%</abbr> of its health!)</small><br></div><div class="battle-history"><small>Scrafty knocked off the opposing Qwilfish's Black Sludge!</small><br></div><div class="spacer battle-history"><br></div><div class="battle-history"><small>Scrafty restored a little HP using its Leftovers!</small><br></div><div class="spacer battle-history"><br></div><h2 class="battle-history">Turn 13</h2><div class="spacer battle-history"><br></div><div class="battle-history">Scrafty, come back!<br></div><div class="battle-history">Go! <strong>Eelektross</strong>!<br></div><div class="battle-history"><small>Pointed stones dug into Eelektross!</small><br></div><div class="spacer battle-history"><br></div><div class="battle-history">The opposing Qwilfish used <strong>Destiny Bond</strong>!<br></div><div class="battle-history">The opposing Qwilfish is hoping to take its attacker down with it!<br></div><div class="spacer battle-history"><br></div><h2 class="battle-history">Turn 14</h2><div class="spacer battle-history"><br></div><div class="battle-history">The opposing Qwilfish used <strong>Poison Jab</strong>!<br></div><div class="battle-history"><small>(Eelektross lost <abbr title="−112/374">29.9%</abbr> of its health!)</small><br></div><div class="spacer battle-history"><br></div><div class="battle-history">Eelektross used <strong>Acid Spray</strong>!<br></div><div class="battle-history"><small>It's not very effective...</small><br></div><div class="battle-history"><small>(The opposing Qwilfish lost <abbr title="−40/333">12.0%</abbr> of its health!)</small><br></div><div class="battle-history"><small>The opposing Qwilfish's Special Defense fell harshly!</small><br></div><div class="spacer battle-history"><br></div><h2 class="battle-history">Turn 15</h2><div class="spacer battle-history"><br></div><div class="battle-history">Zero Azzurro withdrew Qwilfish!<br></div><div class="battle-history">Zero Azzurro sent out <strong>Flygon</strong>!<br></div><div class="battle-history"><small>Pointed stones dug into the opposing Flygon!</small><br></div><div class="spacer battle-history"><br></div><div class="battle-history">Eelektross, come back!<br></div><div class="battle-history">Go! <strong>Scrafty</strong>!<br></div><div class="battle-history"><small>Pointed stones dug into Scrafty!</small><br></div><div class="spacer battle-history"><br></div><div class="battle-history"><small>Scrafty restored a little HP using its Leftovers!</small><br></div><div class="spacer battle-history"><br></div><h2 class="battle-history">Turn 16</h2><div class="spacer battle-history"><br></div><div class="battle-history">The opposing Flygon used <strong>Outrage</strong>!<br></div><div class="battle-history"><small>A critical hit!</small><br></div><div class="battle-history"><small>(Scrafty lost <abbr title="−200/271">73.8%</abbr> of its health!)</small><br></div><div class="spacer battle-history"><br></div><div class="battle-history">Scrafty fainted!<br></div><div class="chat"><small>TsunamithePony joined.</small></div><div class="spacer battle-history"><br></div><div class="battle-history">Go! <strong>Qwilfish</strong>!<br></div><div class="battle-history"><small>Pointed stones dug into Qwilfish!</small><br></div><div class="battle-history"><small>[Qwilfish's Intimidate]</small><br></div><div class="battle-history"><small>The opposing Flygon's Attack fell!</small><br></div><div class="spacer battle-history"><br></div><h2 class="battle-history">Turn 17</h2><div class="spacer battle-history"><br></div><div class="battle-history">The opposing Flygon used <strong>Outrage</strong>!<br></div><div class="battle-history"><small>(Qwilfish lost <abbr title="−103/334">30.8%</abbr> of its health!)</small><br></div><div class="battle-history"><small>The opposing Flygon became confused due to fatigue!</small><br></div><div class="spacer battle-history"><br></div><div class="battle-history">Qwilfish used <strong>Spikes</strong>!<br></div><div class="battle-history"><small>Spikes were scattered on the ground all around the opposing team!</small><br></div><div class="spacer battle-history"><br></div><div class="battle-history"><small>Qwilfish restored a little HP using its Black Sludge!</small><br></div><div class="spacer battle-history"><br></div><h2 class="battle-history">Turn 18</h2><div class="spacer battle-history"><br></div><div class="battle-history">Zero Azzurro withdrew Flygon!<br></div><div class="battle-history">Zero Azzurro sent out <strong>Malamar</strong>!<br></div><div class="battle-history"><small>The opposing Malamar is hurt by the spikes!</small><br></div><div class="battle-history"><small>Pointed stones dug into the opposing Malamar!</small><br></div><div class="spacer battle-history"><br></div><div class="battle-history">Qwilfish used <strong>Scald</strong>!<br></div><div class="battle-history"><small>(The opposing Malamar lost <abbr title="−69/375">18.4%</abbr> of its health!)</small><br></div><div class="spacer battle-history"><br></div><div class="battle-history"><small>The opposing Malamar restored a little HP using its Leftovers!</small><br></div><div class="battle-history"><small>Qwilfish restored a little HP using its Black Sludge!</small><br></div><div class="spacer battle-history"><br></div><h2 class="battle-history">Turn 19</h2><div class="chat"><small>TsunamithePony left.</small></div><div class="spacer battle-history"><br></div><div class="battle-history">The opposing Malamar used <strong>Superpower</strong>!<br></div><div class="battle-history"><small>It's not very effective...</small><br></div><div class="battle-history"><small>(Qwilfish lost <abbr title="−38/334">11.4%</abbr> of its health!)</small><br></div><div class="battle-history"><small>The opposing Malamar's Attack rose!</small><br></div><div class="battle-history"><small>The opposing Malamar's Defense rose!</small><br></div><div class="spacer battle-history"><br></div><div class="battle-history">Qwilfish used <strong>Scald</strong>!<br></div><div class="battle-history"><small>(The opposing Malamar lost <abbr title="−64/375">17.1%</abbr> of its health!)</small><br></div><div class="spacer battle-history"><br></div><div class="battle-history"><small>The opposing Malamar restored a little HP using its Leftovers!</small><br></div><div class="battle-history"><small>Qwilfish restored a little HP using its Black Sludge!</small><br></div><div class="spacer battle-history"><br></div><h2 class="battle-history">Turn 20</h2><div class="spacer battle-history"><br></div><div class="battle-history">The opposing Malamar used <strong>Knock Off</strong>!<br></div><div class="battle-history"><small>(Qwilfish lost <abbr title="−144/334">43.1%</abbr> of its health!)</small><br></div><div class="battle-history"><small>The opposing Malamar knocked off Qwilfish's Black Sludge!</small><br></div><div class="spacer battle-history"><br></div><div class="battle-history">Qwilfish used <strong>Scald</strong>!<br></div><div class="battle-history"><small>(The opposing Malamar lost <abbr title="−69/375">18.4%</abbr> of its health!)</small><br></div><div class="spacer battle-history"><br></div><div class="battle-history"><small>The opposing Malamar restored a little HP using its Leftovers!</small><br></div><div class="spacer battle-history"><br></div><h2 class="battle-history">Turn 21</h2><div class="spacer battle-history"><br></div><div class="battle-history">The opposing Malamar used <strong>Superpower</strong>!<br></div><div class="battle-history"><small>It's not very effective...</small><br></div><div class="battle-history"><small>(Qwilfish lost <abbr title="−60/334">18.0%</abbr> of its health!)</small><br></div><div class="battle-history"><small>The opposing Malamar's Attack rose!</small><br></div><div class="battle-history"><small>The opposing Malamar's Defense rose!</small><br></div><div class="spacer battle-history"><br></div><div class="battle-history">Qwilfish used <strong>Scald</strong>!<br></div><div class="battle-history"><small>(The opposing Malamar lost <abbr title="−69/375">18.4%</abbr> of its health!)</small><br></div><div class="spacer battle-history"><br></div><div class="battle-history"><small>The opposing Malamar restored a little HP using its Leftovers!</small><br></div><div class="spacer battle-history"><br></div><h2 class="battle-history">Turn 22</h2><div class="spacer battle-history"><br></div><div class="battle-history">The opposing Malamar used <strong>Rest</strong>!<br></div><div class="battle-history"><small>The opposing Malamar fell asleep!</small><br></div><div class="battle-history"><small>The opposing Malamar slept and became healthy!</small><br></div><div class="spacer battle-history"><br></div><div class="battle-history">Qwilfish used <strong>Taunt</strong>!<br></div><div class="battle-history"><small>The opposing Malamar fell for the taunt!</small><br></div><div class="spacer battle-history"><br></div><h2 class="battle-history">Turn 23</h2><div class="spacer battle-history"><br></div><div class="battle-history">Zero Azzurro withdrew Malamar!<br></div><div class="battle-history">Zero Azzurro sent out <strong>Qwilfish</strong>!<br></div><div class="battle-history"><small>Pointed stones dug into the opposing Qwilfish!</small><br></div><div class="battle-history"><small>The opposing Qwilfish is hurt by the spikes!</small><br></div><div class="spacer battle-history"><br></div><div class="battle-history">The opposing Qwilfish fainted!<br></div><div class="battle-history">Qwilfish, come back!<br></div><div class="battle-history">Go! <strong>Hoopa</strong>!<br></div><div class="battle-history"><small>Pointed stones dug into Hoopa!</small><br></div><div class="spacer battle-history"><br></div><div class="battle-history">Zero Azzurro sent out <strong>Malamar</strong>!<br></div><div class="battle-history"><small>The opposing Malamar is hurt by the spikes!</small><br></div><div class="battle-history"><small>Pointed stones dug into the opposing Malamar!</small><br></div><div class="spacer battle-history"><br></div><h2 class="battle-history">Turn 24</h2><div class="spacer battle-history"><br></div><div class="battle-history">Hoopa used <strong>Trick</strong>!<br></div><div class="battle-history"><small>Hoopa switched items with its target!</small><br></div><div class="battle-history"><small>The opposing Malamar obtained one Choice Scarf.</small><br></div><div class="battle-history"><small>Hoopa obtained one Leftovers.</small><br></div><div class="spacer battle-history"><br></div><div class="battle-history">The opposing Malamar is fast asleep.<br></div><div class="spacer battle-history"><br></div><div class="battle-history">The opposing Malamar used <strong>Sleep Talk</strong>!<br></div><div class="spacer battle-history"><br></div><div class="battle-history">The opposing Malamar used <strong>Knock Off</strong>!<br></div><div class="battle-history"><small>It's super effective!</small><br></div><div class="battle-history"><small>(Hoopa lost <abbr title="−264/301">87.7%</abbr> of its health!)</small><br></div><div class="battle-history"><small>The opposing Malamar knocked off Hoopa's Leftovers!</small><br></div><div class="spacer battle-history"><br></div><div class="battle-history">Hoopa fainted!<br></div><div class="spacer battle-history"><br></div><div class="battle-history">Go! Banette (<strong>Banette-Mega</strong>)!<br></div><div class="battle-history"><small>Pointed stones dug into Banette!</small><br></div><div class="spacer battle-history"><br></div><h2 class="battle-history">Turn 25</h2><div class="spacer battle-history"><br></div><div class="battle-history">Banette used <strong>Protect</strong>!<br></div><div class="battle-history"><small>Banette protected itself!</small><br></div><div class="spacer battle-history"><br></div><div class="battle-history">The opposing Malamar is fast asleep.<br></div><div class="spacer battle-history"><br></div><div class="battle-history">The opposing Malamar used <strong>Sleep Talk</strong>!<br></div><div class="spacer battle-history"><br></div><div class="battle-history">The opposing Malamar used <strong>Knock Off</strong>!<br></div><div class="battle-history"><small>Banette protected itself!</small><br></div><div class="spacer battle-history"><br></div><h2 class="battle-history">Turn 26</h2><div class="spacer battle-history"><br></div><div class="battle-history"><small>The opposing Malamar woke up!</small><br></div><div class="spacer battle-history"><br></div><div class="battle-history">The opposing Malamar used <strong>Sleep Talk</strong>!<br></div><div class="battle-history"><small>But it failed!</small><br></div><div class="spacer battle-history"><br></div><div class="battle-history">Banette used <strong>Shadow Claw</strong>!<br></div><div class="battle-history"><small>(The opposing Malamar lost <abbr title="−181/375">48.3%</abbr> of its health!)</small><br></div><div class="spacer battle-history"><br></div><h2 class="battle-history">Turn 27</h2><div class="spacer battle-history"><br></div><div class="battle-history">Zero Azzurro withdrew Malamar!<br></div><div class="battle-history">Zero Azzurro sent out <strong>Flygon</strong>!<br></div><div class="battle-history"><small>Pointed stones dug into the opposing Flygon!</small><br></div><div class="spacer battle-history"><br></div><div class="battle-history">Banette used <strong>Shadow Claw</strong>!<br></div><div class="battle-history"><small>(The opposing Flygon lost <abbr title="−211/302">69.9%</abbr> of its health!)</small><br></div><div class="spacer battle-history"><br></div><h2 class="battle-history">Turn 28</h2><div class="spacer battle-history"><br></div><div class="battle-history">Banette used <strong>Protect</strong>!<br></div><div class="battle-history"><small>Banette protected itself!</small><br></div><div class="spacer battle-history"><br></div><div class="battle-history">The opposing Flygon used <strong>Outrage</strong>!<br></div><div class="battle-history"><small>Banette protected itself!</small><br></div><div class="spacer battle-history"><br></div><h2 class="battle-history">Turn 29</h2><div class="spacer battle-history"><br></div><div class="battle-history">Banette used <strong>Disable</strong>!<br></div><div class="battle-history"><small>The opposing Flygon's Outrage was disabled!</small><br></div><div class="spacer battle-history"><br></div><div class="battle-history">The opposing Flygon can't use Outrage!<br></div><div class="spacer battle-history"><br></div><h2 class="battle-history">Turn 30</h2><div class="spacer battle-history"><br></div><div class="battle-history">Zero Azzurro withdrew Flygon!<br></div><div class="battle-history">Zero Azzurro sent out <strong>Gallade</strong>!<br></div><div class="battle-history"><small>Pointed stones dug into the opposing Gallade!</small><br></div><div class="battle-history"><small>The opposing Gallade is hurt by the spikes!</small><br></div><div class="spacer battle-history"><br></div><div class="battle-history">Banette used <strong>Shadow Claw</strong>!<br></div><div class="battle-history"><small>It's super effective!</small><br></div><div class="battle-history"><small>(The opposing Gallade lost <abbr title="−226/277">81.6%</abbr> of its health!)</small><br></div><div class="spacer battle-history"><br></div><div class="battle-history">The opposing Gallade fainted!<br></div><div class="spacer battle-history"><br></div><div class="battle-history">Zero Azzurro sent out <strong>Malamar</strong>!<br></div><div class="battle-history"><small>The opposing Malamar is hurt by the spikes!</small><br></div><div class="battle-history"><small>Pointed stones dug into the opposing Malamar!</small><br></div><div class="spacer battle-history"><br></div><h2 class="battle-history">Turn 31</h2><div class="chat"><small>Vaenani joined.</small></div><div class="spacer battle-history"><br></div><div class="battle-history">Banette used <strong>Protect</strong>!<br></div><div class="battle-history"><small>Banette protected itself!</small><br></div><div class="spacer battle-history"><br></div><div class="battle-history">The opposing Malamar used <strong>Knock Off</strong>!<br></div><div class="battle-history"><small>Banette protected itself!</small><br></div><div class="spacer battle-history"><br></div><h2 class="battle-history">Turn 32</h2><div class="spacer battle-history"><br></div><div class="battle-history">Banette used <strong>Disable</strong>!<br></div><div class="battle-history"><small>The opposing Malamar's Knock Off was disabled!</small><br></div><div class="spacer battle-history"><br></div><div class="battle-history">The opposing Malamar can't use Knock Off!<br></div><div class="spacer battle-history"><br></div><h2 class="battle-history">Turn 33</h2><div class="spacer battle-history"><br></div><div class="battle-history"><small>The opposing Malamar has no moves left!</small><br></div><div class="spacer battle-history"><br></div><div class="battle-history">The opposing Malamar used <strong>Struggle</strong>!<br></div><div class="battle-history"><small>(Banette lost <abbr title="−47/332">14.2%</abbr> of its health!)</small><br></div><div class="battle-history"><small>The opposing Malamar is damaged by the recoil!</small><br></div><div class="spacer battle-history"><br></div><div class="battle-history">The opposing Malamar fainted!<br></div><div class="battle-history">Banette used <strong>Shadow Claw</strong>!<br></div><div class="battle-history"><small>But there was no target...</small><br></div><div class="spacer battle-history"><br></div><div class="battle-history">Zero Azzurro sent out <strong>Flygon</strong>!<br></div><div class="battle-history"><small>Pointed stones dug into the opposing Flygon!</small><br></div><div class="spacer battle-history"><br></div><h2 class="battle-history">Turn 34</h2><div class="spacer battle-history"><br></div><div class="battle-history">Banette used <strong>Destiny Bond</strong>!<br></div><div class="battle-history">Banette is hoping to take its attacker down with it!<br></div><div class="spacer battle-history"><br></div><div class="battle-history">The opposing Flygon used <strong>Outrage</strong>!<br></div><div class="battle-history"><small>(Banette lost <abbr title="−23/332">6.9%</abbr> of its health!)</small><br></div><div class="spacer battle-history"><br></div><div class="battle-history">Banette fainted!<br></div><div class="battle-history"><small>Banette took its attacker down with it!</small><br></div><div class="spacer battle-history"><br></div><div class="battle-history">The opposing Flygon fainted!<br></div><div class="spacer battle-history"><br></div><div class="battle-history"><strong>AV99</strong> won the battle!<br></div><div class="chat chatmessage-av99"><strong style="color:hsl(331,72%,49%)"><small>★</small><span class="username" data-name="AV99">AV99</span>:</strong> <em>gg</em></div><div class="chat"><small>Vaenani left.</small></div></div><div class="inner-preempt"></div></div></div>
</div>
<script>
let daily = Math.floor(Date.now()/1000/60/60/24);document.write('<script src="https://play.pokemonshowdown.com/js/replay-embed.js?version'+daily+'"></'+'script>');
</script>
