<!DOCTYPE html>
<meta charset="utf-8" />
<!-- version 1 -->
<title>RU replay: slurmz! vs. The MJ show</title>
<style>
html,body {font-family:Verdana, sans-serif;font-size:10pt;margin:0;padding:0;}body{padding:12px 0;} .battle-log {font-family:Verdana, sans-serif;font-size:10pt;} .battle-log-inline {border:1px solid #AAAAAA;background:#EEF2F5;color:black;max-width:640px;margin:0 auto 80px;padding-bottom:5px;} .battle-log .inner {padding:4px 8px 0px 8px;} .battle-log .inner-preempt {padding:0 8px 4px 8px;} .battle-log .inner-after {margin-top:0.5em;} .battle-log h2 {margin:0.5em -8px;padding:4px 8px;border:1px solid #AAAAAA;background:#E0E7EA;border-left:0;border-right:0;font-family:Verdana, sans-serif;font-size:13pt;} .battle-log .chat {vertical-align:middle;padding:3px 0 3px 0;font-size:8pt;} .battle-log .chat strong {color:#40576A;} .battle-log .chat em {padding:1px 4px 1px 3px;color:#000000;font-style:normal;} .chat.mine {background:rgba(0,0,0,0.05);margin-left:-8px;margin-right:-8px;padding-left:8px;padding-right:8px;} .spoiler {color:#BBBBBB;background:#BBBBBB;padding:0px 3px;} .spoiler:hover, .spoiler:active, .spoiler-shown {color:#000000;background:#E2E2E2;padding:0px 3px;} .spoiler a {color:#BBBBBB;} .spoiler:hover a, .spoiler:active a, .spoiler-shown a {color:#2288CC;} .chat code, .chat .spoiler:hover code, .chat .spoiler:active code, .chat .spoiler-shown code {border:1px solid #C0C0C0;background:#EEEEEE;color:black;padding:0 2px;} .chat .spoiler code {border:1px solid #CCCCCC;background:#CCCCCC;color:#CCCCCC;} .battle-log .rated {padding:3px 4px;} .battle-log .rated strong {color:white;background:#89A;padding:1px 4px;border-radius:4px;} .spacer {margin-top:0.5em;} .message-announce {background:#6688AA;color:white;padding:1px 4px 2px;} .message-announce a, .broadcast-green a, .broadcast-blue a, .broadcast-red a {color:#DDEEFF;} .broadcast-green {background-color:#559955;color:white;padding:2px 4px;} .broadcast-blue {background-color:#6688AA;color:white;padding:2px 4px;} .infobox {border:1px solid #6688AA;padding:2px 4px;} .infobox-limited {max-height:200px;overflow:auto;overflow-x:hidden;} .broadcast-red {background-color:#AA5544;color:white;padding:2px 4px;} .message-learn-canlearn {font-weight:bold;color:#228822;text-decoration:underline;} .message-learn-cannotlearn {font-weight:bold;color:#CC2222;text-decoration:underline;} .message-effect-weak {font-weight:bold;color:#CC2222;} .message-effect-resist {font-weight:bold;color:#6688AA;} .message-effect-immune {font-weight:bold;color:#666666;} .message-learn-list {margin-top:0;margin-bottom:0;} .message-throttle-notice, .message-error {color:#992222;} .message-overflow, .chat small.message-overflow {font-size:0pt;} .message-overflow::before {font-size:9pt;content:'...';} .subtle {color:#3A4A66;}
</style>
<div class="wrapper replay-wrapper" style="max-width:1180px;margin:0 auto">
<input type="hidden" name="replayid" value="smogtours-ru-281178" />
<div class="battle"></div><div class="battle-log"></div><div class="replay-controls"></div><div class="replay-controls-2"></div>
<h1 style="font-weight:normal;text-align:center"><strong>RU</strong><br /><a href="http://pokemonshowdown.com/users/slurmz" class="subtle" target="_blank">slurmz!</a> vs. <a href="http://pokemonshowdown.com/users/themjshow" class="subtle" target="_blank">The MJ show</a></h1>
<script type="text/plain" class="battle-log-data">|inactive|Battle timer is ON: inactive players will automatically lose when time's up.
|J|slurmz!
|J|The MJ show
|player|p1|slurmz!|138
|player|p2|The MJ show|98
|gametype|singles
|gen|6
|tier|RU
|seed|9840,46419,5765,60069
|rule|Sleep Clause Mod: Limit one foe put to sleep
|rule|Species Clause: Limit one of each Pokémon
|rule|OHKO Clause: OHKO moves are banned
|rule|Moody Clause: Moody is banned
|rule|Evasion Moves Clause: Evasion moves are banned
|rule|Endless Battle Clause: Forcing endless battles is banned
|rule|HP Percentage Mod: HP is shown in percentages
|clearpoke
|poke|p1|Glalie, M, shiny|item
|poke|p1|Uxie|item
|poke|p1|Flygon, F, shiny|item
|poke|p1|Magneton|item
|poke|p1|Diancie, shiny|item
|poke|p1|Venusaur, M|item
|poke|p2|Registeel|item
|poke|p2|Alomomola, F|item
|poke|p2|Venusaur, M|item
|poke|p2|Aromatisse, F|item
|poke|p2|Flygon, M|item
|poke|p2|Delphox, M|item
|rule|Swagger Clause: Swagger is banned
|rule|Baton Pass Clause: Limit one Baton Passer, can't pass Spe and other stats simultaneously
|teampreview
|J|TSR
|choice|team 2, team 1, team 3, team 4, team 5, team 6|team 1, team 2, team 3, team 4, team 5, team 6
|
|start
|switch|p1a: Guard Shift|Uxie|353\/353
|switch|p2a: Registeel|Registeel|364\/364
|turn|1
|choice|move yawn|move toxic
|
|move|p1a: Guard Shift|Yawn|p2a: Registeel
|-start|p2a: Registeel|move: Yawn|[of] p1a: Guard Shift
|move|p2a: Registeel|Toxic|p1a: Guard Shift
|-status|p1a: Guard Shift|tox
|
|-damage|p1a: Guard Shift|331\/353 tox|[from] psn
|upkeep
|turn|2
|choice|move stealthrock|switch 4
|
|switch|p2a: Aromatisse|Aromatisse, F|406\/406
|move|p1a: Guard Shift|Stealth Rock|p2a: Aromatisse
|-sidestart|p2: The MJ show|move: Stealth Rock
|
|-heal|p1a: Guard Shift|353\/353 tox|[from] item: Leftovers
|-damage|p1a: Guard Shift|309\/353 tox|[from] psn
|upkeep
|turn|3
|choice|move uturn|move wish
|
|move|p1a: Guard Shift|U-turn|p2a: Aromatisse
|-resisted|p2a: Aromatisse
|-damage|p2a: Aromatisse|388\/406
|choice|switch 4|
|
|switch|p1a: Thunder Bullet|Magneton|301\/301
|move|p2a: Aromatisse|Wish|p2a: Aromatisse
|
|-heal|p2a: Aromatisse|406\/406|[from] item: Leftovers
|upkeep
|turn|4
|J|ordinary1
|choice|move flashcannon|switch 3
|
|switch|p2a: Venusaur|Venusaur, M|363\/363
|-damage|p2a: Venusaur|318\/363|[from] Stealth Rock
|move|p1a: Thunder Bullet|Flash Cannon|p2a: Venusaur
|-damage|p2a: Venusaur|185\/363
|
|-heal|p2a: Venusaur|363\/363|[from] move: Wish|[wisher] Aromatisse
|upkeep
|turn|5
|choice|switch 4|move sludgebomb
|
|switch|p1a: Guard Shift|Uxie|309\/353 tox
|move|p2a: Venusaur|Sludge Bomb|p1a: Guard Shift
|-damage|p1a: Guard Shift|219\/353 tox
|
|-heal|p1a: Guard Shift|241\/353 tox|[from] item: Leftovers
|-damage|p1a: Guard Shift|219\/353 tox|[from] psn
|upkeep
|turn|6
|J|oibaf
|choice|move uturn|switch 3
|
|switch|p2a: Aromatisse|Aromatisse, F|406\/406
|-damage|p2a: Aromatisse|356\/406|[from] Stealth Rock
|move|p1a: Guard Shift|U-turn|p2a: Aromatisse
|-resisted|p2a: Aromatisse
|-damage|p2a: Aromatisse|340\/406
|choice|switch 6|
|
|switch|p1a: Tempest Kick|Venusaur, M|364\/364
|
|-heal|p2a: Aromatisse|365\/406|[from] item: Leftovers
|upkeep
|turn|7
|choice|switch 4|move protect
|
|switch|p1a: Thunder Bullet|Magneton|301\/301
|move|p2a: Aromatisse|Protect|p2a: Aromatisse
|-fail|p2a: Aromatisse
|
|-heal|p2a: Aromatisse|390\/406|[from] item: Leftovers
|upkeep
|turn|8
|choice|move flashcannon|move protect
|
|move|p2a: Aromatisse|Protect|p2a: Aromatisse
|-singleturn|p2a: Aromatisse|Protect
|move|p1a: Thunder Bullet|Flash Cannon|p2a: Aromatisse
|-activate|p2a: Aromatisse|move: Protect
|
|-heal|p2a: Aromatisse|406\/406|[from] item: Leftovers
|upkeep
|turn|9
|L|ordinary1
|choice|move flashcannon|switch 4
|
|switch|p2a: Registeel|Registeel|364\/364
|-damage|p2a: Registeel|342\/364|[from] Stealth Rock
|move|p1a: Thunder Bullet|Flash Cannon|p2a: Registeel
|-resisted|p2a: Registeel
|-damage|p2a: Registeel|302\/364
|
|-heal|p2a: Registeel|324\/364|[from] item: Leftovers
|upkeep
|turn|10
|choice|move thunderbolt|move stealthrock
|
|move|p1a: Thunder Bullet|Thunderbolt|p2a: Registeel
|-damage|p2a: Registeel|228\/364
|move|p2a: Registeel|Stealth Rock|p1a: Thunder Bullet
|-sidestart|p1: slurmz!|move: Stealth Rock
|
|-heal|p2a: Registeel|250\/364|[from] item: Leftovers
|upkeep
|turn|11
|choice|move thunderbolt|move protect
|
|move|p2a: Registeel|Protect|p2a: Registeel
|-singleturn|p2a: Registeel|Protect
|move|p1a: Thunder Bullet|Thunderbolt|p2a: Registeel
|-activate|p2a: Registeel|move: Protect
|
|-heal|p2a: Registeel|272\/364|[from] item: Leftovers
|upkeep
|turn|12
|choice|move thunderbolt|move seismictoss
|
|move|p1a: Thunder Bullet|Thunderbolt|p2a: Registeel
|-damage|p2a: Registeel|182\/364
|move|p2a: Registeel|Seismic Toss|p1a: Thunder Bullet
|-damage|p1a: Thunder Bullet|201\/301
|
|-heal|p2a: Registeel|204\/364|[from] item: Leftovers
|upkeep
|turn|13
|choice|move flashcannon|move protect
|
|move|p2a: Registeel|Protect|p2a: Registeel
|-singleturn|p2a: Registeel|Protect
|move|p1a: Thunder Bullet|Flash Cannon|p2a: Registeel
|-activate|p2a: Registeel|move: Protect
|
|-heal|p2a: Registeel|226\/364|[from] item: Leftovers
|upkeep
|turn|14
|choice|move thunderbolt|move seismictoss
|
|move|p1a: Thunder Bullet|Thunderbolt|p2a: Registeel
|-damage|p2a: Registeel|141\/364
|move|p2a: Registeel|Seismic Toss|p1a: Thunder Bullet
|-damage|p1a: Thunder Bullet|101\/301
|
|-heal|p2a: Registeel|163\/364|[from] item: Leftovers
|upkeep
|turn|15
|choice|move thunderbolt|move seismictoss
|
|move|p1a: Thunder Bullet|Thunderbolt|p2a: Registeel
|-crit|p2a: Registeel
|-damage|p2a: Registeel|19\/364
|move|p2a: Registeel|Seismic Toss|p1a: Thunder Bullet
|-damage|p1a: Thunder Bullet|1\/301
|
|-heal|p2a: Registeel|41\/364|[from] item: Leftovers
|upkeep
|turn|16
|choice|move rest|move seismictoss
|
|move|p1a: Thunder Bullet|Rest|p1a: Thunder Bullet
|-status|p1a: Thunder Bullet|slp
|-heal|p1a: Thunder Bullet|301\/301 slp|[silent]
|-status|p1a: Thunder Bullet|slp|[from] move: Rest
|move|p2a: Registeel|Seismic Toss|p1a: Thunder Bullet
|-damage|p1a: Thunder Bullet|201\/301 slp
|
|-heal|p2a: Registeel|63\/364|[from] item: Leftovers
|upkeep
|turn|17
|choice|move sleeptalk|move seismictoss
|
|cant|p1a: Thunder Bullet|slp
|move|p1a: Thunder Bullet|Sleep Talk|p1a: Thunder Bullet
|move|p1a: Thunder Bullet|Thunderbolt|p2a: Registeel|[from]Sleep Talk
|-damage|p2a: Registeel|0 fnt
|faint|p2a: Registeel
|
|upkeep
|choice||switch 5
|
|switch|p2a: Flygon|Flygon, M|329\/329
|-damage|p2a: Flygon|309\/329|[from] Stealth Rock
|turn|18
|choice|switch 4|move defog
|
|switch|p1a: Tempest Kick|Venusaur, M|364\/364
|-damage|p1a: Tempest Kick|319\/364|[from] Stealth Rock
|move|p2a: Flygon|Defog|p1a: Tempest Kick
|-unboost|p1a: Tempest Kick|evasion|1
|-sideend|p1: slurmz!|Stealth Rock|[from] move: Defog|[of] p1a: Tempest Kick
|-sideend|p2: The MJ show|Stealth Rock|[from] move: Defog|[of] p2a: Flygon
|
|-heal|p2a: Flygon|329\/329|[from] item: Leftovers
|-heal|p1a: Tempest Kick|341\/364|[from] item: Black Sludge
|upkeep
|turn|19
|choice|move sludgebomb|move earthquake
|
|move|p2a: Flygon|Earthquake|p1a: Tempest Kick
|-damage|p1a: Tempest Kick|221\/364
|move|p1a: Tempest Kick|Sludge Bomb|p2a: Flygon
|-resisted|p2a: Flygon
|-damage|p2a: Flygon|269\/329
|
|-heal|p2a: Flygon|289\/329|[from] item: Leftovers
|-heal|p1a: Tempest Kick|243\/364|[from] item: Black Sludge
|upkeep
|turn|20
|choice|move synthesis|move uturn
|
|move|p2a: Flygon|U-turn|p1a: Tempest Kick
|-damage|p1a: Tempest Kick|182\/364
|choice||switch 6
|
|switch|p2a: Delphox|Delphox, M|292\/292
|move|p1a: Tempest Kick|Synthesis|p1a: Tempest Kick
|-heal|p1a: Tempest Kick|364\/364
|
|upkeep
|turn|21
|choice|switch 3|move psychic
|
|switch|p1a: Summon Wind|Flygon, F, shiny|301\/301
|move|p2a: Delphox|Psychic|p1a: Summon Wind
|-damage|p1a: Summon Wind|74\/301
|-damage|p2a: Delphox|263\/292|[from] item: Life Orb
|
|upkeep
|turn|22
|choice|move earthquake|switch 2
|
|switch|p2a: Alomomola|Alomomola, F|501\/501
|move|p1a: Summon Wind|Earthquake|p2a: Alomomola
|-damage|p2a: Alomomola|371\/501
|
|-heal|p2a: Alomomola|402\/501|[from] item: Leftovers
|upkeep
|turn|23
|choice|switch 3|move wish
|
|switch|p1a: Tempest Kick|Venusaur, M|364\/364
|move|p2a: Alomomola|Wish|p2a: Alomomola
|
|-heal|p2a: Alomomola|433\/501|[from] item: Leftovers
|upkeep
|turn|24
|choice|move leechseed|switch 2
|
|switch|p2a: Delphox|Delphox, M|263\/292
|move|p1a: Tempest Kick|Leech Seed|p2a: Delphox
|-start|p2a: Delphox|move: Leech Seed
|
|-heal|p2a: Delphox|292\/292|[from] move: Wish|[wisher] Alomomola
|-damage|p2a: Delphox|256\/292|[from] Leech Seed|[of] p1a: Tempest Kick
|upkeep
|turn|25
|choice|switch 5|move fireblast
|
|switch|p1a: Back Slash|Diancie, shiny|269\/269
|move|p2a: Delphox|Fire Blast|p1a: Back Slash
|-resisted|p1a: Back Slash
|-damage|p1a: Back Slash|194\/269
|-damage|p2a: Delphox|227\/292|[from] item: Life Orb
|
|-damage|p2a: Delphox|191\/292|[from] Leech Seed|[of] p1a: Back Slash
|-heal|p1a: Back Slash|230\/269|[silent]
|upkeep
|turn|26
|choice|move psychic|switch 3
|
|switch|p2a: Venusaur|Venusaur, M|363\/363
|move|p1a: Back Slash|Psychic|p2a: Venusaur
|-supereffective|p2a: Venusaur
|-damage|p2a: Venusaur|55\/363
|
|-heal|p2a: Venusaur|77\/363|[from] item: Black Sludge
|upkeep
|turn|27
|J|ordinary1
|choice|switch 5|move synthesis
|
|switch|p1a: Tempest Kick|Venusaur, M|364\/364
|move|p2a: Venusaur|Synthesis|p2a: Venusaur
|-heal|p2a: Venusaur|258\/363
|
|-heal|p2a: Venusaur|280\/363|[from] item: Black Sludge
|upkeep
|turn|28
|choice|move sludgebomb|move knockoff
|
|move|p1a: Tempest Kick|Sludge Bomb|p2a: Venusaur
|-damage|p2a: Venusaur|177\/363
|move|p2a: Venusaur|Knock Off|p1a: Tempest Kick
|-damage|p1a: Tempest Kick|313\/364
|-enditem|p1a: Tempest Kick|Black Sludge|[from] move: Knock Off|[of] p2a: Venusaur
|
|-heal|p2a: Venusaur|199\/363|[from] item: Black Sludge
|upkeep
|turn|29
|choice|switch 2|move synthesis
|
|switch|p1a: Freezinate|Glalie, M, shiny|301\/301
|move|p2a: Venusaur|Synthesis|p2a: Venusaur
|-heal|p2a: Venusaur|363\/363
|
|upkeep
|turn|30
|L|ordinary1
|choice|move spikes mega|switch 2
|
|switch|p2a: Alomomola|Alomomola, F|501\/501
|detailschange|p1a: Freezinate|Glalie-Mega, M, shiny
|-mega|p1a: Freezinate|Glalie|Glalitite
|move|p1a: Freezinate|Spikes|p2a: Alomomola
|-sidestart|p2: The MJ show|Spikes
|
|upkeep
|turn|31
|J|ordinary1
|choice|switch 2|move scald
|
|switch|p1a: Tempest Kick|Venusaur, M|313\/364
|move|p2a: Alomomola|Scald|p1a: Tempest Kick
|-resisted|p1a: Tempest Kick
|-damage|p1a: Tempest Kick|292\/364
|
|upkeep
|turn|32
|choice|move sludgebomb|switch 2
|
|switch|p2a: Venusaur|Venusaur, M|363\/363
|-damage|p2a: Venusaur|318\/363|[from] Spikes
|move|p1a: Tempest Kick|Sludge Bomb|p2a: Venusaur
|-damage|p2a: Venusaur|207\/363
|
|-heal|p2a: Venusaur|229\/363|[from] item: Black Sludge
|upkeep
|turn|33
|choice|move sludgebomb|move sludgebomb
|
|move|p2a: Venusaur|Sludge Bomb|p1a: Tempest Kick
|-damage|p1a: Tempest Kick|187\/364
|move|p1a: Tempest Kick|Sludge Bomb|p2a: Venusaur
|-crit|p2a: Venusaur
|-damage|p2a: Venusaur|76\/363
|
|-heal|p2a: Venusaur|98\/363|[from] item: Black Sludge
|upkeep
|turn|34
|choice|move sludgebomb|move synthesis
|
|move|p2a: Venusaur|Synthesis|p2a: Venusaur
|-heal|p2a: Venusaur|279\/363
|move|p1a: Tempest Kick|Sludge Bomb|p2a: Venusaur
|-damage|p2a: Venusaur|174\/363
|
|-heal|p2a: Venusaur|196\/363|[from] item: Black Sludge
|upkeep
|turn|35
|choice|move sludgebomb|move sludgebomb
|
|move|p1a: Tempest Kick|Sludge Bomb|p2a: Venusaur
|-damage|p2a: Venusaur|85\/363
|move|p2a: Venusaur|Sludge Bomb|p1a: Tempest Kick
|-damage|p1a: Tempest Kick|82\/364
|
|-heal|p2a: Venusaur|107\/363|[from] item: Black Sludge
|upkeep
|turn|36
|J|Feliburn
|choice|move sludgebomb|move sludgebomb
|
|move|p2a: Venusaur|Sludge Bomb|p1a: Tempest Kick
|-damage|p1a: Tempest Kick|0 fnt
|faint|p1a: Tempest Kick
|
|-heal|p2a: Venusaur|129\/363|[from] item: Black Sludge
|upkeep
|choice|switch 2|
|
|switch|p1a: Freezinate|Glalie-Mega, M, shiny|301\/301
|turn|37
|choice|move freezedry|move synthesis
|
|move|p1a: Freezinate|Freeze-Dry|p2a: Venusaur
|-supereffective|p2a: Venusaur
|-crit|p2a: Venusaur
|-damage|p2a: Venusaur|0 fnt
|faint|p2a: Venusaur
|
|upkeep
|choice||switch 4
|
|switch|p2a: Aromatisse|Aromatisse, F|406\/406
|-damage|p2a: Aromatisse|356\/406|[from] Spikes
|turn|38
|choice|move doubleedge|move wish
|
|move|p1a: Freezinate|Double-Edge|p2a: Aromatisse
|-crit|p2a: Aromatisse
|-damage|p2a: Aromatisse|49\/406
|-damage|p1a: Freezinate|200\/301|[from] recoil|[of] p2a: Aromatisse
|move|p2a: Aromatisse|Wish|p2a: Aromatisse
|
|-heal|p2a: Aromatisse|74\/406|[from] item: Leftovers
|upkeep
|turn|39
|choice|move spikes|move protect
|
|move|p2a: Aromatisse|Protect|p2a: Aromatisse
|-singleturn|p2a: Aromatisse|Protect
|move|p1a: Freezinate|Spikes|p2a: Aromatisse
|-sidestart|p2: The MJ show|Spikes
|
|-heal|p2a: Aromatisse|277\/406|[from] move: Wish|[wisher] Aromatisse
|-heal|p2a: Aromatisse|302\/406|[from] item: Leftovers
|upkeep
|turn|40
|choice|switch 6|move wish
|
|switch|p1a: Guard Shift|Uxie|219\/353 tox
|move|p2a: Aromatisse|Wish|p2a: Aromatisse
|
|-heal|p1a: Guard Shift|241\/353 tox|[from] item: Leftovers
|-heal|p2a: Aromatisse|327\/406|[from] item: Leftovers
|-damage|p1a: Guard Shift|219\/353 tox|[from] psn
|upkeep
|turn|41
|choice|move yawn|move moonblast
|
|move|p1a: Guard Shift|Yawn|p2a: Aromatisse
|-start|p2a: Aromatisse|move: Yawn|[of] p1a: Guard Shift
|move|p2a: Aromatisse|Moonblast|p1a: Guard Shift
|-damage|p1a: Guard Shift|137\/353 tox
|
|-heal|p2a: Aromatisse|406\/406|[from] move: Wish|[wisher] Aromatisse
|-heal|p1a: Guard Shift|159\/353 tox|[from] item: Leftovers
|-damage|p1a: Guard Shift|115\/353 tox|[from] psn
|upkeep
|turn|42
|choice|move yawn|switch 6
|
|switch|p2a: Flygon|Flygon, M|289\/329
|move|p1a: Guard Shift|Yawn|p2a: Flygon
|-start|p2a: Flygon|move: Yawn|[of] p1a: Guard Shift
|
|-heal|p2a: Flygon|309\/329|[from] item: Leftovers
|-heal|p1a: Guard Shift|137\/353 tox|[from] item: Leftovers
|-damage|p1a: Guard Shift|71\/353 tox|[from] psn
|upkeep
|turn|43
|choice|move stealthrock|move defog
|
|move|p2a: Flygon|Defog|p1a: Guard Shift
|-unboost|p1a: Guard Shift|evasion|1
|-sideend|p2: The MJ show|Spikes|[from] move: Defog|[of] p2a: Flygon
|move|p1a: Guard Shift|Stealth Rock|p2a: Flygon
|-sidestart|p2: The MJ show|move: Stealth Rock
|
|-end|p2a: Flygon|move: Yawn|[silent]
|-status|p2a: Flygon|slp
|-heal|p2a: Flygon|329\/329 slp|[from] item: Leftovers
|-heal|p1a: Guard Shift|93\/353 tox|[from] item: Leftovers
|-damage|p1a: Guard Shift|5\/353 tox|[from] psn
|upkeep
|turn|44
|choice|move uturn|move uturn
|
|cant|p2a: Flygon|slp
|move|p1a: Guard Shift|U-turn|p2a: Flygon
|-damage|p2a: Flygon|279\/329 slp
|choice|switch 5|
|
|switch|p1a: Back Slash|Diancie, shiny|230\/269
|
|-heal|p2a: Flygon|299\/329 slp|[from] item: Leftovers
|upkeep
|turn|45
|choice|move moonblast|switch 6
|
|switch|p2a: Aromatisse|Aromatisse, F|406\/406
|-damage|p2a: Aromatisse|356\/406|[from] Stealth Rock
|move|p1a: Back Slash|Moonblast|p2a: Aromatisse
|-damage|p2a: Aromatisse|83\/406
|
|-heal|p2a: Aromatisse|108\/406|[from] item: Leftovers
|upkeep
|turn|46
|choice|move moonblast|move protect
|
|move|p2a: Aromatisse|Protect|p2a: Aromatisse
|-singleturn|p2a: Aromatisse|Protect
|move|p1a: Back Slash|Moonblast|p2a: Aromatisse
|-activate|p2a: Aromatisse|move: Protect
|
|-heal|p2a: Aromatisse|133\/406|[from] item: Leftovers
|upkeep
|turn|47
|choice|move moonblast|move wish
|
|move|p1a: Back Slash|Moonblast|p2a: Aromatisse
|-damage|p2a: Aromatisse|0 fnt
|faint|p2a: Aromatisse
|
|upkeep
|choice||switch 2
|
|switch|p2a: Alomomola|Alomomola, F|501\/501
|-damage|p2a: Alomomola|439\/501|[from] Stealth Rock
|turn|48
|choice|move moonblast|move wish
|
|move|p1a: Back Slash|Moonblast|p2a: Alomomola
|-damage|p2a: Alomomola|138\/501
|move|p2a: Alomomola|Wish|p2a: Alomomola
|
|-heal|p2a: Alomomola|169\/501|[from] item: Leftovers
|upkeep
|turn|49
|choice|move moonblast|move protect
|
|move|p2a: Alomomola|Protect|p2a: Alomomola
|-singleturn|p2a: Alomomola|Protect
|move|p1a: Back Slash|Moonblast|p2a: Alomomola
|-activate|p2a: Alomomola|move: Protect
|
|-heal|p2a: Alomomola|419\/501|[from] move: Wish|[wisher] Alomomola
|-heal|p2a: Alomomola|450\/501|[from] item: Leftovers
|upkeep
|turn|50
|choice|move moonblast|move scald
|
|move|p1a: Back Slash|Moonblast|p2a: Alomomola
|-damage|p2a: Alomomola|183\/501
|-unboost|p2a: Alomomola|spa|1
|move|p2a: Alomomola|Scald|p1a: Back Slash
|-supereffective|p1a: Back Slash
|-damage|p1a: Back Slash|188\/269
|
|-heal|p2a: Alomomola|214\/501|[from] item: Leftovers
|upkeep
|turn|51
|choice|move moonblast|move protect
|
|move|p2a: Alomomola|Protect|p2a: Alomomola
|-singleturn|p2a: Alomomola|Protect
|move|p1a: Back Slash|Moonblast|p2a: Alomomola
|-activate|p2a: Alomomola|move: Protect
|
|-heal|p2a: Alomomola|245\/501|[from] item: Leftovers
|upkeep
|turn|52
|choice|move moonblast|switch 6
|
|switch|p2a: Flygon|Flygon, M|299\/329 slp
|-damage|p2a: Flygon|279\/329 slp|[from] Stealth Rock
|move|p1a: Back Slash|Moonblast|p2a: Flygon
|-supereffective|p2a: Flygon
|-damage|p2a: Flygon|0 fnt
|faint|p2a: Flygon
|
|upkeep
|choice||switch 6
|
|switch|p2a: Alomomola|Alomomola, F|412\/501
|-damage|p2a: Alomomola|350\/501|[from] Stealth Rock
|turn|53
|choice|move moonblast|move protect
|
|move|p2a: Alomomola|Protect|p2a: Alomomola
|-singleturn|p2a: Alomomola|Protect
|move|p1a: Back Slash|Moonblast|p2a: Alomomola
|-activate|p2a: Alomomola|move: Protect
|
|-heal|p2a: Alomomola|381\/501|[from] item: Leftovers
|upkeep
|turn|54
|choice|move moonblast|move wish
|
|move|p1a: Back Slash|Moonblast|p2a: Alomomola
|-damage|p2a: Alomomola|74\/501
|move|p2a: Alomomola|Wish|p2a: Alomomola
|
|-heal|p2a: Alomomola|105\/501|[from] item: Leftovers
|upkeep
|turn|55
|choice|switch 4|move protect
|
|switch|p1a: Thunder Bullet|Magneton|201\/301 slp
|move|p2a: Alomomola|Protect|p2a: Alomomola
|-fail|p2a: Alomomola
|
|-heal|p2a: Alomomola|355\/501|[from] move: Wish|[wisher] Alomomola
|-heal|p2a: Alomomola|386\/501|[from] item: Leftovers
|upkeep
|turn|56
|choice|move sleeptalk|move wish
|
|cant|p1a: Thunder Bullet|slp
|move|p1a: Thunder Bullet|Sleep Talk|p1a: Thunder Bullet
|move|p1a: Thunder Bullet|Thunderbolt|p2a: Alomomola|[from]Sleep Talk
|-supereffective|p2a: Alomomola
|-damage|p2a: Alomomola|0 fnt
|faint|p2a: Alomomola
|
|upkeep
|choice||switch 3
|
|switch|p2a: Delphox|Delphox, M|191\/292
|-damage|p2a: Delphox|118\/292|[from] Stealth Rock
|turn|57
|c|☆slurmz!|gg
|c|☆slurmz!|wp
|c|☆The MJ show|gg
|c|☆slurmz!|gl in other cups
|choice|move thunderbolt|move calmmind
|
|move|p2a: Delphox|Calm Mind|p2a: Delphox
|-boost|p2a: Delphox|spa|1
|-boost|p2a: Delphox|spd|1
|-curestatus|p1a: Thunder Bullet|slp|[msg]
|move|p1a: Thunder Bullet|Thunderbolt|p2a: Delphox
|-damage|p2a: Delphox|16\/292
|
|upkeep
|turn|58
|c|☆The MJ show|thx
|choice|move thunderbolt|move fireblast
|
|move|p2a: Delphox|Fire Blast|p1a: Thunder Bullet
|-supereffective|p1a: Thunder Bullet
|-damage|p1a: Thunder Bullet|0 fnt
|-damage|p2a: Delphox|0 fnt|[from] item: Life Orb
|faint|p1a: Thunder Bullet
|faint|p2a: Delphox
|
|win|slurmz!
|L|The MJ show
|J|The MJ show
|L|slurmz!</script>
</div>
<div class="battle-log battle-log-inline"><div class="inner"><div class="battle-options"></div><div class="inner"><div class="chat message-error">Battle timer is ON: inactive players will automatically lose when time's up.</div><div class=""><small>Format:</small> <br><strong>RU</strong></div><div class=""><small><em>Sleep Clause Mod:</em> Limit one foe put to sleep</small></div><div class=""><small><em>Species Clause:</em> Limit one of each Pokémon</small></div><div class=""><small><em>OHKO Clause:</em> OHKO moves are banned</small></div><div class=""><small><em>Moody Clause:</em> Moody is banned</small></div><div class=""><small><em>Evasion Moves Clause:</em> Evasion moves are banned</small></div><div class=""><small><em>Endless Battle Clause:</em> Forcing endless battles is banned</small></div><div class=""><small><em>HP Percentage Mod:</em> HP is shown in percentages</small></div><div class=""><small><em>Swagger Clause:</em> Swagger is banned</small></div><div class=""><small><em>Baton Pass Clause:</em> Limit one Baton Passer, can't pass Spe and other stats simultaneously</small></div><div class="chat battle-history"><strong>slurmz!'s team:</strong> <em style="color:#445566;display:block;">Glalie / Uxie / Flygon / Magneton / Diancie / Venusaur</em></div><div class="chat battle-history"><strong>The MJ show's team:</strong> <em style="color:#445566;display:block;">Registeel / Alomomola / Venusaur / Aromatisse / Flygon / Delphox</em></div><div class="spacer battle-history"><br></div><div class="battle-history">Battle started between slurmz! and The MJ show!<br></div><div class="spacer battle-history"><br></div><div class="battle-history">Go! Guard Shift (<strong>Uxie</strong>)!<br></div><div class="spacer battle-history"><br></div><div class="battle-history">The MJ show sent out <strong>Registeel</strong>!<br></div><div class="spacer battle-history"><br></div><h2 class="battle-history">Turn 1</h2><div class="spacer battle-history"><br></div><div class="battle-history">Guard Shift used <strong>Yawn</strong>!<br></div><div class="battle-history"><small>The opposing Registeel grew drowsy!</small><br></div><div class="spacer battle-history"><br></div><div class="battle-history">The opposing Registeel used <strong>Toxic</strong>!<br></div><div class="battle-history"><small>Guard Shift was badly poisoned!</small><br></div><div class="spacer battle-history"><br></div><div class="battle-history"><small>Guard Shift was hurt by poison!</small><br></div><div class="spacer battle-history"><br></div><h2 class="battle-history">Turn 2</h2><div class="spacer battle-history"><br></div><div class="battle-history">The MJ show withdrew Registeel!<br></div><div class="battle-history">The MJ show sent out <strong>Aromatisse</strong>!<br></div><div class="spacer battle-history"><br></div><div class="battle-history">Guard Shift used <strong>Stealth Rock</strong>!<br></div><div class="battle-history"><small>Pointed stones float in the air around the opposing team!</small><br></div><div class="spacer battle-history"><br></div><div class="battle-history"><small>Guard Shift restored a little HP using its Leftovers!</small><br></div><div class="battle-history"><small>Guard Shift was hurt by poison!</small><br></div><div class="spacer battle-history"><br></div><h2 class="battle-history">Turn 3</h2><div class="spacer battle-history"><br></div><div class="battle-history">Guard Shift used <strong>U-turn</strong>!<br></div><div class="battle-history"><small>It's not very effective...</small><br></div><div class="battle-history"><small>(The opposing Aromatisse lost <abbr title="−18/406">4.4%</abbr> of its health!)</small><br></div><div class="spacer battle-history"><br></div><div class="battle-history">Guard Shift went back to slurmz!!<br></div><div class="battle-history">Go! Thunder Bullet (<strong>Magneton</strong>)!<br></div><div class="spacer battle-history"><br></div><div class="battle-history">The opposing Aromatisse used <strong>Wish</strong>!<br></div><div class="spacer battle-history"><br></div><div class="battle-history"><small>The opposing Aromatisse restored a little HP using its Leftovers!</small><br></div><div class="spacer battle-history"><br></div><h2 class="battle-history">Turn 4</h2><div class="spacer battle-history"><br></div><div class="battle-history">The MJ show withdrew Aromatisse!<br></div><div class="battle-history">The MJ show sent out <strong>Venusaur</strong>!<br></div><div class="battle-history"><small>Pointed stones dug into the opposing Venusaur!</small><br></div><div class="spacer battle-history"><br></div><div class="battle-history">Thunder Bullet used <strong>Flash Cannon</strong>!<br></div><div class="battle-history"><small>(The opposing Venusaur lost <abbr title="−133/363">36.6%</abbr> of its health!)</small><br></div><div class="spacer battle-history"><br></div><div class="battle-history"><small>Aromatisse's wish came true!</small><br></div><div class="spacer battle-history"><br></div><h2 class="battle-history">Turn 5</h2><div class="spacer battle-history"><br></div><div class="battle-history">Thunder Bullet, come back!<br></div><div class="battle-history">Go! Guard Shift (<strong>Uxie</strong>)!<br></div><div class="spacer battle-history"><br></div><div class="battle-history">The opposing Venusaur used <strong>Sludge Bomb</strong>!<br></div><div class="battle-history"><small>(Guard Shift lost <abbr title="−90/353">25.5%</abbr> of its health!)</small><br></div><div class="spacer battle-history"><br></div><div class="battle-history"><small>Guard Shift restored a little HP using its Leftovers!</small><br></div><div class="battle-history"><small>Guard Shift was hurt by poison!</small><br></div><div class="spacer battle-history"><br></div><h2 class="battle-history">Turn 6</h2><div class="spacer battle-history"><br></div><div class="battle-history">The MJ show withdrew Venusaur!<br></div><div class="battle-history">The MJ show sent out <strong>Aromatisse</strong>!<br></div><div class="battle-history"><small>Pointed stones dug into the opposing Aromatisse!</small><br></div><div class="spacer battle-history"><br></div><div class="battle-history">Guard Shift used <strong>U-turn</strong>!<br></div><div class="battle-history"><small>It's not very effective...</small><br></div><div class="battle-history"><small>(The opposing Aromatisse lost <abbr title="−16/406">3.9%</abbr> of its health!)</small><br></div><div class="spacer battle-history"><br></div><div class="battle-history">Guard Shift went back to slurmz!!<br></div><div class="battle-history">Go! Tempest Kick (<strong>Venusaur</strong>)!<br></div><div class="spacer battle-history"><br></div><div class="battle-history"><small>The opposing Aromatisse restored a little HP using its Leftovers!</small><br></div><div class="spacer battle-history"><br></div><h2 class="battle-history">Turn 7</h2><div class="spacer battle-history"><br></div><div class="battle-history">Tempest Kick, come back!<br></div><div class="battle-history">Go! Thunder Bullet (<strong>Magneton</strong>)!<br></div><div class="spacer battle-history"><br></div><div class="battle-history">The opposing Aromatisse used <strong>Protect</strong>!<br></div><div class="battle-history"><small>But it failed!</small><br></div><div class="spacer battle-history"><br></div><div class="battle-history"><small>The opposing Aromatisse restored a little HP using its Leftovers!</small><br></div><div class="spacer battle-history"><br></div><h2 class="battle-history">Turn 8</h2><div class="spacer battle-history"><br></div><div class="battle-history">The opposing Aromatisse used <strong>Protect</strong>!<br></div><div class="battle-history"><small>The opposing Aromatisse protected itself!</small><br></div><div class="spacer battle-history"><br></div><div class="battle-history">Thunder Bullet used <strong>Flash Cannon</strong>!<br></div><div class="battle-history"><small>The opposing Aromatisse protected itself!</small><br></div><div class="spacer battle-history"><br></div><div class="battle-history"><small>The opposing Aromatisse restored a little HP using its Leftovers!</small><br></div><div class="spacer battle-history"><br></div><h2 class="battle-history">Turn 9</h2><div class="spacer battle-history"><br></div><div class="battle-history">The MJ show withdrew Aromatisse!<br></div><div class="battle-history">The MJ show sent out <strong>Registeel</strong>!<br></div><div class="battle-history"><small>Pointed stones dug into the opposing Registeel!</small><br></div><div class="spacer battle-history"><br></div><div class="battle-history">Thunder Bullet used <strong>Flash Cannon</strong>!<br></div><div class="battle-history"><small>It's not very effective...</small><br></div><div class="battle-history"><small>(The opposing Registeel lost <abbr title="−40/364">11.0%</abbr> of its health!)</small><br></div><div class="spacer battle-history"><br></div><div class="battle-history"><small>The opposing Registeel restored a little HP using its Leftovers!</small><br></div><div class="spacer battle-history"><br></div><h2 class="battle-history">Turn 10</h2><div class="spacer battle-history"><br></div><div class="battle-history">Thunder Bullet used <strong>Thunderbolt</strong>!<br></div><div class="battle-history"><small>(The opposing Registeel lost <abbr title="−96/364">26.4%</abbr> of its health!)</small><br></div><div class="spacer battle-history"><br></div><div class="battle-history">The opposing Registeel used <strong>Stealth Rock</strong>!<br></div><div class="battle-history"><small>Pointed stones float in the air around your team!</small><br></div><div class="spacer battle-history"><br></div><div class="battle-history"><small>The opposing Registeel restored a little HP using its Leftovers!</small><br></div><div class="spacer battle-history"><br></div><h2 class="battle-history">Turn 11</h2><div class="spacer battle-history"><br></div><div class="battle-history">The opposing Registeel used <strong>Protect</strong>!<br></div><div class="battle-history"><small>The opposing Registeel protected itself!</small><br></div><div class="spacer battle-history"><br></div><div class="battle-history">Thunder Bullet used <strong>Thunderbolt</strong>!<br></div><div class="battle-history"><small>The opposing Registeel protected itself!</small><br></div><div class="spacer battle-history"><br></div><div class="battle-history"><small>The opposing Registeel restored a little HP using its Leftovers!</small><br></div><div class="spacer battle-history"><br></div><h2 class="battle-history">Turn 12</h2><div class="spacer battle-history"><br></div><div class="battle-history">Thunder Bullet used <strong>Thunderbolt</strong>!<br></div><div class="battle-history"><small>(The opposing Registeel lost <abbr title="−90/364">24.7%</abbr> of its health!)</small><br></div><div class="spacer battle-history"><br></div><div class="battle-history">The opposing Registeel used <strong>Seismic Toss</strong>!<br></div><div class="battle-history"><small>(Thunder Bullet lost <abbr title="−100/301">33.2%</abbr> of its health!)</small><br></div><div class="spacer battle-history"><br></div><div class="battle-history"><small>The opposing Registeel restored a little HP using its Leftovers!</small><br></div><div class="spacer battle-history"><br></div><h2 class="battle-history">Turn 13</h2><div class="spacer battle-history"><br></div><div class="battle-history">The opposing Registeel used <strong>Protect</strong>!<br></div><div class="battle-history"><small>The opposing Registeel protected itself!</small><br></div><div class="spacer battle-history"><br></div><div class="battle-history">Thunder Bullet used <strong>Flash Cannon</strong>!<br></div><div class="battle-history"><small>The opposing Registeel protected itself!</small><br></div><div class="spacer battle-history"><br></div><div class="battle-history"><small>The opposing Registeel restored a little HP using its Leftovers!</small><br></div><div class="spacer battle-history"><br></div><h2 class="battle-history">Turn 14</h2><div class="spacer battle-history"><br></div><div class="battle-history">Thunder Bullet used <strong>Thunderbolt</strong>!<br></div><div class="battle-history"><small>(The opposing Registeel lost <abbr title="−85/364">23.4%</abbr> of its health!)</small><br></div><div class="spacer battle-history"><br></div><div class="battle-history">The opposing Registeel used <strong>Seismic Toss</strong>!<br></div><div class="battle-history"><small>(Thunder Bullet lost <abbr title="−100/301">33.2%</abbr> of its health!)</small><br></div><div class="spacer battle-history"><br></div><div class="battle-history"><small>The opposing Registeel restored a little HP using its Leftovers!</small><br></div><div class="spacer battle-history"><br></div><h2 class="battle-history">Turn 15</h2><div class="spacer battle-history"><br></div><div class="battle-history">Thunder Bullet used <strong>Thunderbolt</strong>!<br></div><div class="battle-history"><small>A critical hit!</small><br></div><div class="battle-history"><small>(The opposing Registeel lost <abbr title="−144/364">39.6%</abbr> of its health!)</small><br></div><div class="spacer battle-history"><br></div><div class="battle-history">The opposing Registeel used <strong>Seismic Toss</strong>!<br></div><div class="battle-history"><small>(Thunder Bullet lost <abbr title="−100/301">33.2%</abbr> of its health!)</small><br></div><div class="spacer battle-history"><br></div><div class="battle-history"><small>The opposing Registeel restored a little HP using its Leftovers!</small><br></div><div class="spacer battle-history"><br></div><h2 class="battle-history">Turn 16</h2><div class="spacer battle-history"><br></div><div class="battle-history">Thunder Bullet used <strong>Rest</strong>!<br></div><div class="battle-history"><small>Thunder Bullet fell asleep!</small><br></div><div class="battle-history"><small>Thunder Bullet slept and became healthy!</small><br></div><div class="spacer battle-history"><br></div><div class="battle-history">The opposing Registeel used <strong>Seismic Toss</strong>!<br></div><div class="battle-history"><small>(Thunder Bullet lost <abbr title="−100/301">33.2%</abbr> of its health!)</small><br></div><div class="spacer battle-history"><br></div><div class="battle-history"><small>The opposing Registeel restored a little HP using its Leftovers!</small><br></div><div class="spacer battle-history"><br></div><h2 class="battle-history">Turn 17</h2><div class="spacer battle-history"><br></div><div class="battle-history">Thunder Bullet is fast asleep.<br></div><div class="spacer battle-history"><br></div><div class="battle-history">Thunder Bullet used <strong>Sleep Talk</strong>!<br></div><div class="spacer battle-history"><br></div><div class="battle-history">Thunder Bullet used <strong>Thunderbolt</strong>!<br></div><div class="battle-history"><small>(The opposing Registeel lost <abbr title="−63/364">17.3%</abbr> of its health!)</small><br></div><div class="spacer battle-history"><br></div><div class="battle-history">The opposing Registeel fainted!<br></div><div class="spacer battle-history"><br></div><div class="battle-history">The MJ show sent out <strong>Flygon</strong>!<br></div><div class="battle-history"><small>Pointed stones dug into the opposing Flygon!</small><br></div><div class="spacer battle-history"><br></div><h2 class="battle-history">Turn 18</h2><div class="spacer battle-history"><br></div><div class="battle-history">Thunder Bullet, come back!<br></div><div class="battle-history">Go! Tempest Kick (<strong>Venusaur</strong>)!<br></div><div class="battle-history"><small>Pointed stones dug into Tempest Kick!</small><br></div><div class="spacer battle-history"><br></div><div class="battle-history">The opposing Flygon used <strong>Defog</strong>!<br></div><div class="battle-history"><small>Tempest Kick's evasiveness fell!</small><br></div><div class="battle-history"><small>The pointed stones disappeared from around your team!</small><br></div><div class="battle-history"><small>The pointed stones disappeared from around the opposing team!</small><br></div><div class="spacer battle-history"><br></div><div class="battle-history"><small>The opposing Flygon restored a little HP using its Leftovers!</small><br></div><div class="battle-history"><small>Tempest Kick restored a little HP using its Black Sludge!</small><br></div><div class="spacer battle-history"><br></div><h2 class="battle-history">Turn 19</h2><div class="spacer battle-history"><br></div><div class="battle-history">The opposing Flygon used <strong>Earthquake</strong>!<br></div><div class="battle-history"><small>(Tempest Kick lost <abbr title="−120/364">33.0%</abbr> of its health!)</small><br></div><div class="spacer battle-history"><br></div><div class="battle-history">Tempest Kick used <strong>Sludge Bomb</strong>!<br></div><div class="battle-history"><small>It's not very effective...</small><br></div><div class="battle-history"><small>(The opposing Flygon lost <abbr title="−60/329">18.2%</abbr> of its health!)</small><br></div><div class="spacer battle-history"><br></div><div class="battle-history"><small>The opposing Flygon restored a little HP using its Leftovers!</small><br></div><div class="battle-history"><small>Tempest Kick restored a little HP using its Black Sludge!</small><br></div><div class="spacer battle-history"><br></div><h2 class="battle-history">Turn 20</h2><div class="spacer battle-history"><br></div><div class="battle-history">The opposing Flygon used <strong>U-turn</strong>!<br></div><div class="battle-history"><small>(Tempest Kick lost <abbr title="−61/364">16.8%</abbr> of its health!)</small><br></div><div class="spacer battle-history"><br></div><div class="battle-history">The opposing Flygon went back to The MJ show!<br></div><div class="battle-history">The MJ show sent out <strong>Delphox</strong>!<br></div><div class="spacer battle-history"><br></div><div class="battle-history">Tempest Kick used <strong>Synthesis</strong>!<br></div><div class="battle-history"><small>Tempest Kick restored its HP.</small><br></div><div class="spacer battle-history"><br></div><h2 class="battle-history">Turn 21</h2><div class="spacer battle-history"><br></div><div class="battle-history">Tempest Kick, come back!<br></div><div class="battle-history">Go! Summon Wind (<strong>Flygon</strong>)!<br></div><div class="spacer battle-history"><br></div><div class="battle-history">The opposing Delphox used <strong>Psychic</strong>!<br></div><div class="battle-history"><small>(Summon Wind lost <abbr title="−227/301">75.4%</abbr> of its health!)</small><br></div><div class="battle-history"><small>The opposing Delphox lost some of its HP!</small><br></div><div class="spacer battle-history"><br></div><h2 class="battle-history">Turn 22</h2><div class="spacer battle-history"><br></div><div class="battle-history">The MJ show withdrew Delphox!<br></div><div class="battle-history">The MJ show sent out <strong>Alomomola</strong>!<br></div><div class="spacer battle-history"><br></div><div class="battle-history">Summon Wind used <strong>Earthquake</strong>!<br></div><div class="battle-history"><small>(The opposing Alomomola lost <abbr title="−130/501">25.9%</abbr> of its health!)</small><br></div><div class="spacer battle-history"><br></div><div class="battle-history"><small>The opposing Alomomola restored a little HP using its Leftovers!</small><br></div><div class="spacer battle-history"><br></div><h2 class="battle-history">Turn 23</h2><div class="spacer battle-history"><br></div><div class="battle-history">Summon Wind, come back!<br></div><div class="battle-history">Go! Tempest Kick (<strong>Venusaur</strong>)!<br></div><div class="spacer battle-history"><br></div><div class="battle-history">The opposing Alomomola used <strong>Wish</strong>!<br></div><div class="spacer battle-history"><br></div><div class="battle-history"><small>The opposing Alomomola restored a little HP using its Leftovers!</small><br></div><div class="spacer battle-history"><br></div><h2 class="battle-history">Turn 24</h2><div class="spacer battle-history"><br></div><div class="battle-history">The MJ show withdrew Alomomola!<br></div><div class="battle-history">The MJ show sent out <strong>Delphox</strong>!<br></div><div class="spacer battle-history"><br></div><div class="battle-history">Tempest Kick used <strong>Leech Seed</strong>!<br></div><div class="battle-history"><small>The opposing Delphox was seeded!</small><br></div><div class="spacer battle-history"><br></div><div class="battle-history"><small>Alomomola's wish came true!</small><br></div><div class="battle-history"><small>The opposing Delphox's health is sapped by Leech Seed!</small><br></div><div class="spacer battle-history"><br></div><h2 class="battle-history">Turn 25</h2><div class="spacer battle-history"><br></div><div class="battle-history">Tempest Kick, come back!<br></div><div class="battle-history">Go! Back Slash (<strong>Diancie</strong>)!<br></div><div class="spacer battle-history"><br></div><div class="battle-history">The opposing Delphox used <strong>Fire Blast</strong>!<br></div><div class="battle-history"><small>It's not very effective...</small><br></div><div class="battle-history"><small>(Back Slash lost <abbr title="−75/269">27.9%</abbr> of its health!)</small><br></div><div class="battle-history"><small>The opposing Delphox lost some of its HP!</small><br></div><div class="spacer battle-history"><br></div><div class="battle-history"><small>The opposing Delphox's health is sapped by Leech Seed!</small><br></div><div class="spacer battle-history"><br></div><h2 class="battle-history">Turn 26</h2><div class="spacer battle-history"><br></div><div class="battle-history">The MJ show withdrew Delphox!<br></div><div class="battle-history">The MJ show sent out <strong>Venusaur</strong>!<br></div><div class="spacer battle-history"><br></div><div class="battle-history">Back Slash used <strong>Psychic</strong>!<br></div><div class="battle-history"><small>It's super effective!</small><br></div><div class="battle-history"><small>(The opposing Venusaur lost <abbr title="−308/363">84.8%</abbr> of its health!)</small><br></div><div class="spacer battle-history"><br></div><div class="battle-history"><small>The opposing Venusaur restored a little HP using its Black Sludge!</small><br></div><div class="spacer battle-history"><br></div><h2 class="battle-history">Turn 27</h2><div class="spacer battle-history"><br></div><div class="battle-history">Back Slash, come back!<br></div><div class="battle-history">Go! Tempest Kick (<strong>Venusaur</strong>)!<br></div><div class="spacer battle-history"><br></div><div class="battle-history">The opposing Venusaur used <strong>Synthesis</strong>!<br></div><div class="battle-history"><small>The opposing Venusaur restored its HP.</small><br></div><div class="spacer battle-history"><br></div><div class="battle-history"><small>The opposing Venusaur restored a little HP using its Black Sludge!</small><br></div><div class="spacer battle-history"><br></div><h2 class="battle-history">Turn 28</h2><div class="spacer battle-history"><br></div><div class="battle-history">Tempest Kick used <strong>Sludge Bomb</strong>!<br></div><div class="battle-history"><small>(The opposing Venusaur lost <abbr title="−103/363">28.4%</abbr> of its health!)</small><br></div><div class="spacer battle-history"><br></div><div class="battle-history">The opposing Venusaur used <strong>Knock Off</strong>!<br></div><div class="battle-history"><small>(Tempest Kick lost <abbr title="−51/364">14.0%</abbr> of its health!)</small><br></div><div class="battle-history"><small>The opposing Venusaur knocked off Tempest Kick's Black Sludge!</small><br></div><div class="spacer battle-history"><br></div><div class="battle-history"><small>The opposing Venusaur restored a little HP using its Black Sludge!</small><br></div><div class="spacer battle-history"><br></div><h2 class="battle-history">Turn 29</h2><div class="spacer battle-history"><br></div><div class="battle-history">Tempest Kick, come back!<br></div><div class="battle-history">Go! Freezinate (<strong>Glalie</strong>)!<br></div><div class="spacer battle-history"><br></div><div class="battle-history">The opposing Venusaur used <strong>Synthesis</strong>!<br></div><div class="battle-history"><small>The opposing Venusaur restored its HP.</small><br></div><div class="spacer battle-history"><br></div><h2 class="battle-history">Turn 30</h2><div class="spacer battle-history"><br></div><div class="battle-history">The MJ show withdrew Venusaur!<br></div><div class="battle-history">The MJ show sent out <strong>Alomomola</strong>!<br></div><div class="spacer battle-history"><br></div><div class="battle-history"><small>Freezinate's Glalitite is reacting to slurmz!'s Mega Bracelet!</small><br>Freezinate has Mega Evolved into Mega Glalie!<br></div><div class="spacer battle-history"><br></div><div class="battle-history">Freezinate used <strong>Spikes</strong>!<br></div><div class="battle-history"><small>Spikes were scattered on the ground all around the opposing team!</small><br></div><div class="spacer battle-history"><br></div><h2 class="battle-history">Turn 31</h2><div class="spacer battle-history"><br></div><div class="battle-history">Freezinate, come back!<br></div><div class="battle-history">Go! Tempest Kick (<strong>Venusaur</strong>)!<br></div><div class="spacer battle-history"><br></div><div class="battle-history">The opposing Alomomola used <strong>Scald</strong>!<br></div><div class="battle-history"><small>It's not very effective...</small><br></div><div class="battle-history"><small>(Tempest Kick lost <abbr title="−21/364">5.8%</abbr> of its health!)</small><br></div><div class="spacer battle-history"><br></div><h2 class="battle-history">Turn 32</h2><div class="spacer battle-history"><br></div><div class="battle-history">The MJ show withdrew Alomomola!<br></div><div class="battle-history">The MJ show sent out <strong>Venusaur</strong>!<br></div><div class="battle-history"><small>The opposing Venusaur is hurt by the spikes!</small><br></div><div class="spacer battle-history"><br></div><div class="battle-history">Tempest Kick used <strong>Sludge Bomb</strong>!<br></div><div class="battle-history"><small>(The opposing Venusaur lost <abbr title="−111/363">30.6%</abbr> of its health!)</small><br></div><div class="spacer battle-history"><br></div><div class="battle-history"><small>The opposing Venusaur restored a little HP using its Black Sludge!</small><br></div><div class="spacer battle-history"><br></div><h2 class="battle-history">Turn 33</h2><div class="spacer battle-history"><br></div><div class="battle-history">The opposing Venusaur used <strong>Sludge Bomb</strong>!<br></div><div class="battle-history"><small>(Tempest Kick lost <abbr title="−105/364">28.8%</abbr> of its health!)</small><br></div><div class="spacer battle-history"><br></div><div class="battle-history">Tempest Kick used <strong>Sludge Bomb</strong>!<br></div><div class="battle-history"><small>A critical hit!</small><br></div><div class="battle-history"><small>(The opposing Venusaur lost <abbr title="−153/363">42.1%</abbr> of its health!)</small><br></div><div class="spacer battle-history"><br></div><div class="battle-history"><small>The opposing Venusaur restored a little HP using its Black Sludge!</small><br></div><div class="spacer battle-history"><br></div><h2 class="battle-history">Turn 34</h2><div class="spacer battle-history"><br></div><div class="battle-history">The opposing Venusaur used <strong>Synthesis</strong>!<br></div><div class="battle-history"><small>The opposing Venusaur restored its HP.</small><br></div><div class="spacer battle-history"><br></div><div class="battle-history">Tempest Kick used <strong>Sludge Bomb</strong>!<br></div><div class="battle-history"><small>(The opposing Venusaur lost <abbr title="−105/363">28.9%</abbr> of its health!)</small><br></div><div class="spacer battle-history"><br></div><div class="battle-history"><small>The opposing Venusaur restored a little HP using its Black Sludge!</small><br></div><div class="spacer battle-history"><br></div><h2 class="battle-history">Turn 35</h2><div class="spacer battle-history"><br></div><div class="battle-history">Tempest Kick used <strong>Sludge Bomb</strong>!<br></div><div class="battle-history"><small>(The opposing Venusaur lost <abbr title="−111/363">30.6%</abbr> of its health!)</small><br></div><div class="spacer battle-history"><br></div><div class="battle-history">The opposing Venusaur used <strong>Sludge Bomb</strong>!<br></div><div class="battle-history"><small>(Tempest Kick lost <abbr title="−105/364">28.8%</abbr> of its health!)</small><br></div><div class="spacer battle-history"><br></div><div class="battle-history"><small>The opposing Venusaur restored a little HP using its Black Sludge!</small><br></div><div class="spacer battle-history"><br></div><h2 class="battle-history">Turn 36</h2><div class="spacer battle-history"><br></div><div class="battle-history">The opposing Venusaur used <strong>Sludge Bomb</strong>!<br></div><div class="battle-history"><small>(Tempest Kick lost <abbr title="−82/364">22.5%</abbr> of its health!)</small><br></div><div class="spacer battle-history"><br></div><div class="battle-history">Tempest Kick fainted!<br></div><div class="spacer battle-history"><br></div><div class="battle-history"><small>The opposing Venusaur restored a little HP using its Black Sludge!</small><br></div><div class="spacer battle-history"><br></div><div class="battle-history">Go! Freezinate (<strong>Glalie-Mega</strong>)!<br></div><div class="spacer battle-history"><br></div><h2 class="battle-history">Turn 37</h2><div class="spacer battle-history"><br></div><div class="battle-history">Freezinate used <strong>Freeze-Dry</strong>!<br></div><div class="battle-history"><small>It's super effective!</small><br></div><div class="battle-history"><small>A critical hit!</small><br></div><div class="battle-history"><small>(The opposing Venusaur lost <abbr title="−129/363">35.5%</abbr> of its health!)</small><br></div><div class="spacer battle-history"><br></div><div class="battle-history">The opposing Venusaur fainted!<br></div><div class="spacer battle-history"><br></div><div class="battle-history">The MJ show sent out <strong>Aromatisse</strong>!<br></div><div class="battle-history"><small>The opposing Aromatisse is hurt by the spikes!</small><br></div><div class="spacer battle-history"><br></div><h2 class="battle-history">Turn 38</h2><div class="spacer battle-history"><br></div><div class="battle-history">Freezinate used <strong>Double-Edge</strong>!<br></div><div class="battle-history"><small>A critical hit!</small><br></div><div class="battle-history"><small>(The opposing Aromatisse lost <abbr title="−307/406">75.6%</abbr> of its health!)</small><br></div><div class="battle-history"><small>Freezinate is damaged by the recoil!</small><br></div><div class="spacer battle-history"><br></div><div class="battle-history">The opposing Aromatisse used <strong>Wish</strong>!<br></div><div class="spacer battle-history"><br></div><div class="battle-history"><small>The opposing Aromatisse restored a little HP using its Leftovers!</small><br></div><div class="spacer battle-history"><br></div><h2 class="battle-history">Turn 39</h2><div class="spacer battle-history"><br></div><div class="battle-history">The opposing Aromatisse used <strong>Protect</strong>!<br></div><div class="battle-history"><small>The opposing Aromatisse protected itself!</small><br></div><div class="spacer battle-history"><br></div><div class="battle-history">Freezinate used <strong>Spikes</strong>!<br></div><div class="battle-history"><small>Spikes were scattered on the ground all around the opposing team!</small><br></div><div class="spacer battle-history"><br></div><div class="battle-history"><small>Aromatisse's wish came true!</small><br></div><div class="battle-history"><small>The opposing Aromatisse restored a little HP using its Leftovers!</small><br></div><div class="spacer battle-history"><br></div><h2 class="battle-history">Turn 40</h2><div class="spacer battle-history"><br></div><div class="battle-history">Freezinate, come back!<br></div><div class="battle-history">Go! Guard Shift (<strong>Uxie</strong>)!<br></div><div class="spacer battle-history"><br></div><div class="battle-history">The opposing Aromatisse used <strong>Wish</strong>!<br></div><div class="spacer battle-history"><br></div><div class="battle-history"><small>Guard Shift restored a little HP using its Leftovers!</small><br></div><div class="battle-history"><small>The opposing Aromatisse restored a little HP using its Leftovers!</small><br></div><div class="battle-history"><small>Guard Shift was hurt by poison!</small><br></div><div class="spacer battle-history"><br></div><h2 class="battle-history">Turn 41</h2><div class="spacer battle-history"><br></div><div class="battle-history">Guard Shift used <strong>Yawn</strong>!<br></div><div class="battle-history"><small>The opposing Aromatisse grew drowsy!</small><br></div><div class="spacer battle-history"><br></div><div class="battle-history">The opposing Aromatisse used <strong>Moonblast</strong>!<br></div><div class="battle-history"><small>(Guard Shift lost <abbr title="−82/353">23.2%</abbr> of its health!)</small><br></div><div class="spacer battle-history"><br></div><div class="battle-history"><small>Aromatisse's wish came true!</small><br></div><div class="battle-history"><small>Guard Shift restored a little HP using its Leftovers!</small><br></div><div class="battle-history"><small>Guard Shift was hurt by poison!</small><br></div><div class="spacer battle-history"><br></div><h2 class="battle-history">Turn 42</h2><div class="spacer battle-history"><br></div><div class="battle-history">The MJ show withdrew Aromatisse!<br></div><div class="battle-history">The MJ show sent out <strong>Flygon</strong>!<br></div><div class="spacer battle-history"><br></div><div class="battle-history">Guard Shift used <strong>Yawn</strong>!<br></div><div class="battle-history"><small>The opposing Flygon grew drowsy!</small><br></div><div class="spacer battle-history"><br></div><div class="battle-history"><small>The opposing Flygon restored a little HP using its Leftovers!</small><br></div><div class="battle-history"><small>Guard Shift restored a little HP using its Leftovers!</small><br></div><div class="battle-history"><small>Guard Shift was hurt by poison!</small><br></div><div class="spacer battle-history"><br></div><h2 class="battle-history">Turn 43</h2><div class="spacer battle-history"><br></div><div class="battle-history">The opposing Flygon used <strong>Defog</strong>!<br></div><div class="battle-history"><small>Guard Shift's evasiveness fell!</small><br></div><div class="battle-history"><small>The spikes disappeared from the ground around the opposing team!</small><br></div><div class="spacer battle-history"><br></div><div class="battle-history">Guard Shift used <strong>Stealth Rock</strong>!<br></div><div class="battle-history"><small>Pointed stones float in the air around the opposing team!</small><br></div><div class="spacer battle-history"><br></div><div class="battle-history"><small>The opposing Flygon fell asleep!</small><br></div><div class="battle-history"><small>The opposing Flygon restored a little HP using its Leftovers!</small><br></div><div class="battle-history"><small>Guard Shift restored a little HP using its Leftovers!</small><br></div><div class="battle-history"><small>Guard Shift was hurt by poison!</small><br></div><div class="spacer battle-history"><br></div><h2 class="battle-history">Turn 44</h2><div class="spacer battle-history"><br></div><div class="battle-history">The opposing Flygon is fast asleep.<br></div><div class="spacer battle-history"><br></div><div class="battle-history">Guard Shift used <strong>U-turn</strong>!<br></div><div class="battle-history"><small>(The opposing Flygon lost <abbr title="−50/329">15.2%</abbr> of its health!)</small><br></div><div class="spacer battle-history"><br></div><div class="battle-history">Guard Shift went back to slurmz!!<br></div><div class="battle-history">Go! Back Slash (<strong>Diancie</strong>)!<br></div><div class="spacer battle-history"><br></div><div class="battle-history"><small>The opposing Flygon restored a little HP using its Leftovers!</small><br></div><div class="spacer battle-history"><br></div><h2 class="battle-history">Turn 45</h2><div class="spacer battle-history"><br></div><div class="battle-history">The MJ show withdrew Flygon!<br></div><div class="battle-history">The MJ show sent out <strong>Aromatisse</strong>!<br></div><div class="battle-history"><small>Pointed stones dug into the opposing Aromatisse!</small><br></div><div class="spacer battle-history"><br></div><div class="battle-history">Back Slash used <strong>Moonblast</strong>!<br></div><div class="battle-history"><small>(The opposing Aromatisse lost <abbr title="−273/406">67.2%</abbr> of its health!)</small><br></div><div class="spacer battle-history"><br></div><div class="battle-history"><small>The opposing Aromatisse restored a little HP using its Leftovers!</small><br></div><div class="spacer battle-history"><br></div><h2 class="battle-history">Turn 46</h2><div class="spacer battle-history"><br></div><div class="battle-history">The opposing Aromatisse used <strong>Protect</strong>!<br></div><div class="battle-history"><small>The opposing Aromatisse protected itself!</small><br></div><div class="spacer battle-history"><br></div><div class="battle-history">Back Slash used <strong>Moonblast</strong>!<br></div><div class="battle-history"><small>The opposing Aromatisse protected itself!</small><br></div><div class="spacer battle-history"><br></div><div class="battle-history"><small>The opposing Aromatisse restored a little HP using its Leftovers!</small><br></div><div class="spacer battle-history"><br></div><h2 class="battle-history">Turn 47</h2><div class="spacer battle-history"><br></div><div class="battle-history">Back Slash used <strong>Moonblast</strong>!<br></div><div class="battle-history"><small>(The opposing Aromatisse lost <abbr title="−133/406">32.8%</abbr> of its health!)</small><br></div><div class="spacer battle-history"><br></div><div class="battle-history">The opposing Aromatisse fainted!<br></div><div class="spacer battle-history"><br></div><div class="battle-history">The MJ show sent out <strong>Alomomola</strong>!<br></div><div class="battle-history"><small>Pointed stones dug into the opposing Alomomola!</small><br></div><div class="spacer battle-history"><br></div><h2 class="battle-history">Turn 48</h2><div class="spacer battle-history"><br></div><div class="battle-history">Back Slash used <strong>Moonblast</strong>!<br></div><div class="battle-history"><small>(The opposing Alomomola lost <abbr title="−301/501">60.1%</abbr> of its health!)</small><br></div><div class="spacer battle-history"><br></div><div class="battle-history">The opposing Alomomola used <strong>Wish</strong>!<br></div><div class="spacer battle-history"><br></div><div class="battle-history"><small>The opposing Alomomola restored a little HP using its Leftovers!</small><br></div><div class="spacer battle-history"><br></div><h2 class="battle-history">Turn 49</h2><div class="spacer battle-history"><br></div><div class="battle-history">The opposing Alomomola used <strong>Protect</strong>!<br></div><div class="battle-history"><small>The opposing Alomomola protected itself!</small><br></div><div class="spacer battle-history"><br></div><div class="battle-history">Back Slash used <strong>Moonblast</strong>!<br></div><div class="battle-history"><small>The opposing Alomomola protected itself!</small><br></div><div class="spacer battle-history"><br></div><div class="battle-history"><small>Alomomola's wish came true!</small><br></div><div class="battle-history"><small>The opposing Alomomola restored a little HP using its Leftovers!</small><br></div><div class="spacer battle-history"><br></div><h2 class="battle-history">Turn 50</h2><div class="spacer battle-history"><br></div><div class="battle-history">Back Slash used <strong>Moonblast</strong>!<br></div><div class="battle-history"><small>(The opposing Alomomola lost <abbr title="−267/501">53.3%</abbr> of its health!)</small><br></div><div class="battle-history"><small>The opposing Alomomola's Special Attack fell!</small><br></div><div class="spacer battle-history"><br></div><div class="battle-history">The opposing Alomomola used <strong>Scald</strong>!<br></div><div class="battle-history"><small>It's super effective!</small><br></div><div class="battle-history"><small>(Back Slash lost <abbr title="−42/269">15.6%</abbr> of its health!)</small><br></div><div class="spacer battle-history"><br></div><div class="battle-history"><small>The opposing Alomomola restored a little HP using its Leftovers!</small><br></div><div class="spacer battle-history"><br></div><h2 class="battle-history">Turn 51</h2><div class="spacer battle-history"><br></div><div class="battle-history">The opposing Alomomola used <strong>Protect</strong>!<br></div><div class="battle-history"><small>The opposing Alomomola protected itself!</small><br></div><div class="spacer battle-history"><br></div><div class="battle-history">Back Slash used <strong>Moonblast</strong>!<br></div><div class="battle-history"><small>The opposing Alomomola protected itself!</small><br></div><div class="spacer battle-history"><br></div><div class="battle-history"><small>The opposing Alomomola restored a little HP using its Leftovers!</small><br></div><div class="spacer battle-history"><br></div><h2 class="battle-history">Turn 52</h2><div class="spacer battle-history"><br></div><div class="battle-history">The MJ show withdrew Alomomola!<br></div><div class="battle-history">The MJ show sent out <strong>Flygon</strong>!<br></div><div class="battle-history"><small>Pointed stones dug into the opposing Flygon!</small><br></div><div class="spacer battle-history"><br></div><div class="battle-history">Back Slash used <strong>Moonblast</strong>!<br></div><div class="battle-history"><small>It's super effective!</small><br></div><div class="battle-history"><small>(The opposing Flygon lost <abbr title="−279/329">84.8%</abbr> of its health!)</small><br></div><div class="spacer battle-history"><br></div><div class="battle-history">The opposing Flygon fainted!<br></div><div class="spacer battle-history"><br></div><div class="battle-history">The MJ show sent out <strong>Alomomola</strong>!<br></div><div class="battle-history"><small>Pointed stones dug into the opposing Alomomola!</small><br></div><div class="spacer battle-history"><br></div><h2 class="battle-history">Turn 53</h2><div class="spacer battle-history"><br></div><div class="battle-history">The opposing Alomomola used <strong>Protect</strong>!<br></div><div class="battle-history"><small>The opposing Alomomola protected itself!</small><br></div><div class="spacer battle-history"><br></div><div class="battle-history">Back Slash used <strong>Moonblast</strong>!<br></div><div class="battle-history"><small>The opposing Alomomola protected itself!</small><br></div><div class="spacer battle-history"><br></div><div class="battle-history"><small>The opposing Alomomola restored a little HP using its Leftovers!</small><br></div><div class="spacer battle-history"><br></div><h2 class="battle-history">Turn 54</h2><div class="spacer battle-history"><br></div><div class="battle-history">Back Slash used <strong>Moonblast</strong>!<br></div><div class="battle-history"><small>(The opposing Alomomola lost <abbr title="−307/501">61.3%</abbr> of its health!)</small><br></div><div class="spacer battle-history"><br></div><div class="battle-history">The opposing Alomomola used <strong>Wish</strong>!<br></div><div class="spacer battle-history"><br></div><div class="battle-history"><small>The opposing Alomomola restored a little HP using its Leftovers!</small><br></div><div class="spacer battle-history"><br></div><h2 class="battle-history">Turn 55</h2><div class="spacer battle-history"><br></div><div class="battle-history">Back Slash, come back!<br></div><div class="battle-history">Go! Thunder Bullet (<strong>Magneton</strong>)!<br></div><div class="spacer battle-history"><br></div><div class="battle-history">The opposing Alomomola used <strong>Protect</strong>!<br></div><div class="battle-history"><small>But it failed!</small><br></div><div class="spacer battle-history"><br></div><div class="battle-history"><small>Alomomola's wish came true!</small><br></div><div class="battle-history"><small>The opposing Alomomola restored a little HP using its Leftovers!</small><br></div><div class="spacer battle-history"><br></div><h2 class="battle-history">Turn 56</h2><div class="spacer battle-history"><br></div><div class="battle-history">Thunder Bullet is fast asleep.<br></div><div class="spacer battle-history"><br></div><div class="battle-history">Thunder Bullet used <strong>Sleep Talk</strong>!<br></div><div class="spacer battle-history"><br></div><div class="battle-history">Thunder Bullet used <strong>Thunderbolt</strong>!<br></div><div class="battle-history"><small>It's super effective!</small><br></div><div class="battle-history"><small>(The opposing Alomomola lost <abbr title="−386/501">77.0%</abbr> of its health!)</small><br></div><div class="spacer battle-history"><br></div><div class="battle-history">The opposing Alomomola fainted!<br></div><div class="spacer battle-history"><br></div><div class="battle-history">The MJ show sent out <strong>Delphox</strong>!<br></div><div class="battle-history"><small>Pointed stones dug into the opposing Delphox!</small><br></div><div class="spacer battle-history"><br></div><h2 class="battle-history">Turn 57</h2><div class="chat chatmessage-slurmz"><strong style="color:hsl(28,40%,43.095599481124275%)"><small>☆</small><span class="username" data-name="slurmz!">slurmz!</span>:</strong> <em>gg</em></div><div class="chat chatmessage-slurmz"><strong style="color:hsl(28,40%,43.095599481124275%)"><small>☆</small><span class="username" data-name="slurmz!">slurmz!</span>:</strong> <em>wp</em></div><div class="chat chatmessage-themjshow"><strong style="color:hsl(58,56%,39.36346542750015%)"><small>☆</small><span class="username" data-name="The MJ show">The MJ show</span>:</strong> <em>gg</em></div><div class="chat chatmessage-slurmz"><strong style="color:hsl(28,40%,43.095599481124275%)"><small>☆</small><span class="username" data-name="slurmz!">slurmz!</span>:</strong> <em>gl in other cups</em></div><div class="spacer battle-history"><br></div><div class="battle-history">The opposing Delphox used <strong>Calm Mind</strong>!<br></div><div class="battle-history"><small>The opposing Delphox's Special Attack rose!</small><br></div><div class="battle-history"><small>The opposing Delphox's Special Defense rose!</small><br></div><div class="battle-history"><small>Thunder Bullet woke up!</small><br></div><div class="spacer battle-history"><br></div><div class="battle-history">Thunder Bullet used <strong>Thunderbolt</strong>!<br></div><div class="battle-history"><small>(The opposing Delphox lost <abbr title="−102/292">34.9%</abbr> of its health!)</small><br></div><div class="spacer battle-history"><br></div><h2 class="battle-history">Turn 58</h2><div class="chat chatmessage-themjshow"><strong style="color:hsl(58,56%,39.36346542750015%)"><small>☆</small><span class="username" data-name="The MJ show">The MJ show</span>:</strong> <em>thx</em></div><div class="spacer battle-history"><br></div><div class="battle-history">The opposing Delphox used <strong>Fire Blast</strong>!<br></div><div class="battle-history"><small>It's super effective!</small><br></div><div class="battle-history"><small>(Thunder Bullet lost <abbr title="−201/301">66.8%</abbr> of its health!)</small><br></div><div class="battle-history"><small>The opposing Delphox lost some of its HP!</small><br></div><div class="spacer battle-history"><br></div><div class="battle-history">Thunder Bullet fainted!<br></div><div class="battle-history">The opposing Delphox fainted!<br></div><div class="spacer battle-history"><br></div><div class="battle-history"><strong>slurmz!</strong> won the battle!<br></div></div><div class="inner-preempt"></div></div></div>
</div>
<script>
let daily = Math.floor(Date.now()/1000/60/60/24);document.write('<script src="https://play.pokemonshowdown.com/js/replay-embed.js?version'+daily+'"></'+'script>');
</script>
