<!DOCTYPE html>
<meta charset="utf-8" />
<!-- version 1 -->
<title>RU replay: j_bolginaski vs. Costa Snail</title>
<style>
html,body {font-family:Verdana, sans-serif;font-size:10pt;margin:0;padding:0;}body{padding:12px 0;} .battle-log {font-family:Verdana, sans-serif;font-size:10pt;} .battle-log-inline {border:1px solid #AAAAAA;background:#EEF2F5;color:black;max-width:640px;margin:0 auto 80px;padding-bottom:5px;} .battle-log .inner {padding:4px 8px 0px 8px;} .battle-log .inner-preempt {padding:0 8px 4px 8px;} .battle-log .inner-after {margin-top:0.5em;} .battle-log h2 {margin:0.5em -8px;padding:4px 8px;border:1px solid #AAAAAA;background:#E0E7EA;border-left:0;border-right:0;font-family:Verdana, sans-serif;font-size:13pt;} .battle-log .chat {vertical-align:middle;padding:3px 0 3px 0;font-size:8pt;} .battle-log .chat strong {color:#40576A;} .battle-log .chat em {padding:1px 4px 1px 3px;color:#000000;font-style:normal;} .chat.mine {background:rgba(0,0,0,0.05);margin-left:-8px;margin-right:-8px;padding-left:8px;padding-right:8px;} .spoiler {color:#BBBBBB;background:#BBBBBB;padding:0px 3px;} .spoiler:hover, .spoiler:active, .spoiler-shown {color:#000000;background:#E2E2E2;padding:0px 3px;} .spoiler a {color:#BBBBBB;} .spoiler:hover a, .spoiler:active a, .spoiler-shown a {color:#2288CC;} .chat code, .chat .spoiler:hover code, .chat .spoiler:active code, .chat .spoiler-shown code {border:1px solid #C0C0C0;background:#EEEEEE;color:black;padding:0 2px;} .chat .spoiler code {border:1px solid #CCCCCC;background:#CCCCCC;color:#CCCCCC;} .battle-log .rated {padding:3px 4px;} .battle-log .rated strong {color:white;background:#89A;padding:1px 4px;border-radius:4px;} .spacer {margin-top:0.5em;} .message-announce {background:#6688AA;color:white;padding:1px 4px 2px;} .message-announce a, .broadcast-green a, .broadcast-blue a, .broadcast-red a {color:#DDEEFF;} .broadcast-green {background-color:#559955;color:white;padding:2px 4px;} .broadcast-blue {background-color:#6688AA;color:white;padding:2px 4px;} .infobox {border:1px solid #6688AA;padding:2px 4px;} .infobox-limited {max-height:200px;overflow:auto;overflow-x:hidden;} .broadcast-red {background-color:#AA5544;color:white;padding:2px 4px;} .message-learn-canlearn {font-weight:bold;color:#228822;text-decoration:underline;} .message-learn-cannotlearn {font-weight:bold;color:#CC2222;text-decoration:underline;} .message-effect-weak {font-weight:bold;color:#CC2222;} .message-effect-resist {font-weight:bold;color:#6688AA;} .message-effect-immune {font-weight:bold;color:#666666;} .message-learn-list {margin-top:0;margin-bottom:0;} .message-throttle-notice, .message-error {color:#992222;} .message-overflow, .chat small.message-overflow {font-size:0pt;} .message-overflow::before {font-size:9pt;content:'...';} .subtle {color:#3A4A66;}
</style>
<div class="wrapper replay-wrapper" style="max-width:1180px;margin:0 auto">
<input type="hidden" name="replayid" value="ru-491887097" />
<div class="battle"></div><div class="battle-log"></div><div class="replay-controls"></div><div class="replay-controls-2"></div>
<h1 style="font-weight:normal;text-align:center"><strong>RU</strong><br /><a href="http://pokemonshowdown.com/users/jbolginaski" class="subtle" target="_blank">j_bolginaski</a> vs. <a href="http://pokemonshowdown.com/users/costasnail" class="subtle" target="_blank">Costa Snail</a></h1>
<script type="text/plain" class="battle-log-data">|j|j_bolginaski
|j|Costa Snail
|player|p1|j_bolginaski|238
|player|p2|Costa Snail|162
|gametype|singles
|gen|6
|tier|RU
|rated
|seed|14338,38403,25444,26794
|rule|Sleep Clause Mod: Limit one foe put to sleep
|rule|Species Clause: Limit one of each Pokémon
|rule|OHKO Clause: OHKO moves are banned
|rule|Moody Clause: Moody is banned
|rule|Evasion Moves Clause: Evasion moves are banned
|rule|Endless Battle Clause: Forcing endless battles is banned
|rule|HP Percentage Mod: HP is shown in percentages
|clearpoke
|poke|p1|Lapras, F|item
|poke|p1|Banette, F|item
|poke|p1|Electivire, F|item
|poke|p1|Magneton|item
|poke|p1|Purugly, F|item
|poke|p1|Bastiodon, M|item
|poke|p2|Muk, F|item
|poke|p2|Houndoom, F|item
|poke|p2|Chatot, M|item
|poke|p2|Vileplume, F|item
|poke|p2|Rotom|item
|poke|p2|Lickilicky, F|item
|rule|Swagger Clause: Swagger is banned
|rule|Baton Pass Clause: Limit one Baton Passer, can't pass Spe and other stats simultaneously
|teampreview
|choice|team 6, team 2, team 3, team 4, team 5, team 1|team 3, team 2, team 1, team 4, team 5, team 6
|
|start
|switch|p1a: Bastiodon|Bastiodon, M|324\/324
|switch|p2a: Chatot|Chatot, M|294\/294
|turn|1
|choice|move avalanche|move chatter
|
|move|p2a: Chatot|Chatter|p1a: Bastiodon
|-resisted|p1a: Bastiodon
|-damage|p1a: Bastiodon|303\/324
|-start|p1a: Bastiodon|confusion
|-activate|p1a: Bastiodon|confusion
|move|p1a: Bastiodon|Avalanche|p2a: Chatot
|-supereffective|p2a: Chatot
|-enditem|p2a: Chatot|Focus Sash
|-damage|p2a: Chatot|1\/294
|
|-heal|p1a: Bastiodon|323\/324|[from] item: Leftovers
|upkeep
|turn|2
|choice|move ancientpower|move heatwave
|
|move|p2a: Chatot|Heat Wave|p1a: Bastiodon
|-damage|p1a: Bastiodon|253\/324
|-end|p1a: Bastiodon|confusion
|move|p1a: Bastiodon|Ancient Power|p2a: Chatot
|-supereffective|p2a: Chatot
|-damage|p2a: Chatot|0 fnt
|faint|p2a: Chatot
|
|-heal|p1a: Bastiodon|273\/324|[from] item: Leftovers
|upkeep
|choice||switch 3
|
|switch|p2a: Muk|Muk, F|352\/352
|turn|3
|choice|move stealthrock|move acidarmor
|
|move|p2a: Muk|Acid Armor|p2a: Muk
|-boost|p2a: Muk|def|2
|move|p1a: Bastiodon|Stealth Rock|p2a: Muk
|-sidestart|p2: Costa Snail|move: Stealth Rock
|
|-heal|p1a: Bastiodon|293\/324|[from] item: Leftovers
|upkeep
|turn|4
|choice|move earthquake|move acidarmor
|
|move|p2a: Muk|Acid Armor|p2a: Muk
|-boost|p2a: Muk|def|2
|move|p1a: Bastiodon|Earthquake|p2a: Muk
|-supereffective|p2a: Muk
|-damage|p2a: Muk|302\/352
|
|-heal|p2a: Muk|324\/352|[from] item: Black Sludge
|-heal|p1a: Bastiodon|313\/324|[from] item: Leftovers
|upkeep
|turn|5
|choice|move ancientpower|move secretpower
|
|move|p2a: Muk|Secret Power|p1a: Bastiodon
|-resisted|p1a: Bastiodon
|-damage|p1a: Bastiodon|300\/324
|move|p1a: Bastiodon|Ancient Power|p2a: Muk
|-damage|p2a: Muk|282\/352
|
|-heal|p2a: Muk|304\/352|[from] item: Black Sludge
|-heal|p1a: Bastiodon|320\/324|[from] item: Leftovers
|upkeep
|turn|6
|choice|move ancientpower|move icepunch
|
|move|p2a: Muk|Ice Punch|p1a: Bastiodon
|-resisted|p1a: Bastiodon
|-damage|p1a: Bastiodon|293\/324
|move|p1a: Bastiodon|Ancient Power|p2a: Muk
|-damage|p2a: Muk|261\/352
|
|-heal|p2a: Muk|283\/352|[from] item: Black Sludge
|-heal|p1a: Bastiodon|313\/324|[from] item: Leftovers
|upkeep
|turn|7
|choice|move ancientpower|move secretpower
|
|move|p2a: Muk|Secret Power|p1a: Bastiodon
|-resisted|p1a: Bastiodon
|-damage|p1a: Bastiodon|301\/324
|move|p1a: Bastiodon|Ancient Power|p2a: Muk
|-damage|p2a: Muk|243\/352
|
|-heal|p2a: Muk|265\/352|[from] item: Black Sludge
|-heal|p1a: Bastiodon|321\/324|[from] item: Leftovers
|upkeep
|turn|8
|choice|move ancientpower|move acidarmor
|
|move|p2a: Muk|Acid Armor|p2a: Muk
|-boost|p2a: Muk|def|2
|move|p1a: Bastiodon|Ancient Power|p2a: Muk
|-damage|p2a: Muk|225\/352
|
|-heal|p2a: Muk|247\/352|[from] item: Black Sludge
|-heal|p1a: Bastiodon|324\/324|[from] item: Leftovers
|upkeep
|turn|9
|choice|move ancientpower|move secretpower
|
|move|p2a: Muk|Secret Power|p1a: Bastiodon
|-resisted|p1a: Bastiodon
|-damage|p1a: Bastiodon|312\/324
|move|p1a: Bastiodon|Ancient Power|p2a: Muk
|-damage|p2a: Muk|204\/352
|-boost|p1a: Bastiodon|atk|1
|-boost|p1a: Bastiodon|def|1
|-boost|p1a: Bastiodon|spa|1
|-boost|p1a: Bastiodon|spd|1
|-boost|p1a: Bastiodon|spe|1
|
|-heal|p1a: Bastiodon|324\/324|[from] item: Leftovers
|-heal|p2a: Muk|226\/352|[from] item: Black Sludge
|upkeep
|turn|10
|choice|move ancientpower|move secretpower
|
|move|p1a: Bastiodon|Ancient Power|p2a: Muk
|-damage|p2a: Muk|168\/352
|move|p2a: Muk|Secret Power|p1a: Bastiodon
|-resisted|p1a: Bastiodon
|-damage|p1a: Bastiodon|316\/324
|
|-heal|p1a: Bastiodon|324\/324|[from] item: Leftovers
|-heal|p2a: Muk|190\/352|[from] item: Black Sludge
|upkeep
|turn|11
|choice|move ancientpower|move secretpower
|
|move|p1a: Bastiodon|Ancient Power|p2a: Muk
|-damage|p2a: Muk|130\/352
|-boost|p1a: Bastiodon|atk|1
|-boost|p1a: Bastiodon|def|1
|-boost|p1a: Bastiodon|spa|1
|-boost|p1a: Bastiodon|spd|1
|-boost|p1a: Bastiodon|spe|1
|move|p2a: Muk|Secret Power|p1a: Bastiodon
|-resisted|p1a: Bastiodon
|-damage|p1a: Bastiodon|317\/324
|-status|p1a: Bastiodon|par
|
|-heal|p2a: Muk|152\/352|[from] item: Black Sludge
|-heal|p1a: Bastiodon|324\/324 par|[from] item: Leftovers
|upkeep
|turn|12
|choice|move earthquake|move icepunch
|
|move|p2a: Muk|Ice Punch|p1a: Bastiodon
|-resisted|p1a: Bastiodon
|-damage|p1a: Bastiodon|311\/324 par
|cant|p1a: Bastiodon|par
|
|-heal|p2a: Muk|174\/352|[from] item: Black Sludge
|-heal|p1a: Bastiodon|324\/324 par|[from] item: Leftovers
|upkeep
|turn|13
|choice|move earthquake|move icepunch
|
|move|p2a: Muk|Ice Punch|p1a: Bastiodon
|-resisted|p1a: Bastiodon
|-damage|p1a: Bastiodon|312\/324 par
|move|p1a: Bastiodon|Earthquake|p2a: Muk
|-supereffective|p2a: Muk
|-damage|p2a: Muk|104\/352
|
|-heal|p2a: Muk|126\/352|[from] item: Black Sludge
|-heal|p1a: Bastiodon|324\/324 par|[from] item: Leftovers
|upkeep
|turn|14
|choice|move earthquake|switch 6
|
|switch|p2a: Lickilicky|Lickilicky, F|361\/361
|-damage|p2a: Lickilicky|316\/361|[from] Stealth Rock
|move|p1a: Bastiodon|Earthquake|p2a: Lickilicky
|-damage|p2a: Lickilicky|187\/361
|
|upkeep
|turn|15
|choice|move earthquake|move counter
|
|cant|p1a: Bastiodon|par
|move|p2a: Lickilicky|Counter|p1a: Bastiodon
|-fail|p1a: Bastiodon
|
|upkeep
|turn|16
|choice|move earthquake|move dragontail
|
|move|p1a: Bastiodon|Earthquake|p2a: Lickilicky
|-damage|p2a: Lickilicky|72\/361
|move|p2a: Lickilicky|Dragon Tail|p1a: Bastiodon
|-resisted|p1a: Bastiodon
|-damage|p1a: Bastiodon|315\/324 par
|drag|p1a: Banette|Banette, F|332\/332
|
|upkeep
|turn|17
|choice|move willowisp mega|move icepunch
|
|detailschange|p1a: Banette|Banette-Mega, F
|-mega|p1a: Banette|Banette|Banettite
|move|p1a: Banette|Will-O-Wisp|p2a: Lickilicky|[miss]
|-miss|p1a: Banette|p2a: Lickilicky
|move|p2a: Lickilicky|Ice Punch|p1a: Banette
|-damage|p1a: Banette|239\/332
|
|upkeep
|turn|18
|choice|move willowisp|move icepunch
|
|move|p1a: Banette|Will-O-Wisp|p2a: Lickilicky
|-status|p2a: Lickilicky|brn
|move|p2a: Lickilicky|Ice Punch|p1a: Banette
|-damage|p1a: Banette|191\/332
|
|-damage|p2a: Lickilicky|27\/361 brn|[from] brn
|upkeep
|turn|19
|choice|move chargebeam|move dragontail
|
|move|p1a: Banette|Charge Beam|p2a: Lickilicky
|-damage|p2a: Lickilicky|0 fnt
|-boost|p1a: Banette|spa|1
|faint|p2a: Lickilicky
|
|upkeep
|choice||switch 5
|
|switch|p2a: Rotom|Rotom|242\/242
|-damage|p2a: Rotom|212\/242|[from] Stealth Rock
|turn|20
|choice|move willowisp|move shadowball
|
|move|p1a: Banette|Will-O-Wisp|p2a: Rotom
|-status|p2a: Rotom|brn
|move|p2a: Rotom|Shadow Ball|p1a: Banette
|-supereffective|p1a: Banette
|-damage|p1a: Banette|0 fnt
|faint|p1a: Banette
|
|-damage|p2a: Rotom|182\/242 brn|[from] brn
|upkeep
|choice|switch 5|
|
|switch|p1a: Purugly|Purugly, F|283\/283
|turn|21
|choice|move knockoff|switch 4
|
|switch|p2a: Vileplume|Vileplume, F|292\/292
|-damage|p2a: Vileplume|256\/292|[from] Stealth Rock
|move|p1a: Purugly|Knock Off|p2a: Vileplume
|-damage|p2a: Vileplume|179\/292
|-status|p1a: Purugly|par|[from] ability: Effect Spore|[of] p2a: Vileplume
|-damage|p1a: Purugly|236\/283 par|[from] item: Rocky Helmet|[of] p2a: Vileplume
|-enditem|p2a: Vileplume|Rocky Helmet|[from] move: Knock Off|[of] p1a: Purugly
|
|-heal|p1a: Purugly|253\/283 par|[from] item: Leftovers
|upkeep
|turn|22
|choice|move taunt|move synthesis
|
|move|p2a: Vileplume|Synthesis|p2a: Vileplume
|-heal|p2a: Vileplume|292\/292
|cant|p1a: Purugly|par
|
|-heal|p1a: Purugly|270\/283 par|[from] item: Leftovers
|upkeep
|turn|23
|choice|move taunt|move energyball
|
|move|p2a: Vileplume|Energy Ball|p1a: Purugly
|-damage|p1a: Purugly|96\/283 par
|cant|p1a: Purugly|par
|
|-heal|p1a: Purugly|113\/283 par|[from] item: Leftovers
|upkeep
|turn|24
|choice|move taunt|move energyball
|
|move|p2a: Vileplume|Energy Ball|p1a: Purugly
|-damage|p1a: Purugly|0 fnt
|faint|p1a: Purugly
|
|upkeep
|choice|switch 2|
|
|switch|p1a: Bastiodon|Bastiodon, M|315\/324 par
|turn|25
|choice|move earthquake|switch 4
|
|switch|p2a: Rotom|Rotom|182\/242 brn
|-damage|p2a: Rotom|152\/242 brn|[from] Stealth Rock
|move|p1a: Bastiodon|Earthquake|p2a: Rotom
|-immune|p2a: Rotom|[msg]|[from] ability: Levitate
|
|-heal|p1a: Bastiodon|324\/324 par|[from] item: Leftovers
|-damage|p2a: Rotom|122\/242 brn|[from] brn
|upkeep
|turn|26
|choice|move avalanche|move shadowball
|
|move|p2a: Rotom|Shadow Ball|p1a: Bastiodon
|-damage|p1a: Bastiodon|230\/324 par
|move|p1a: Bastiodon|Avalanche|p2a: Rotom
|-damage|p2a: Rotom|2\/242 brn
|
|-heal|p1a: Bastiodon|250\/324 par|[from] item: Leftovers
|-damage|p2a: Rotom|0 fnt|[from] brn
|upkeep
|faint|p2a: Rotom
|choice||switch 2
|
|switch|p2a: Houndoom|Houndoom, F|292\/292
|-damage|p2a: Houndoom|219\/292|[from] Stealth Rock
|turn|27
|choice|switch 6|move darkpulse
|
|switch|p1a: Lapras|Lapras, F|401\/401
|move|p2a: Houndoom|Dark Pulse|p1a: Lapras
|-damage|p1a: Lapras|271\/401
|
|-heal|p1a: Lapras|296\/401|[from] item: Leftovers
|upkeep
|turn|28
|choice|move waterfall|move darkpulse
|
|move|p2a: Houndoom|Dark Pulse|p1a: Lapras
|-damage|p1a: Lapras|152\/401
|move|p1a: Lapras|Waterfall|p2a: Houndoom
|-supereffective|p2a: Houndoom
|-damage|p2a: Houndoom|0 fnt
|faint|p2a: Houndoom
|
|-heal|p1a: Lapras|177\/401|[from] item: Leftovers
|upkeep
|choice||switch 6
|
|switch|p2a: Muk|Muk, F|126\/352
|-damage|p2a: Muk|82\/352|[from] Stealth Rock
|turn|29
|choice|move drillrun|move poisonjab
|
|move|p1a: Lapras|Drill Run|p2a: Muk
|-supereffective|p2a: Muk
|-damage|p2a: Muk|0 fnt
|faint|p2a: Muk
|
|-heal|p1a: Lapras|202\/401|[from] item: Leftovers
|upkeep
|choice||switch 4
|
|switch|p2a: Vileplume|Vileplume, F|292\/292
|-damage|p2a: Vileplume|256\/292|[from] Stealth Rock
|turn|30
|choice|move freezedry|move synthesis
|
|move|p1a: Lapras|Freeze-Dry|p2a: Vileplume
|-supereffective|p2a: Vileplume
|-damage|p2a: Vileplume|140\/292
|move|p2a: Vileplume|Synthesis|p2a: Vileplume
|-heal|p2a: Vileplume|286\/292
|
|-heal|p1a: Lapras|227\/401|[from] item: Leftovers
|upkeep
|turn|31
|choice|move freezedry|move energyball
|
|move|p1a: Lapras|Freeze-Dry|p2a: Vileplume
|-supereffective|p2a: Vileplume
|-damage|p2a: Vileplume|178\/292
|move|p2a: Vileplume|Energy Ball|p1a: Lapras
|-supereffective|p1a: Lapras
|-damage|p1a: Lapras|0 fnt
|faint|p1a: Lapras
|
|upkeep
|choice|switch 3|
|
|switch|p1a: Electivire|Electivire, F|291\/291
|-item|p1a: Electivire|Air Balloon
|turn|32
|choice|move firepunch|move synthesis
|
|move|p1a: Electivire|Fire Punch|p2a: Vileplume
|-supereffective|p2a: Vileplume
|-damage|p2a: Vileplume|0 fnt
|faint|p2a: Vileplume
|
|win|j_bolginaski
|player|p1
|player|p2
|l|Costa Snail
|c|★j_bolginaski|gg</script>
</div>
<div class="battle-log battle-log-inline"><div class="inner"><div class="battle-options"></div><div class="inner"><div class="chat"><small>j_bolginaski joined.</small></div><div class="chat"><small>Costa Snail joined.</small></div><div class=""><small>Format:</small> <br><strong>RU</strong></div><div class="rated"><strong>Rated battle</strong></div><div class=""><small><em>Sleep Clause Mod:</em> Limit one foe put to sleep</small></div><div class=""><small><em>Species Clause:</em> Limit one of each Pokémon</small></div><div class=""><small><em>OHKO Clause:</em> OHKO moves are banned</small></div><div class=""><small><em>Moody Clause:</em> Moody is banned</small></div><div class=""><small><em>Evasion Moves Clause:</em> Evasion moves are banned</small></div><div class=""><small><em>Endless Battle Clause:</em> Forcing endless battles is banned</small></div><div class=""><small><em>HP Percentage Mod:</em> HP is shown in percentages</small></div><div class=""><small><em>Swagger Clause:</em> Swagger is banned</small></div><div class=""><small><em>Baton Pass Clause:</em> Limit one Baton Passer, can't pass Spe and other stats simultaneously</small></div><div class="chat battle-history"><strong>j_bolginaski's team:</strong> <em style="color:#445566;display:block;">Lapras / Banette / Electivire / Magneton / Purugly / Bastiodon</em></div><div class="chat battle-history"><strong>Costa Snail's team:</strong> <em style="color:#445566;display:block;">Muk / Houndoom / Chatot / Vileplume / Rotom / Lickilicky</em></div><div class="spacer battle-history"><br></div><div class="battle-history">Battle started between j_bolginaski and Costa Snail!<br></div><div class="spacer battle-history"><br></div><div class="battle-history">Go! <strong>Bastiodon</strong>!<br></div><div class="spacer battle-history"><br></div><div class="battle-history">Costa Snail sent out <strong>Chatot</strong>!<br></div><div class="spacer battle-history"><br></div><h2 class="battle-history">Turn 1</h2><div class="spacer battle-history"><br></div><div class="battle-history">The opposing Chatot used <strong>Chatter</strong>!<br></div><div class="battle-history"><small>It's not very effective...</small><br></div><div class="battle-history"><small>(Bastiodon lost <abbr title="−21/324">6.5%</abbr> of its health!)</small><br></div><div class="battle-history"><small>Bastiodon became confused!</small><br></div><div class="spacer battle-history"><br></div><div class="battle-history"><small>Bastiodon is confused!</small><br></div><div class="battle-history">Bastiodon used <strong>Avalanche</strong>!<br></div><div class="battle-history"><small>It's super effective!</small><br></div><div class="battle-history"><small>The opposing Chatot hung on using its Focus Sash!</small><br></div><div class="battle-history"><small>(The opposing Chatot lost <abbr title="−293/294">99.7%</abbr> of its health!)</small><br></div><div class="spacer battle-history"><br></div><div class="battle-history"><small>Bastiodon restored a little HP using its Leftovers!</small><br></div><div class="spacer battle-history"><br></div><h2 class="battle-history">Turn 2</h2><div class="spacer battle-history"><br></div><div class="battle-history">The opposing Chatot used <strong>Heat Wave</strong>!<br></div><div class="battle-history"><small>(Bastiodon lost <abbr title="−70/324">21.6%</abbr> of its health!)</small><br></div><div class="battle-history"><small>Bastiodon snapped out of its confusion!</small><br></div><div class="spacer battle-history"><br></div><div class="battle-history">Bastiodon used <strong>Ancient Power</strong>!<br></div><div class="battle-history"><small>It's super effective!</small><br></div><div class="battle-history"><small>(The opposing Chatot lost <abbr title="−1/294">0.3%</abbr> of its health!)</small><br></div><div class="spacer battle-history"><br></div><div class="battle-history">The opposing Chatot fainted!<br></div><div class="spacer battle-history"><br></div><div class="battle-history"><small>Bastiodon restored a little HP using its Leftovers!</small><br></div><div class="spacer battle-history"><br></div><div class="battle-history">Costa Snail sent out <strong>Muk</strong>!<br></div><div class="spacer battle-history"><br></div><h2 class="battle-history">Turn 3</h2><div class="spacer battle-history"><br></div><div class="battle-history">The opposing Muk used <strong>Acid Armor</strong>!<br></div><div class="battle-history"><small>The opposing Muk's Defense rose sharply!</small><br></div><div class="spacer battle-history"><br></div><div class="battle-history">Bastiodon used <strong>Stealth Rock</strong>!<br></div><div class="battle-history"><small>Pointed stones float in the air around the opposing team!</small><br></div><div class="spacer battle-history"><br></div><div class="battle-history"><small>Bastiodon restored a little HP using its Leftovers!</small><br></div><div class="spacer battle-history"><br></div><h2 class="battle-history">Turn 4</h2><div class="spacer battle-history"><br></div><div class="battle-history">The opposing Muk used <strong>Acid Armor</strong>!<br></div><div class="battle-history"><small>The opposing Muk's Defense rose sharply!</small><br></div><div class="spacer battle-history"><br></div><div class="battle-history">Bastiodon used <strong>Earthquake</strong>!<br></div><div class="battle-history"><small>It's super effective!</small><br></div><div class="battle-history"><small>(The opposing Muk lost <abbr title="−50/352">14.2%</abbr> of its health!)</small><br></div><div class="spacer battle-history"><br></div><div class="battle-history"><small>The opposing Muk restored a little HP using its Black Sludge!</small><br></div><div class="battle-history"><small>Bastiodon restored a little HP using its Leftovers!</small><br></div><div class="spacer battle-history"><br></div><h2 class="battle-history">Turn 5</h2><div class="spacer battle-history"><br></div><div class="battle-history">The opposing Muk used <strong>Secret Power</strong>!<br></div><div class="battle-history"><small>It's not very effective...</small><br></div><div class="battle-history"><small>(Bastiodon lost <abbr title="−13/324">4.0%</abbr> of its health!)</small><br></div><div class="spacer battle-history"><br></div><div class="battle-history">Bastiodon used <strong>Ancient Power</strong>!<br></div><div class="battle-history"><small>(The opposing Muk lost <abbr title="−42/352">11.9%</abbr> of its health!)</small><br></div><div class="spacer battle-history"><br></div><div class="battle-history"><small>The opposing Muk restored a little HP using its Black Sludge!</small><br></div><div class="battle-history"><small>Bastiodon restored a little HP using its Leftovers!</small><br></div><div class="spacer battle-history"><br></div><h2 class="battle-history">Turn 6</h2><div class="spacer battle-history"><br></div><div class="battle-history">The opposing Muk used <strong>Ice Punch</strong>!<br></div><div class="battle-history"><small>It's not very effective...</small><br></div><div class="battle-history"><small>(Bastiodon lost <abbr title="−27/324">8.3%</abbr> of its health!)</small><br></div><div class="spacer battle-history"><br></div><div class="battle-history">Bastiodon used <strong>Ancient Power</strong>!<br></div><div class="battle-history"><small>(The opposing Muk lost <abbr title="−43/352">12.2%</abbr> of its health!)</small><br></div><div class="spacer battle-history"><br></div><div class="battle-history"><small>The opposing Muk restored a little HP using its Black Sludge!</small><br></div><div class="battle-history"><small>Bastiodon restored a little HP using its Leftovers!</small><br></div><div class="spacer battle-history"><br></div><h2 class="battle-history">Turn 7</h2><div class="spacer battle-history"><br></div><div class="battle-history">The opposing Muk used <strong>Secret Power</strong>!<br></div><div class="battle-history"><small>It's not very effective...</small><br></div><div class="battle-history"><small>(Bastiodon lost <abbr title="−12/324">3.7%</abbr> of its health!)</small><br></div><div class="spacer battle-history"><br></div><div class="battle-history">Bastiodon used <strong>Ancient Power</strong>!<br></div><div class="battle-history"><small>(The opposing Muk lost <abbr title="−40/352">11.4%</abbr> of its health!)</small><br></div><div class="spacer battle-history"><br></div><div class="battle-history"><small>The opposing Muk restored a little HP using its Black Sludge!</small><br></div><div class="battle-history"><small>Bastiodon restored a little HP using its Leftovers!</small><br></div><div class="spacer battle-history"><br></div><h2 class="battle-history">Turn 8</h2><div class="spacer battle-history"><br></div><div class="battle-history">The opposing Muk used <strong>Acid Armor</strong>!<br></div><div class="battle-history"><small>The opposing Muk's Defense rose sharply!</small><br></div><div class="spacer battle-history"><br></div><div class="battle-history">Bastiodon used <strong>Ancient Power</strong>!<br></div><div class="battle-history"><small>(The opposing Muk lost <abbr title="−40/352">11.4%</abbr> of its health!)</small><br></div><div class="spacer battle-history"><br></div><div class="battle-history"><small>The opposing Muk restored a little HP using its Black Sludge!</small><br></div><div class="battle-history"><small>Bastiodon restored a little HP using its Leftovers!</small><br></div><div class="spacer battle-history"><br></div><h2 class="battle-history">Turn 9</h2><div class="spacer battle-history"><br></div><div class="battle-history">The opposing Muk used <strong>Secret Power</strong>!<br></div><div class="battle-history"><small>It's not very effective...</small><br></div><div class="battle-history"><small>(Bastiodon lost <abbr title="−12/324">3.7%</abbr> of its health!)</small><br></div><div class="spacer battle-history"><br></div><div class="battle-history">Bastiodon used <strong>Ancient Power</strong>!<br></div><div class="battle-history"><small>(The opposing Muk lost <abbr title="−43/352">12.2%</abbr> of its health!)</small><br></div><div class="battle-history"><small>Bastiodon's Attack rose!</small><br></div><div class="battle-history"><small>Bastiodon's Defense rose!</small><br></div><div class="battle-history"><small>Bastiodon's Special Attack rose!</small><br></div><div class="battle-history"><small>Bastiodon's Special Defense rose!</small><br></div><div class="battle-history"><small>Bastiodon's Speed rose!</small><br></div><div class="spacer battle-history"><br></div><div class="battle-history"><small>Bastiodon restored a little HP using its Leftovers!</small><br></div><div class="battle-history"><small>The opposing Muk restored a little HP using its Black Sludge!</small><br></div><div class="spacer battle-history"><br></div><h2 class="battle-history">Turn 10</h2><div class="spacer battle-history"><br></div><div class="battle-history">Bastiodon used <strong>Ancient Power</strong>!<br></div><div class="battle-history"><small>(The opposing Muk lost <abbr title="−58/352">16.5%</abbr> of its health!)</small><br></div><div class="spacer battle-history"><br></div><div class="battle-history">The opposing Muk used <strong>Secret Power</strong>!<br></div><div class="battle-history"><small>It's not very effective...</small><br></div><div class="battle-history"><small>(Bastiodon lost <abbr title="−8/324">2.5%</abbr> of its health!)</small><br></div><div class="spacer battle-history"><br></div><div class="battle-history"><small>Bastiodon restored a little HP using its Leftovers!</small><br></div><div class="battle-history"><small>The opposing Muk restored a little HP using its Black Sludge!</small><br></div><div class="spacer battle-history"><br></div><h2 class="battle-history">Turn 11</h2><div class="spacer battle-history"><br></div><div class="battle-history">Bastiodon used <strong>Ancient Power</strong>!<br></div><div class="battle-history"><small>(The opposing Muk lost <abbr title="−60/352">17.0%</abbr> of its health!)</small><br></div><div class="battle-history"><small>Bastiodon's Attack rose!</small><br></div><div class="battle-history"><small>Bastiodon's Defense rose!</small><br></div><div class="battle-history"><small>Bastiodon's Special Attack rose!</small><br></div><div class="battle-history"><small>Bastiodon's Special Defense rose!</small><br></div><div class="battle-history"><small>Bastiodon's Speed rose!</small><br></div><div class="spacer battle-history"><br></div><div class="battle-history">The opposing Muk used <strong>Secret Power</strong>!<br></div><div class="battle-history"><small>It's not very effective...</small><br></div><div class="battle-history"><small>(Bastiodon lost <abbr title="−7/324">2.2%</abbr> of its health!)</small><br></div><div class="battle-history"><small>Bastiodon is paralyzed! It may be unable to move!</small><br></div><div class="spacer battle-history"><br></div><div class="battle-history"><small>The opposing Muk restored a little HP using its Black Sludge!</small><br></div><div class="battle-history"><small>Bastiodon restored a little HP using its Leftovers!</small><br></div><div class="spacer battle-history"><br></div><h2 class="battle-history">Turn 12</h2><div class="spacer battle-history"><br></div><div class="battle-history">The opposing Muk used <strong>Ice Punch</strong>!<br></div><div class="battle-history"><small>It's not very effective...</small><br></div><div class="battle-history"><small>(Bastiodon lost <abbr title="−13/324">4.0%</abbr> of its health!)</small><br></div><div class="spacer battle-history"><br></div><div class="battle-history">Bastiodon is paralyzed! It can't move!<br></div><div class="spacer battle-history"><br></div><div class="battle-history"><small>The opposing Muk restored a little HP using its Black Sludge!</small><br></div><div class="battle-history"><small>Bastiodon restored a little HP using its Leftovers!</small><br></div><div class="spacer battle-history"><br></div><h2 class="battle-history">Turn 13</h2><div class="spacer battle-history"><br></div><div class="battle-history">The opposing Muk used <strong>Ice Punch</strong>!<br></div><div class="battle-history"><small>It's not very effective...</small><br></div><div class="battle-history"><small>(Bastiodon lost <abbr title="−12/324">3.7%</abbr> of its health!)</small><br></div><div class="spacer battle-history"><br></div><div class="battle-history">Bastiodon used <strong>Earthquake</strong>!<br></div><div class="battle-history"><small>It's super effective!</small><br></div><div class="battle-history"><small>(The opposing Muk lost <abbr title="−70/352">19.9%</abbr> of its health!)</small><br></div><div class="spacer battle-history"><br></div><div class="battle-history"><small>The opposing Muk restored a little HP using its Black Sludge!</small><br></div><div class="battle-history"><small>Bastiodon restored a little HP using its Leftovers!</small><br></div><div class="spacer battle-history"><br></div><h2 class="battle-history">Turn 14</h2><div class="spacer battle-history"><br></div><div class="battle-history">Costa Snail withdrew Muk!<br></div><div class="battle-history">Costa Snail sent out <strong>Lickilicky</strong>!<br></div><div class="battle-history"><small>Pointed stones dug into the opposing Lickilicky!</small><br></div><div class="spacer battle-history"><br></div><div class="battle-history">Bastiodon used <strong>Earthquake</strong>!<br></div><div class="battle-history"><small>(The opposing Lickilicky lost <abbr title="−129/361">35.7%</abbr> of its health!)</small><br></div><div class="spacer battle-history"><br></div><h2 class="battle-history">Turn 15</h2><div class="spacer battle-history"><br></div><div class="battle-history">Bastiodon is paralyzed! It can't move!<br></div><div class="spacer battle-history"><br></div><div class="battle-history">The opposing Lickilicky used <strong>Counter</strong>!<br></div><div class="battle-history"><small>But it failed!</small><br></div><div class="spacer battle-history"><br></div><h2 class="battle-history">Turn 16</h2><div class="spacer battle-history"><br></div><div class="battle-history">Bastiodon used <strong>Earthquake</strong>!<br></div><div class="battle-history"><small>(The opposing Lickilicky lost <abbr title="−115/361">31.9%</abbr> of its health!)</small><br></div><div class="spacer battle-history"><br></div><div class="battle-history">The opposing Lickilicky used <strong>Dragon Tail</strong>!<br></div><div class="battle-history"><small>It's not very effective...</small><br></div><div class="battle-history"><small>(Bastiodon lost <abbr title="−9/324">2.8%</abbr> of its health!)</small><br></div><div class="spacer battle-history"><br></div><div class="battle-history"><strong>Banette</strong> was dragged out!<br></div><div class="spacer battle-history"><br></div><h2 class="battle-history">Turn 17</h2><div class="spacer battle-history"><br></div><div class="battle-history"><small>Banette's Banettite is reacting to j_bolginaski's Mega Bracelet!</small><br>Banette has Mega Evolved into Mega Banette!<br></div><div class="spacer battle-history"><br></div><div class="battle-history">Banette used <strong>Will-O-Wisp</strong>!<br></div><div class="battle-history"><small>The opposing Lickilicky avoided the attack!</small><br></div><div class="spacer battle-history"><br></div><div class="battle-history">The opposing Lickilicky used <strong>Ice Punch</strong>!<br></div><div class="battle-history"><small>(Banette lost <abbr title="−93/332">28.0%</abbr> of its health!)</small><br></div><div class="spacer battle-history"><br></div><h2 class="battle-history">Turn 18</h2><div class="spacer battle-history"><br></div><div class="battle-history">Banette used <strong>Will-O-Wisp</strong>!<br></div><div class="battle-history"><small>The opposing Lickilicky was burned!</small><br></div><div class="spacer battle-history"><br></div><div class="battle-history">The opposing Lickilicky used <strong>Ice Punch</strong>!<br></div><div class="battle-history"><small>(Banette lost <abbr title="−48/332">14.5%</abbr> of its health!)</small><br></div><div class="spacer battle-history"><br></div><div class="battle-history"><small>The opposing Lickilicky was hurt by its burn!</small><br></div><div class="spacer battle-history"><br></div><h2 class="battle-history">Turn 19</h2><div class="spacer battle-history"><br></div><div class="battle-history">Banette used <strong>Charge Beam</strong>!<br></div><div class="battle-history"><small>(The opposing Lickilicky lost <abbr title="−27/361">7.5%</abbr> of its health!)</small><br></div><div class="battle-history"><small>Banette's Special Attack rose!</small><br></div><div class="spacer battle-history"><br></div><div class="battle-history">The opposing Lickilicky fainted!<br></div><div class="spacer battle-history"><br></div><div class="battle-history">Costa Snail sent out <strong>Rotom</strong>!<br></div><div class="battle-history"><small>Pointed stones dug into the opposing Rotom!</small><br></div><div class="spacer battle-history"><br></div><h2 class="battle-history">Turn 20</h2><div class="spacer battle-history"><br></div><div class="battle-history">Banette used <strong>Will-O-Wisp</strong>!<br></div><div class="battle-history"><small>The opposing Rotom was burned!</small><br></div><div class="spacer battle-history"><br></div><div class="battle-history">The opposing Rotom used <strong>Shadow Ball</strong>!<br></div><div class="battle-history"><small>It's super effective!</small><br></div><div class="battle-history"><small>(Banette lost <abbr title="−191/332">57.5%</abbr> of its health!)</small><br></div><div class="spacer battle-history"><br></div><div class="battle-history">Banette fainted!<br></div><div class="spacer battle-history"><br></div><div class="battle-history"><small>The opposing Rotom was hurt by its burn!</small><br></div><div class="spacer battle-history"><br></div><div class="battle-history">Go! <strong>Purugly</strong>!<br></div><div class="spacer battle-history"><br></div><h2 class="battle-history">Turn 21</h2><div class="spacer battle-history"><br></div><div class="battle-history">Costa Snail withdrew Rotom!<br></div><div class="battle-history">Costa Snail sent out <strong>Vileplume</strong>!<br></div><div class="battle-history"><small>Pointed stones dug into the opposing Vileplume!</small><br></div><div class="spacer battle-history"><br></div><div class="battle-history">Purugly used <strong>Knock Off</strong>!<br></div><div class="battle-history"><small>(The opposing Vileplume lost <abbr title="−77/292">26.4%</abbr> of its health!)</small><br></div><div class="battle-history"><small>[The opposing Vileplume's Effect Spore]</small><br><small>Purugly is paralyzed! It may be unable to move!</small><br></div><div class="battle-history"><small>Purugly was hurt by the Rocky Helmet!</small><br></div><div class="battle-history"><small>Purugly knocked off the opposing Vileplume's Rocky Helmet!</small><br></div><div class="spacer battle-history"><br></div><div class="battle-history"><small>Purugly restored a little HP using its Leftovers!</small><br></div><div class="spacer battle-history"><br></div><h2 class="battle-history">Turn 22</h2><div class="spacer battle-history"><br></div><div class="battle-history">The opposing Vileplume used <strong>Synthesis</strong>!<br></div><div class="battle-history"><small>The opposing Vileplume restored its HP.</small><br></div><div class="spacer battle-history"><br></div><div class="battle-history">Purugly is paralyzed! It can't move!<br></div><div class="spacer battle-history"><br></div><div class="battle-history"><small>Purugly restored a little HP using its Leftovers!</small><br></div><div class="spacer battle-history"><br></div><h2 class="battle-history">Turn 23</h2><div class="spacer battle-history"><br></div><div class="battle-history">The opposing Vileplume used <strong>Energy Ball</strong>!<br></div><div class="battle-history"><small>(Purugly lost <abbr title="−174/283">61.5%</abbr> of its health!)</small><br></div><div class="spacer battle-history"><br></div><div class="battle-history">Purugly is paralyzed! It can't move!<br></div><div class="spacer battle-history"><br></div><div class="battle-history"><small>Purugly restored a little HP using its Leftovers!</small><br></div><div class="spacer battle-history"><br></div><h2 class="battle-history">Turn 24</h2><div class="spacer battle-history"><br></div><div class="battle-history">The opposing Vileplume used <strong>Energy Ball</strong>!<br></div><div class="battle-history"><small>(Purugly lost <abbr title="−113/283">39.9%</abbr> of its health!)</small><br></div><div class="spacer battle-history"><br></div><div class="battle-history">Purugly fainted!<br></div><div class="spacer battle-history"><br></div><div class="battle-history">Go! <strong>Bastiodon</strong>!<br></div><div class="spacer battle-history"><br></div><h2 class="battle-history">Turn 25</h2><div class="spacer battle-history"><br></div><div class="battle-history">Costa Snail withdrew Vileplume!<br></div><div class="battle-history">Costa Snail sent out <strong>Rotom</strong>!<br></div><div class="battle-history"><small>Pointed stones dug into the opposing Rotom!</small><br></div><div class="spacer battle-history"><br></div><div class="battle-history">Bastiodon used <strong>Earthquake</strong>!<br></div><div class="battle-history"><small>[The opposing Rotom's Levitate]</small><br><small>It doesn't affect the opposing Rotom...</small><br></div><div class="spacer battle-history"><br></div><div class="battle-history"><small>Bastiodon restored a little HP using its Leftovers!</small><br></div><div class="battle-history"><small>The opposing Rotom was hurt by its burn!</small><br></div><div class="spacer battle-history"><br></div><h2 class="battle-history">Turn 26</h2><div class="spacer battle-history"><br></div><div class="battle-history">The opposing Rotom used <strong>Shadow Ball</strong>!<br></div><div class="battle-history"><small>(Bastiodon lost <abbr title="−94/324">29.0%</abbr> of its health!)</small><br></div><div class="spacer battle-history"><br></div><div class="battle-history">Bastiodon used <strong>Avalanche</strong>!<br></div><div class="battle-history"><small>(The opposing Rotom lost <abbr title="−120/242">49.6%</abbr> of its health!)</small><br></div><div class="spacer battle-history"><br></div><div class="battle-history"><small>Bastiodon restored a little HP using its Leftovers!</small><br></div><div class="battle-history"><small>The opposing Rotom was hurt by its burn!</small><br></div><div class="spacer battle-history"><br></div><div class="battle-history">The opposing Rotom fainted!<br></div><div class="spacer battle-history"><br></div><div class="battle-history">Costa Snail sent out <strong>Houndoom</strong>!<br></div><div class="battle-history"><small>Pointed stones dug into the opposing Houndoom!</small><br></div><div class="spacer battle-history"><br></div><h2 class="battle-history">Turn 27</h2><div class="spacer battle-history"><br></div><div class="battle-history">Bastiodon, come back!<br></div><div class="battle-history">Go! <strong>Lapras</strong>!<br></div><div class="spacer battle-history"><br></div><div class="battle-history">The opposing Houndoom used <strong>Dark Pulse</strong>!<br></div><div class="battle-history"><small>(Lapras lost <abbr title="−130/401">32.4%</abbr> of its health!)</small><br></div><div class="spacer battle-history"><br></div><div class="battle-history"><small>Lapras restored a little HP using its Leftovers!</small><br></div><div class="spacer battle-history"><br></div><h2 class="battle-history">Turn 28</h2><div class="spacer battle-history"><br></div><div class="battle-history">The opposing Houndoom used <strong>Dark Pulse</strong>!<br></div><div class="battle-history"><small>(Lapras lost <abbr title="−144/401">35.9%</abbr> of its health!)</small><br></div><div class="spacer battle-history"><br></div><div class="battle-history">Lapras used <strong>Waterfall</strong>!<br></div><div class="battle-history"><small>It's super effective!</small><br></div><div class="battle-history"><small>(The opposing Houndoom lost <abbr title="−219/292">75%</abbr> of its health!)</small><br></div><div class="spacer battle-history"><br></div><div class="battle-history">The opposing Houndoom fainted!<br></div><div class="spacer battle-history"><br></div><div class="battle-history"><small>Lapras restored a little HP using its Leftovers!</small><br></div><div class="spacer battle-history"><br></div><div class="battle-history">Costa Snail sent out <strong>Muk</strong>!<br></div><div class="battle-history"><small>Pointed stones dug into the opposing Muk!</small><br></div><div class="spacer battle-history"><br></div><h2 class="battle-history">Turn 29</h2><div class="spacer battle-history"><br></div><div class="battle-history">Lapras used <strong>Drill Run</strong>!<br></div><div class="battle-history"><small>It's super effective!</small><br></div><div class="battle-history"><small>(The opposing Muk lost <abbr title="−82/352">23.3%</abbr> of its health!)</small><br></div><div class="spacer battle-history"><br></div><div class="battle-history">The opposing Muk fainted!<br></div><div class="spacer battle-history"><br></div><div class="battle-history"><small>Lapras restored a little HP using its Leftovers!</small><br></div><div class="spacer battle-history"><br></div><div class="battle-history">Costa Snail sent out <strong>Vileplume</strong>!<br></div><div class="battle-history"><small>Pointed stones dug into the opposing Vileplume!</small><br></div><div class="spacer battle-history"><br></div><h2 class="battle-history">Turn 30</h2><div class="spacer battle-history"><br></div><div class="battle-history">Lapras used <strong>Freeze-Dry</strong>!<br></div><div class="battle-history"><small>It's super effective!</small><br></div><div class="battle-history"><small>(The opposing Vileplume lost <abbr title="−116/292">39.7%</abbr> of its health!)</small><br></div><div class="spacer battle-history"><br></div><div class="battle-history">The opposing Vileplume used <strong>Synthesis</strong>!<br></div><div class="battle-history"><small>The opposing Vileplume restored its HP.</small><br></div><div class="spacer battle-history"><br></div><div class="battle-history"><small>Lapras restored a little HP using its Leftovers!</small><br></div><div class="spacer battle-history"><br></div><h2 class="battle-history">Turn 31</h2><div class="spacer battle-history"><br></div><div class="battle-history">Lapras used <strong>Freeze-Dry</strong>!<br></div><div class="battle-history"><small>It's super effective!</small><br></div><div class="battle-history"><small>(The opposing Vileplume lost <abbr title="−108/292">37.0%</abbr> of its health!)</small><br></div><div class="spacer battle-history"><br></div><div class="battle-history">The opposing Vileplume used <strong>Energy Ball</strong>!<br></div><div class="battle-history"><small>It's super effective!</small><br></div><div class="battle-history"><small>(Lapras lost <abbr title="−227/401">56.6%</abbr> of its health!)</small><br></div><div class="spacer battle-history"><br></div><div class="battle-history">Lapras fainted!<br></div><div class="spacer battle-history"><br></div><div class="battle-history">Go! <strong>Electivire</strong>!<br></div><div class="battle-history"><small>Electivire floats in the air with its Air Balloon!</small><br></div><div class="spacer battle-history"><br></div><h2 class="battle-history">Turn 32</h2><div class="spacer battle-history"><br></div><div class="battle-history">Electivire used <strong>Fire Punch</strong>!<br></div><div class="battle-history"><small>It's super effective!</small><br></div><div class="battle-history"><small>(The opposing Vileplume lost <abbr title="−178/292">61.0%</abbr> of its health!)</small><br></div><div class="spacer battle-history"><br></div><div class="battle-history">The opposing Vileplume fainted!<br></div><div class="spacer battle-history"><br></div><div class="battle-history"><strong>j_bolginaski</strong> won the battle!<br></div><div class="chat"><small>Costa Snail left.</small></div><div class="chat chatmessage-jbolginaski"><strong style="color:hsl(292,55%,44.56080365455861%)"><small>★</small><span class="username" data-name="j_bolginaski">j_bolginaski</span>:</strong> <em>gg</em></div></div><div class="inner-preempt"></div></div></div>
</div>
<script>
let daily = Math.floor(Date.now()/1000/60/60/24);document.write('<script src="https://play.pokemonshowdown.com/js/replay-embed.js?version'+daily+'"></'+'script>');
</script>
