<!DOCTYPE html>
<meta charset="utf-8" />
<!-- version 1 -->
<title>RU replay: steve2310 vs. nonamezzz</title>
<style>
html,body {font-family:Verdana, sans-serif;font-size:10pt;margin:0;padding:0;}body{padding:12px 0;} .battle-log {font-family:Verdana, sans-serif;font-size:10pt;} .battle-log-inline {border:1px solid #AAAAAA;background:#EEF2F5;color:black;max-width:640px;margin:0 auto 80px;padding-bottom:5px;} .battle-log .inner {padding:4px 8px 0px 8px;} .battle-log .inner-preempt {padding:0 8px 4px 8px;} .battle-log .inner-after {margin-top:0.5em;} .battle-log h2 {margin:0.5em -8px;padding:4px 8px;border:1px solid #AAAAAA;background:#E0E7EA;border-left:0;border-right:0;font-family:Verdana, sans-serif;font-size:13pt;} .battle-log .chat {vertical-align:middle;padding:3px 0 3px 0;font-size:8pt;} .battle-log .chat strong {color:#40576A;} .battle-log .chat em {padding:1px 4px 1px 3px;color:#000000;font-style:normal;} .chat.mine {background:rgba(0,0,0,0.05);margin-left:-8px;margin-right:-8px;padding-left:8px;padding-right:8px;} .spoiler {color:#BBBBBB;background:#BBBBBB;padding:0px 3px;} .spoiler:hover, .spoiler:active, .spoiler-shown {color:#000000;background:#E2E2E2;padding:0px 3px;} .spoiler a {color:#BBBBBB;} .spoiler:hover a, .spoiler:active a, .spoiler-shown a {color:#2288CC;} .chat code, .chat .spoiler:hover code, .chat .spoiler:active code, .chat .spoiler-shown code {border:1px solid #C0C0C0;background:#EEEEEE;color:black;padding:0 2px;} .chat .spoiler code {border:1px solid #CCCCCC;background:#CCCCCC;color:#CCCCCC;} .battle-log .rated {padding:3px 4px;} .battle-log .rated strong {color:white;background:#89A;padding:1px 4px;border-radius:4px;} .spacer {margin-top:0.5em;} .message-announce {background:#6688AA;color:white;padding:1px 4px 2px;} .message-announce a, .broadcast-green a, .broadcast-blue a, .broadcast-red a {color:#DDEEFF;} .broadcast-green {background-color:#559955;color:white;padding:2px 4px;} .broadcast-blue {background-color:#6688AA;color:white;padding:2px 4px;} .infobox {border:1px solid #6688AA;padding:2px 4px;} .infobox-limited {max-height:200px;overflow:auto;overflow-x:hidden;} .broadcast-red {background-color:#AA5544;color:white;padding:2px 4px;} .message-learn-canlearn {font-weight:bold;color:#228822;text-decoration:underline;} .message-learn-cannotlearn {font-weight:bold;color:#CC2222;text-decoration:underline;} .message-effect-weak {font-weight:bold;color:#CC2222;} .message-effect-resist {font-weight:bold;color:#6688AA;} .message-effect-immune {font-weight:bold;color:#666666;} .message-learn-list {margin-top:0;margin-bottom:0;} .message-throttle-notice, .message-error {color:#992222;} .message-overflow, .chat small.message-overflow {font-size:0pt;} .message-overflow::before {font-size:9pt;content:'...';} .subtle {color:#3A4A66;}
</style>
<div class="wrapper replay-wrapper" style="max-width:1180px;margin:0 auto">
<input type="hidden" name="replayid" value="ru-533987211" />
<div class="battle"></div><div class="battle-log"></div><div class="replay-controls"></div><div class="replay-controls-2"></div>
<h1 style="font-weight:normal;text-align:center"><strong>RU</strong><br /><a href="http://pokemonshowdown.com/users/steve2310" class="subtle" target="_blank">steve2310</a> vs. <a href="http://pokemonshowdown.com/users/nonamezzz" class="subtle" target="_blank">nonamezzz</a></h1>
<script type="text/plain" class="battle-log-data">|j|steve2310
|j|nonamezzz
|player|p1|steve2310|165
|player|p2|nonamezzz|1
|gametype|singles
|gen|6
|tier|RU
|rated
|seed|22514,12097,39505,55773
|rule|Sleep Clause Mod: Limit one foe put to sleep
|rule|Species Clause: Limit one of each Pokémon
|rule|OHKO Clause: OHKO moves are banned
|rule|Moody Clause: Moody is banned
|rule|Evasion Moves Clause: Evasion moves are banned
|rule|Endless Battle Clause: Forcing endless battles is banned
|rule|HP Percentage Mod: HP is shown in percentages
|clearpoke
|poke|p1|Braviary, M|item
|poke|p1|Drapion, F|item
|poke|p1|Virizion|item
|poke|p1|Druddigon, M|item
|poke|p1|Delphox, M|item
|poke|p1|Eelektross, M|item
|poke|p2|Accelgor, F|item
|poke|p2|Flygon, F|item
|poke|p2|Diancie|item
|poke|p2|Escavalier, M|item
|poke|p2|Rotom-Mow|item
|poke|p2|Alomomola, M|item
|rule|Swagger Clause: Swagger is banned
|rule|Baton Pass Clause: Limit one Baton Passer, can't pass Spe and other stats simultaneously
|teampreview
|choice|team 4, team 2, team 3, team 1, team 5, team 6|team 3, team 2, team 1, team 4, team 5, team 6
|
|start
|switch|p1a: Druddigon|Druddigon, M|358\/358
|switch|p2a: Diancie|Diancie|304\/304
|turn|1
|choice|move toxic|move stealthrock
|
|move|p1a: Druddigon|Toxic|p2a: Diancie
|-status|p2a: Diancie|tox
|move|p2a: Diancie|Stealth Rock|p1a: Druddigon
|-sidestart|p1: steve2310|move: Stealth Rock
|
|-damage|p2a: Diancie|285\/304 tox|[from] psn
|upkeep
|turn|2
|choice|move stealthrock|move moonblast
|
|move|p1a: Druddigon|Stealth Rock|p2a: Diancie
|-sidestart|p2: nonamezzz|move: Stealth Rock
|move|p2a: Diancie|Moonblast|p1a: Druddigon
|-supereffective|p1a: Druddigon
|-damage|p1a: Druddigon|100\/358
|
|-heal|p2a: Diancie|304\/304 tox|[from] item: Leftovers
|-damage|p2a: Diancie|266\/304 tox|[from] psn
|upkeep
|turn|3
|choice|switch 5|move healbell
|
|switch|p1a: Delphox|Delphox, M|292\/292
|-damage|p1a: Delphox|219\/292|[from] Stealth Rock
|move|p2a: Diancie|Heal Bell|p2a: Diancie
|-activate|p2a: Diancie|move: Heal Bell
|-curestatus|p2a: Diancie|tox|[msg]
|
|-heal|p2a: Diancie|285\/304|[from] item: Leftovers
|upkeep
|turn|4
|choice|move grassknot|move diamondstorm
|
|move|p1a: Delphox|Grass Knot|p2a: Diancie
|-supereffective|p2a: Diancie
|-damage|p2a: Diancie|245\/304
|move|p2a: Diancie|Diamond Storm|p1a: Delphox
|-supereffective|p1a: Delphox
|-damage|p1a: Delphox|0 fnt
|faint|p1a: Delphox
|
|-heal|p2a: Diancie|264\/304|[from] item: Leftovers
|upkeep
|choice|switch 3|
|
|switch|p1a: Virizion|Virizion|386\/386
|-damage|p1a: Virizion|362\/386|[from] Stealth Rock
|turn|5
|choice|move leafblade|switch 4
|
|switch|p2a: Escavalier|Escavalier, M|324\/324
|-damage|p2a: Escavalier|284\/324|[from] Stealth Rock
|move|p1a: Virizion|Leaf Blade|p2a: Escavalier
|-resisted|p2a: Escavalier
|-damage|p2a: Escavalier|260\/324
|
|upkeep
|turn|6
|choice|move sacredsword|move megahorn
|
|move|p1a: Virizion|Sacred Sword|p2a: Escavalier
|-damage|p2a: Escavalier|166\/324
|move|p2a: Escavalier|Megahorn|p1a: Virizion
|-damage|p1a: Virizion|11\/386
|
|upkeep
|turn|7
|-message|steve2310 forfeited.
|
|win|nonamezzz
|player|p1
|player|p2
|l|steve2310</script>
</div>
<div class="battle-log battle-log-inline"><div class="inner"><div class="battle-options"></div><div class="inner"><div class="chat"><small>steve2310 joined.</small></div><div class="chat"><small>nonamezzz joined.</small></div><div class=""><small>Format:</small> <br><strong>RU</strong></div><div class="rated"><strong>Rated battle</strong></div><div class=""><small><em>Sleep Clause Mod:</em> Limit one foe put to sleep</small></div><div class=""><small><em>Species Clause:</em> Limit one of each Pokémon</small></div><div class=""><small><em>OHKO Clause:</em> OHKO moves are banned</small></div><div class=""><small><em>Moody Clause:</em> Moody is banned</small></div><div class=""><small><em>Evasion Moves Clause:</em> Evasion moves are banned</small></div><div class=""><small><em>Endless Battle Clause:</em> Forcing endless battles is banned</small></div><div class=""><small><em>HP Percentage Mod:</em> HP is shown in percentages</small></div><div class=""><small><em>Swagger Clause:</em> Swagger is banned</small></div><div class=""><small><em>Baton Pass Clause:</em> Limit one Baton Passer, can't pass Spe and other stats simultaneously</small></div><div class="chat battle-history"><strong>steve2310's team:</strong> <em style="color:#445566;display:block;">Braviary / Drapion / Virizion / Druddigon / Delphox / Eelektross</em></div><div class="chat battle-history"><strong>nonamezzz's team:</strong> <em style="color:#445566;display:block;">Accelgor / Flygon / Diancie / Escavalier / Rotom-Mow / Alomomola</em></div><div class="spacer battle-history"><br></div><div class="battle-history">Battle started between steve2310 and nonamezzz!<br></div><div class="spacer battle-history"><br></div><div class="battle-history">Go! <strong>Druddigon</strong>!<br></div><div class="spacer battle-history"><br></div><div class="battle-history">nonamezzz sent out <strong>Diancie</strong>!<br></div><div class="spacer battle-history"><br></div><h2 class="battle-history">Turn 1</h2><div class="spacer battle-history"><br></div><div class="battle-history">Druddigon used <strong>Toxic</strong>!<br></div><div class="battle-history"><small>The opposing Diancie was badly poisoned!</small><br></div><div class="spacer battle-history"><br></div><div class="battle-history">The opposing Diancie used <strong>Stealth Rock</strong>!<br></div><div class="battle-history"><small>Pointed stones float in the air around your team!</small><br></div><div class="spacer battle-history"><br></div><div class="battle-history"><small>The opposing Diancie was hurt by poison!</small><br></div><div class="spacer battle-history"><br></div><h2 class="battle-history">Turn 2</h2><div class="spacer battle-history"><br></div><div class="battle-history">Druddigon used <strong>Stealth Rock</strong>!<br></div><div class="battle-history"><small>Pointed stones float in the air around the opposing team!</small><br></div><div class="spacer battle-history"><br></div><div class="battle-history">The opposing Diancie used <strong>Moonblast</strong>!<br></div><div class="battle-history"><small>It's super effective!</small><br></div><div class="battle-history"><small>(Druddigon lost <abbr title="−258/358">72.1%</abbr> of its health!)</small><br></div><div class="spacer battle-history"><br></div><div class="battle-history"><small>The opposing Diancie restored a little HP using its Leftovers!</small><br></div><div class="battle-history"><small>The opposing Diancie was hurt by poison!</small><br></div><div class="spacer battle-history"><br></div><h2 class="battle-history">Turn 3</h2><div class="spacer battle-history"><br></div><div class="battle-history">Druddigon, come back!<br></div><div class="battle-history">Go! <strong>Delphox</strong>!<br></div><div class="battle-history"><small>Pointed stones dug into Delphox!</small><br></div><div class="spacer battle-history"><br></div><div class="battle-history">The opposing Diancie used <strong>Heal Bell</strong>!<br></div><div class="battle-history"><small>A bell chimed!</small><br></div><div class="battle-history"><small>The opposing Diancie was cured of its poisoning.</small><br></div><div class="spacer battle-history"><br></div><div class="battle-history"><small>The opposing Diancie restored a little HP using its Leftovers!</small><br></div><div class="spacer battle-history"><br></div><h2 class="battle-history">Turn 4</h2><div class="spacer battle-history"><br></div><div class="battle-history">Delphox used <strong>Grass Knot</strong>!<br></div><div class="battle-history"><small>It's super effective!</small><br></div><div class="battle-history"><small>(The opposing Diancie lost <abbr title="−40/304">13.2%</abbr> of its health!)</small><br></div><div class="spacer battle-history"><br></div><div class="battle-history">The opposing Diancie used <strong>Diamond Storm</strong>!<br></div><div class="battle-history"><small>It's super effective!</small><br></div><div class="battle-history"><small>(Delphox lost <abbr title="−219/292">75%</abbr> of its health!)</small><br></div><div class="spacer battle-history"><br></div><div class="battle-history">Delphox fainted!<br></div><div class="spacer battle-history"><br></div><div class="battle-history"><small>The opposing Diancie restored a little HP using its Leftovers!</small><br></div><div class="spacer battle-history"><br></div><div class="battle-history">Go! <strong>Virizion</strong>!<br></div><div class="battle-history"><small>Pointed stones dug into Virizion!</small><br></div><div class="spacer battle-history"><br></div><h2 class="battle-history">Turn 5</h2><div class="spacer battle-history"><br></div><div class="battle-history">nonamezzz withdrew Diancie!<br></div><div class="battle-history">nonamezzz sent out <strong>Escavalier</strong>!<br></div><div class="battle-history"><small>Pointed stones dug into the opposing Escavalier!</small><br></div><div class="spacer battle-history"><br></div><div class="battle-history">Virizion used <strong>Leaf Blade</strong>!<br></div><div class="battle-history"><small>It's not very effective...</small><br></div><div class="battle-history"><small>(The opposing Escavalier lost <abbr title="−24/324">7.4%</abbr> of its health!)</small><br></div><div class="spacer battle-history"><br></div><h2 class="battle-history">Turn 6</h2><div class="spacer battle-history"><br></div><div class="battle-history">Virizion used <strong>Sacred Sword</strong>!<br></div><div class="battle-history"><small>(The opposing Escavalier lost <abbr title="−94/324">29.0%</abbr> of its health!)</small><br></div><div class="spacer battle-history"><br></div><div class="battle-history">The opposing Escavalier used <strong>Megahorn</strong>!<br></div><div class="battle-history"><small>(Virizion lost <abbr title="−351/386">90.9%</abbr> of its health!)</small><br></div><div class="spacer battle-history"><br></div><h2 class="battle-history">Turn 7</h2><div class="spacer battle-history"><br></div><div class="battle-history"><small>steve2310 forfeited.</small><br></div><div class="spacer battle-history"><br></div><div class="battle-history"><strong>nonamezzz</strong> won the battle!<br></div><div class="chat"><small>steve2310 left.</small></div></div><div class="inner-preempt"></div></div></div>
</div>
<script>
let daily = Math.floor(Date.now()/1000/60/60/24);document.write('<script src="https://play.pokemonshowdown.com/js/replay-embed.js?version'+daily+'"></'+'script>');
</script>
