<!DOCTYPE html>
<meta charset="utf-8" />
<!-- version 1 -->
<title>RU replay: Real FV13 ª vs. Incandescent space</title>
<style>
html,body {font-family:Verdana, sans-serif;font-size:10pt;margin:0;padding:0;}body{padding:12px 0;} .battle-log {font-family:Verdana, sans-serif;font-size:10pt;} .battle-log-inline {border:1px solid #AAAAAA;background:#EEF2F5;color:black;max-width:640px;margin:0 auto 80px;padding-bottom:5px;} .battle-log .inner {padding:4px 8px 0px 8px;} .battle-log .inner-preempt {padding:0 8px 4px 8px;} .battle-log .inner-after {margin-top:0.5em;} .battle-log h2 {margin:0.5em -8px;padding:4px 8px;border:1px solid #AAAAAA;background:#E0E7EA;border-left:0;border-right:0;font-family:Verdana, sans-serif;font-size:13pt;} .battle-log .chat {vertical-align:middle;padding:3px 0 3px 0;font-size:8pt;} .battle-log .chat strong {color:#40576A;} .battle-log .chat em {padding:1px 4px 1px 3px;color:#000000;font-style:normal;} .chat.mine {background:rgba(0,0,0,0.05);margin-left:-8px;margin-right:-8px;padding-left:8px;padding-right:8px;} .spoiler {color:#BBBBBB;background:#BBBBBB;padding:0px 3px;} .spoiler:hover, .spoiler:active, .spoiler-shown {color:#000000;background:#E2E2E2;padding:0px 3px;} .spoiler a {color:#BBBBBB;} .spoiler:hover a, .spoiler:active a, .spoiler-shown a {color:#2288CC;} .chat code, .chat .spoiler:hover code, .chat .spoiler:active code, .chat .spoiler-shown code {border:1px solid #C0C0C0;background:#EEEEEE;color:black;padding:0 2px;} .chat .spoiler code {border:1px solid #CCCCCC;background:#CCCCCC;color:#CCCCCC;} .battle-log .rated {padding:3px 4px;} .battle-log .rated strong {color:white;background:#89A;padding:1px 4px;border-radius:4px;} .spacer {margin-top:0.5em;} .message-announce {background:#6688AA;color:white;padding:1px 4px 2px;} .message-announce a, .broadcast-green a, .broadcast-blue a, .broadcast-red a {color:#DDEEFF;} .broadcast-green {background-color:#559955;color:white;padding:2px 4px;} .broadcast-blue {background-color:#6688AA;color:white;padding:2px 4px;} .infobox {border:1px solid #6688AA;padding:2px 4px;} .infobox-limited {max-height:200px;overflow:auto;overflow-x:hidden;} .broadcast-red {background-color:#AA5544;color:white;padding:2px 4px;} .message-learn-canlearn {font-weight:bold;color:#228822;text-decoration:underline;} .message-learn-cannotlearn {font-weight:bold;color:#CC2222;text-decoration:underline;} .message-effect-weak {font-weight:bold;color:#CC2222;} .message-effect-resist {font-weight:bold;color:#6688AA;} .message-effect-immune {font-weight:bold;color:#666666;} .message-learn-list {margin-top:0;margin-bottom:0;} .message-throttle-notice, .message-error {color:#992222;} .message-overflow, .chat small.message-overflow {font-size:0pt;} .message-overflow::before {font-size:9pt;content:'...';} .subtle {color:#3A4A66;}
</style>
<div class="wrapper replay-wrapper" style="max-width:1180px;margin:0 auto">
<input type="hidden" name="replayid" value="ru-579221011" />
<div class="battle"></div><div class="battle-log"></div><div class="replay-controls"></div><div class="replay-controls-2"></div>
<h1 style="font-weight:normal;text-align:center"><strong>RU</strong><br /><a href="http://pokemonshowdown.com/users/realfv13" class="subtle" target="_blank">Real FV13 ª</a> vs. <a href="http://pokemonshowdown.com/users/incandescentspace" class="subtle" target="_blank">Incandescent space</a></h1>
<script type="text/plain" class="battle-log-data">|j|Real FV13 ª
|j|Incandescent space
|player|p1|Real FV13 ª|20
|teamsize|p1|6
|player|p2|Incandescent space|249
|teamsize|p2|6
|gametype|singles
|gen|6
|tier|RU
|seed|38359,5973,1983,64486
|rule|Sleep Clause Mod: Limit one foe put to sleep
|rule|Species Clause: Limit one of each Pokémon
|rule|OHKO Clause: OHKO moves are banned
|rule|Moody Clause: Moody is banned
|rule|Evasion Moves Clause: Evasion moves are banned
|rule|Endless Battle Clause: Forcing endless battles is banned
|rule|HP Percentage Mod: HP is shown in percentages
|clearpoke
|poke|p1|Diancie|item
|poke|p1|Virizion|item
|poke|p1|Rotom|item
|poke|p1|Blastoise, M|item
|poke|p1|Fletchinder, M|
|poke|p1|Bronzong|item
|poke|p2|Registeel|item
|poke|p2|Virizion|item
|poke|p2|Slowking, F|item
|poke|p2|Drapion, F|item
|poke|p2|Audino, F|item
|poke|p2|Flygon, F|item
|rule|Swagger Clause: Swagger is banned
|rule|Baton Pass Clause: Limit one Baton Passer, can't pass Spe and other stats simultaneously
|teampreview
|j|AriiStella
|j|Garay oak
|c| Garay oak|fv ure trash
|c|☆Incandescent space|Hf
|c| Garay oak|but ure gonna win
|c|☆Real FV13 ª|have fun
|c|☆Real FV13 ª|my net is aids
|choice|team 5, team 2, team 3, team 4, team 1, team 6|team 3, team 2, team 1, team 4, team 5, team 6
|
|start
|switch|p1a: Fletchinder|Fletchinder, M|303\/303
|switch|p2a: Slowking|Slowking, F|393\/393
|turn|1
|c|☆Real FV13 ª|0.5M
|c|☆Real FV13 ª|hope no dc
|choice|switch 4|move scald
|
|switch|p1a: Blastoise|Blastoise, M|361\/361
|move|p2a: Slowking|Scald|p1a: Blastoise
|-resisted|p1a: Blastoise
|-damage|p1a: Blastoise|320\/361
|
|-heal|p1a: Blastoise|342\/361|[from] item: Leftovers
|upkeep
|turn|2
|choice|move scald|switch 3
|
|switch|p2a: Registeel|Registeel|364\/364
|move|p1a: Blastoise|Scald|p2a: Registeel
|-damage|p2a: Registeel|315\/364
|
|-heal|p1a: Blastoise|361\/361|[from] item: Leftovers
|-heal|p2a: Registeel|337\/364|[from] item: Leftovers
|upkeep
|turn|3
|choice|move scald|move stealthrock
|
|move|p1a: Blastoise|Scald|p2a: Registeel
|-damage|p2a: Registeel|289\/364
|move|p2a: Registeel|Stealth Rock|p1a: Blastoise
|-sidestart|p1: Real FV13 ª|move: Stealth Rock
|
|-heal|p2a: Registeel|311\/364|[from] item: Leftovers
|upkeep
|turn|4
|choice|move rapidspin|move toxic
|
|move|p1a: Blastoise|Rapid Spin|p2a: Registeel
|-resisted|p2a: Registeel
|-damage|p2a: Registeel|306\/364
|-sideend|p1: Real FV13 ª|stealthrock|[from] move: Rapid Spin|[of] p1a: Blastoise
|move|p2a: Registeel|Toxic|p1a: Blastoise
|-status|p1a: Blastoise|tox
|
|-heal|p2a: Registeel|328\/364|[from] item: Leftovers
|-damage|p1a: Blastoise|339\/361 tox|[from] psn
|upkeep
|turn|5
|choice|move scald|move stealthrock
|
|move|p1a: Blastoise|Scald|p2a: Registeel
|-damage|p2a: Registeel|285\/364
|-status|p2a: Registeel|brn
|move|p2a: Registeel|Stealth Rock|p1a: Blastoise
|-sidestart|p1: Real FV13 ª|move: Stealth Rock
|
|-heal|p1a: Blastoise|361\/361 tox|[from] item: Leftovers
|-heal|p2a: Registeel|307\/364 brn|[from] item: Leftovers
|-damage|p1a: Blastoise|317\/361 tox|[from] psn
|-damage|p2a: Registeel|262\/364 brn|[from] brn
|upkeep
|turn|6
|choice|move rapidspin|move thunderbolt
|
|move|p1a: Blastoise|Rapid Spin|p2a: Registeel
|-resisted|p2a: Registeel
|-damage|p2a: Registeel|258\/364 brn
|-sideend|p1: Real FV13 ª|stealthrock|[from] move: Rapid Spin|[of] p1a: Blastoise
|move|p2a: Registeel|Thunderbolt|p1a: Blastoise
|-supereffective|p1a: Blastoise
|-damage|p1a: Blastoise|211\/361 tox
|
|-heal|p1a: Blastoise|233\/361 tox|[from] item: Leftovers
|-heal|p2a: Registeel|280\/364 brn|[from] item: Leftovers
|-damage|p1a: Blastoise|167\/361 tox|[from] psn
|-damage|p2a: Registeel|235\/364 brn|[from] brn
|upkeep
|turn|7
|choice|move refresh|move stealthrock
|
|move|p1a: Blastoise|Refresh|p1a: Blastoise
|-curestatus|p1a: Blastoise|tox|[msg]
|move|p2a: Registeel|Stealth Rock|p1a: Blastoise
|-sidestart|p1: Real FV13 ª|move: Stealth Rock
|
|-heal|p1a: Blastoise|189\/361|[from] item: Leftovers
|-heal|p2a: Registeel|257\/364 brn|[from] item: Leftovers
|-damage|p2a: Registeel|212\/364 brn|[from] brn
|upkeep
|turn|8
|choice|move rapidspin|move thunderbolt
|
|move|p1a: Blastoise|Rapid Spin|p2a: Registeel
|-resisted|p2a: Registeel
|-damage|p2a: Registeel|207\/364 brn
|-sideend|p1: Real FV13 ª|stealthrock|[from] move: Rapid Spin|[of] p1a: Blastoise
|move|p2a: Registeel|Thunderbolt|p1a: Blastoise
|-supereffective|p1a: Blastoise
|-damage|p1a: Blastoise|87\/361
|
|-heal|p1a: Blastoise|109\/361|[from] item: Leftovers
|-heal|p2a: Registeel|229\/364 brn|[from] item: Leftovers
|-damage|p2a: Registeel|184\/364 brn|[from] brn
|upkeep
|turn|9
|choice|move scald|move thunderbolt
|
|move|p1a: Blastoise|Scald|p2a: Registeel
|-damage|p2a: Registeel|114\/364 brn
|move|p2a: Registeel|Thunderbolt|p1a: Blastoise
|-supereffective|p1a: Blastoise
|-damage|p1a: Blastoise|3\/361
|
|-heal|p1a: Blastoise|25\/361|[from] item: Leftovers
|-heal|p2a: Registeel|136\/364 brn|[from] item: Leftovers
|-damage|p2a: Registeel|91\/364 brn|[from] brn
|upkeep
|turn|10
|choice|move scald|switch 2
|
|switch|p2a: Virizion|Virizion|323\/323
|move|p1a: Blastoise|Scald|p2a: Virizion
|-resisted|p2a: Virizion
|-damage|p2a: Virizion|276\/323
|
|-heal|p1a: Blastoise|47\/361|[from] item: Leftovers
|upkeep
|turn|11
|choice|switch 6|move zenheadbutt
|
|switch|p1a: Bronzong|Bronzong|338\/338
|move|p2a: Virizion|Zen Headbutt|p1a: Bronzong
|-resisted|p1a: Bronzong
|-damage|p1a: Bronzong|325\/338
|
|-heal|p1a: Bronzong|338\/338|[from] item: Leftovers
|upkeep
|turn|12
|choice|move earthquake|switch 5
|
|switch|p2a: Audino|Audino, F|410\/410
|move|p1a: Bronzong|Earthquake|p2a: Audino
|-crit|p2a: Audino
|-damage|p2a: Audino|314\/410
|
|upkeep
|turn|13
|l|AriiStella
|c|☆Real FV13 ª|no pls
|c|☆Real FV13 ª|fb audino always burn me LOL
|choice|move stealthrock|move healbell
|
|move|p1a: Bronzong|Stealth Rock|p2a: Audino
|-sidestart|p2: Incandescent space|move: Stealth Rock
|move|p2a: Audino|Heal Bell|p2a: Audino
|-activate|p2a: Audino|move: Heal Bell
|-curestatus|p2: Registeel|brn|[msg]
|
|upkeep
|turn|14
|choice|move zenheadbutt|move wish
|
|move|p1a: Bronzong|Zen Headbutt|p2a: Audino
|-damage|p2a: Audino|248\/410
|move|p2a: Audino|Wish|p2a: Audino
|
|upkeep
|turn|15
|choice|move earthquake|switch 6
|
|switch|p2a: Flygon|Flygon, F|311\/311
|-damage|p2a: Flygon|292\/311|[from] stealthrock
|move|p1a: Bronzong|Earthquake|p2a: Flygon
|-immune|p2a: Flygon|[msg]|[from] ability: Levitate
|
|-heal|p2a: Flygon|311\/311|[from] move: Wish|[wisher] Audino
|upkeep
|turn|16
|choice|switch 6|move defog
|
|switch|p1a: Blastoise|Blastoise, M|47\/361
|move|p2a: Flygon|Defog|p1a: Blastoise
|-unboost|p1a: Blastoise|evasion|1
|-sideend|p2: Incandescent space|stealthrock|[from] move: Defog|[of] p2a: Flygon
|
|-heal|p1a: Blastoise|69\/361|[from] item: Leftovers
|upkeep
|turn|17
|choice|switch 6|move uturn
|
|switch|p1a: Bronzong|Bronzong|338\/338
|move|p2a: Flygon|U-turn|p1a: Bronzong
|-damage|p1a: Bronzong|288\/338
|choice||switch 4
|
|switch|p2a: Drapion|Drapion, F|281\/281
|
|-heal|p1a: Bronzong|309\/338|[from] item: Leftovers
|upkeep
|turn|18
|choice|move earthquake|move pursuit
|
|move|p2a: Drapion|Pursuit|p1a: Bronzong
|-supereffective|p1a: Bronzong
|-damage|p1a: Bronzong|225\/338
|move|p1a: Bronzong|Earthquake|p2a: Drapion
|-supereffective|p2a: Drapion
|-damage|p2a: Drapion|151\/281
|
|-heal|p1a: Bronzong|246\/338|[from] item: Leftovers
|upkeep
|turn|19
|choice|move ironhead|switch 4
|
|switch|p2a: Flygon|Flygon, F|311\/311
|move|p1a: Bronzong|Iron Head|p2a: Flygon
|-damage|p2a: Flygon|215\/311
|
|-heal|p2a: Flygon|234\/311|[from] item: Leftovers
|-heal|p1a: Bronzong|267\/338|[from] item: Leftovers
|upkeep
|turn|20
|choice|move ironhead|move uturn
|
|move|p2a: Flygon|U-turn|p1a: Bronzong
|-damage|p1a: Bronzong|216\/338
|choice||switch 4
|
|switch|p2a: Drapion|Drapion, F|151\/281
|move|p1a: Bronzong|Iron Head|p2a: Drapion
|-damage|p2a: Drapion|67\/281
|
|-heal|p1a: Bronzong|237\/338|[from] item: Leftovers
|upkeep
|turn|21
|choice|switch 5|move pursuit
|
|-activate|p1a: Bronzong|move: Pursuit
|move|p2a: Drapion|Pursuit|p1a: Bronzong|[from]pursuit
|-supereffective|p1a: Bronzong
|-damage|p1a: Bronzong|43\/338
|switch|p1a: Diancie|Diancie|304\/304
|
|upkeep
|turn|22
|choice|move moonblast|switch 3
|
|switch|p2a: Slowking|Slowking, F|393\/393
|move|p1a: Diancie|Moonblast|p2a: Slowking
|-damage|p2a: Slowking|278\/393
|
|upkeep
|turn|23
|choice|switch 6|move scald
|
|switch|p1a: Blastoise|Blastoise, M|69\/361
|move|p2a: Slowking|Scald|p1a: Blastoise
|-resisted|p1a: Blastoise
|-damage|p1a: Blastoise|24\/361
|-status|p1a: Blastoise|brn
|
|-heal|p1a: Blastoise|46\/361 brn|[from] item: Leftovers
|-damage|p1a: Blastoise|1\/361 brn|[from] brn
|upkeep
|turn|24
|choice|move toxic|move scald
|
|move|p1a: Blastoise|Toxic|p2a: Slowking
|-status|p2a: Slowking|tox
|move|p2a: Slowking|Scald|p1a: Blastoise
|-resisted|p1a: Blastoise
|-damage|p1a: Blastoise|0 fnt
|faint|p1a: Blastoise
|
|-damage|p2a: Slowking|254\/393 tox|[from] psn
|upkeep
|choice|switch 2|
|
|switch|p1a: Virizion|Virizion|323\/323
|turn|25
|choice|move leafblade|switch 4
|
|switch|p2a: Flygon|Flygon, F|234\/311
|move|p1a: Virizion|Leaf Blade|p2a: Flygon
|-damage|p2a: Flygon|81\/311
|
|-heal|p2a: Flygon|100\/311|[from] item: Leftovers
|upkeep
|turn|26
|choice|move leafblade|move uturn
|
|move|p1a: Virizion|Leaf Blade|p2a: Flygon
|-damage|p2a: Flygon|0 fnt
|faint|p2a: Flygon
|
|upkeep
|choice||switch 5
|
|switch|p2a: Virizion|Virizion|276\/323
|turn|27
|choice|switch 4|move zenheadbutt
|
|switch|p1a: Fletchinder|Fletchinder, M|303\/303
|move|p2a: Virizion|Zen Headbutt|p1a: Fletchinder
|-damage|p1a: Fletchinder|192\/303
|
|upkeep
|turn|28
|choice|move acrobatics|switch 4
|
|switch|p2a: Slowking|Slowking, F|385\/393 tox
|move|p1a: Fletchinder|Acrobatics|p2a: Slowking
|-damage|p2a: Slowking|259\/393 tox
|
|-damage|p2a: Slowking|235\/393 tox|[from] psn
|upkeep
|turn|29
|choice|switch 5|move psyshock
|
|switch|p1a: Bronzong|Bronzong|43\/338
|move|p2a: Slowking|Psyshock|p1a: Bronzong
|-resisted|p1a: Bronzong
|-damage|p1a: Bronzong|26\/338
|
|-heal|p1a: Bronzong|47\/338|[from] item: Leftovers
|-damage|p2a: Slowking|187\/393 tox|[from] psn
|upkeep
|turn|30
|choice|switch 4|move scald
|
|switch|p1a: Virizion|Virizion|323\/323
|move|p2a: Slowking|Scald|p1a: Virizion
|-resisted|p1a: Virizion
|-damage|p1a: Virizion|283\/323
|
|-damage|p2a: Slowking|115\/393 tox|[from] psn
|upkeep
|turn|31
|choice|move leafblade|switch 6
|
|switch|p2a: Audino|Audino, F|384\/410
|move|p1a: Virizion|Leaf Blade|p2a: Audino
|-damage|p2a: Audino|278\/410
|
|upkeep
|turn|32
|choice|switch 6|move healbell mega
|
|switch|p1a: Diancie|Diancie|304\/304
|detailschange|p2a: Audino|Audino-Mega, F
|-mega|p2a: Audino|Audino|Audinite
|move|p2a: Audino|Heal Bell|p2a: Audino
|-activate|p2a: Audino|move: Heal Bell
|-curestatus|p2: Slowking|tox|[msg]
|
|upkeep
|turn|33
|choice|move calmmind|move wish
|
|move|p1a: Diancie|Calm Mind|p1a: Diancie
|-boost|p1a: Diancie|spa|1
|-boost|p1a: Diancie|spd|1
|move|p2a: Audino|Wish|p2a: Audino
|
|upkeep
|turn|34
|choice|move earthpower|switch 6
|
|switch|p2a: Slowking|Slowking, F|246\/393
|move|p1a: Diancie|Earth Power|p2a: Slowking
|-damage|p2a: Slowking|134\/393
|
|-heal|p2a: Slowking|339\/393|[from] move: Wish|[wisher] Audino
|upkeep
|turn|35
|choice|move calmmind|move calmmind
|
|move|p1a: Diancie|Calm Mind|p1a: Diancie
|-boost|p1a: Diancie|spa|1
|-boost|p1a: Diancie|spd|1
|move|p2a: Slowking|Calm Mind|p2a: Slowking
|-boost|p2a: Slowking|spa|1
|-boost|p2a: Slowking|spd|1
|
|upkeep
|turn|36
|choice|move moonblast|move calmmind
|
|move|p1a: Diancie|Moonblast|p2a: Slowking
|-damage|p2a: Slowking|173\/393
|move|p2a: Slowking|Calm Mind|p2a: Slowking
|-boost|p2a: Slowking|spa|1
|-boost|p2a: Slowking|spd|1
|
|upkeep
|turn|37
|choice|move moonblast|move slackoff
|
|move|p1a: Diancie|Moonblast|p2a: Slowking
|-damage|p2a: Slowking|44\/393
|move|p2a: Slowking|Slack Off|p2a: Slowking
|-heal|p2a: Slowking|241\/393
|
|upkeep
|turn|38
|choice|move moonblast|move slackoff
|
|move|p1a: Diancie|Moonblast|p2a: Slowking
|-damage|p2a: Slowking|120\/393
|-unboost|p2a: Slowking|spa|1
|move|p2a: Slowking|Slack Off|p2a: Slowking
|-heal|p2a: Slowking|317\/393
|
|upkeep
|turn|39
|choice|switch 3|move calmmind
|
|switch|p1a: Rotom|Rotom|271\/271
|move|p2a: Slowking|Calm Mind|p2a: Slowking
|-boost|p2a: Slowking|spa|1
|-boost|p2a: Slowking|spd|1
|
|upkeep
|turn|40
|choice|move willowisp|move scald
|
|move|p1a: Rotom|Will-O-Wisp|p2a: Slowking|[miss]
|-miss|p1a: Rotom|p2a: Slowking
|move|p2a: Slowking|Scald|p1a: Rotom
|-damage|p1a: Rotom|58\/271
|-status|p1a: Rotom|brn
|
|-heal|p1a: Rotom|74\/271 brn|[from] item: Leftovers
|-damage|p1a: Rotom|41\/271 brn|[from] brn
|upkeep
|turn|41
|choice|move willowisp|move scald
|
|move|p1a: Rotom|Will-O-Wisp|p2a: Slowking
|-status|p2a: Slowking|brn
|move|p2a: Slowking|Scald|p1a: Rotom
|-damage|p1a: Rotom|0 fnt
|faint|p1a: Rotom
|
|-damage|p2a: Slowking|268\/393 brn|[from] brn
|upkeep
|choice|switch 6|
|
|switch|p1a: Virizion|Virizion|283\/323
|turn|42
|choice|switch 4|move psyshock
|
|switch|p1a: Bronzong|Bronzong|47\/338
|move|p2a: Slowking|Psyshock|p1a: Bronzong
|-resisted|p1a: Bronzong
|-damage|p1a: Bronzong|14\/338
|
|-heal|p1a: Bronzong|35\/338|[from] item: Leftovers
|-damage|p2a: Slowking|219\/393 brn|[from] brn
|upkeep
|turn|43
|choice|move stealthrock|move slackoff
|
|move|p1a: Bronzong|Stealth Rock|p2a: Slowking
|-sidestart|p2: Incandescent space|move: Stealth Rock
|move|p2a: Slowking|Slack Off|p2a: Slowking
|-heal|p2a: Slowking|393\/393 brn
|
|-heal|p1a: Bronzong|56\/338|[from] item: Leftovers
|-damage|p2a: Slowking|344\/393 brn|[from] brn
|upkeep
|turn|44
|choice|move earthquake|move scald
|
|move|p1a: Bronzong|Earthquake|p2a: Slowking
|-damage|p2a: Slowking|289\/393 brn
|move|p2a: Slowking|Scald|p1a: Bronzong
|-damage|p1a: Bronzong|0 fnt
|faint|p1a: Bronzong
|
|-damage|p2a: Slowking|240\/393 brn|[from] brn
|upkeep
|choice|switch 4|
|
|switch|p1a: Virizion|Virizion|283\/323
|turn|45
|choice|move leafblade|move psyshock
|
|move|p1a: Virizion|Leaf Blade|p2a: Slowking
|-supereffective|p2a: Slowking
|-damage|p2a: Slowking|40\/393 brn
|move|p2a: Slowking|Psyshock|p1a: Virizion
|-supereffective|p1a: Virizion
|-damage|p1a: Virizion|0 fnt
|faint|p1a: Virizion
|
|-damage|p2a: Slowking|0 fnt|[from] brn
|upkeep
|faint|p2a: Slowking
|choice|switch 5|switch 2
|
|switch|p1a: Fletchinder|Fletchinder, M|192\/303
|switch|p2a: Registeel|Registeel|91\/364
|-damage|p2a: Registeel|69\/364|[from] stealthrock
|turn|46
|choice|switch 3|move toxic
|
|switch|p1a: Diancie|Diancie|304\/304
|move|p2a: Registeel|Toxic|p1a: Diancie|[miss]
|-miss|p2a: Registeel|p1a: Diancie
|
|-heal|p2a: Registeel|91\/364|[from] item: Leftovers
|upkeep
|turn|47
|choice|move substitute|switch 4
|
|switch|p2a: Virizion|Virizion|276\/323
|-damage|p2a: Virizion|256\/323|[from] stealthrock
|move|p1a: Diancie|Substitute|p1a: Diancie
|-start|p1a: Diancie|Substitute
|-damage|p1a: Diancie|228\/304
|
|-heal|p1a: Diancie|247\/304|[from] item: Leftovers
|upkeep
|turn|48
|choice|move moonblast|move leafblade
|
|move|p2a: Virizion|Leaf Blade|p1a: Diancie
|-supereffective|p1a: Diancie
|-end|p1a: Diancie|Substitute
|move|p1a: Diancie|Moonblast|p2a: Virizion
|-supereffective|p2a: Virizion
|-damage|p2a: Virizion|22\/323
|
|-heal|p1a: Diancie|266\/304|[from] item: Leftovers
|upkeep
|turn|49
|choice|switch 3|move closecombat
|
|switch|p1a: Fletchinder|Fletchinder, M|192\/303
|move|p2a: Virizion|Close Combat|p1a: Fletchinder
|-resisted|p1a: Fletchinder
|-damage|p1a: Fletchinder|65\/303
|-unboost|p2a: Virizion|def|1
|-unboost|p2a: Virizion|spd|1
|
|upkeep
|turn|50
|choice|move acrobatics|switch 4
|
|switch|p2a: Registeel|Registeel|91\/364
|-damage|p2a: Registeel|69\/364|[from] stealthrock
|move|p1a: Fletchinder|Acrobatics|p2a: Registeel
|-resisted|p2a: Registeel
|-damage|p2a: Registeel|18\/364
|
|-heal|p2a: Registeel|40\/364|[from] item: Leftovers
|upkeep
|turn|51
|choice|move acrobatics|move toxic
|
|move|p1a: Fletchinder|Acrobatics|p2a: Registeel
|-resisted|p2a: Registeel
|-damage|p2a: Registeel|0 fnt
|faint|p2a: Registeel
|
|upkeep
|c|☆Incandescent space|gg
|-message|Incandescent space forfeited.
|
|win|Real FV13 ª
|l|Incandescent space
|l|Garay oak
|j|Garay oak</script>
</div>
<div class="battle-log battle-log-inline"><div class="inner"><div class="battle-options"></div><div class="inner"><div class="chat"><small>Real FV13 ª joined.</small></div><div class="chat"><small>Incandescent space joined.</small></div><div class=""><small>Format:</small> <br><strong>RU</strong></div><div class=""><small><em>Sleep Clause Mod:</em> Limit one foe put to sleep</small></div><div class=""><small><em>Species Clause:</em> Limit one of each Pokémon</small></div><div class=""><small><em>OHKO Clause:</em> OHKO moves are banned</small></div><div class=""><small><em>Moody Clause:</em> Moody is banned</small></div><div class=""><small><em>Evasion Moves Clause:</em> Evasion moves are banned</small></div><div class=""><small><em>Endless Battle Clause:</em> Forcing endless battles is banned</small></div><div class=""><small><em>HP Percentage Mod:</em> HP is shown in percentages</small></div><div class=""><small><em>Swagger Clause:</em> Swagger is banned</small></div><div class=""><small><em>Baton Pass Clause:</em> Limit one Baton Passer, can't pass Spe and other stats simultaneously</small></div><div class="chat battle-history"><strong>Real FV13 ª's team:</strong> <em style="color:#445566;display:block;">Diancie / Virizion / Rotom / Blastoise / Fletchinder / Bronzong</em></div><div class="chat battle-history"><strong>Incandescent space's team:</strong> <em style="color:#445566;display:block;">Registeel / Virizion / Slowking / Drapion / Audino / Flygon</em></div><div class="chat"><small>AriiStella joined.</small></div><div class="chat"><small>Garay oak joined.</small></div><div class="chat chatmessage-garayoak"><strong style="color:hsl(180,40%,51.02009642336%)"><small> </small><span class="username" data-name="Garay oak">Garay oak</span>:</strong> <em>fv ure trash</em></div><div class="chat chatmessage-incandescentspace"><strong style="color:hsl(97,89%,31%)"><small>☆</small><span class="username" data-name="Incandescent space">Incandescent space</span>:</strong> <em>Hf</em></div><div class="chat chatmessage-garayoak"><strong style="color:hsl(180,40%,51.02009642336%)"><small> </small><span class="username" data-name="Garay oak">Garay oak</span>:</strong> <em>but ure gonna win</em></div><div class="chat chatmessage-realfv13"><strong style="color:hsl(125,49%,44.67918745872897%)"><small>☆</small><span class="username" data-name="Real FV13 ª">Real FV13 ª</span>:</strong> <em>have fun</em></div><div class="chat chatmessage-realfv13"><strong style="color:hsl(125,49%,44.67918745872897%)"><small>☆</small><span class="username" data-name="Real FV13 ª">Real FV13 ª</span>:</strong> <em>my net is aids</em></div><div class="spacer battle-history"><br></div><div class="battle-history">Battle started between Real FV13 ª and Incandescent space!<br></div><div class="spacer battle-history"><br></div><div class="battle-history">Go! <strong>Fletchinder</strong>!<br></div><div class="spacer battle-history"><br></div><div class="battle-history">Incandescent space sent out <strong>Slowking</strong>!<br></div><div class="spacer battle-history"><br></div><h2 class="battle-history">Turn 1</h2><div class="chat chatmessage-realfv13"><strong style="color:hsl(125,49%,44.67918745872897%)"><small>☆</small><span class="username" data-name="Real FV13 ª">Real FV13 ª</span>:</strong> <em>0.5M</em></div><div class="chat chatmessage-realfv13"><strong style="color:hsl(125,49%,44.67918745872897%)"><small>☆</small><span class="username" data-name="Real FV13 ª">Real FV13 ª</span>:</strong> <em>hope no dc</em></div><div class="spacer battle-history"><br></div><div class="battle-history">Fletchinder, come back!<br></div><div class="battle-history">Go! <strong>Blastoise</strong>!<br></div><div class="spacer battle-history"><br></div><div class="battle-history">The opposing Slowking used <strong>Scald</strong>!<br></div><div class="battle-history"><small>It's not very effective...</small><br></div><div class="battle-history"><small>(Blastoise lost <abbr title="−41/361">11.4%</abbr> of its health!)</small><br></div><div class="spacer battle-history"><br></div><div class="battle-history"><small>Blastoise restored a little HP using its Leftovers!</small><br></div><div class="spacer battle-history"><br></div><h2 class="battle-history">Turn 2</h2><div class="spacer battle-history"><br></div><div class="battle-history">Incandescent space withdrew Slowking!<br></div><div class="battle-history">Incandescent space sent out <strong>Registeel</strong>!<br></div><div class="spacer battle-history"><br></div><div class="battle-history">Blastoise used <strong>Scald</strong>!<br></div><div class="battle-history"><small>(The opposing Registeel lost <abbr title="−49/364">13.5%</abbr> of its health!)</small><br></div><div class="spacer battle-history"><br></div><div class="battle-history"><small>Blastoise restored a little HP using its Leftovers!</small><br></div><div class="battle-history"><small>The opposing Registeel restored a little HP using its Leftovers!</small><br></div><div class="spacer battle-history"><br></div><h2 class="battle-history">Turn 3</h2><div class="spacer battle-history"><br></div><div class="battle-history">Blastoise used <strong>Scald</strong>!<br></div><div class="battle-history"><small>(The opposing Registeel lost <abbr title="−48/364">13.2%</abbr> of its health!)</small><br></div><div class="spacer battle-history"><br></div><div class="battle-history">The opposing Registeel used <strong>Stealth Rock</strong>!<br></div><div class="battle-history"><small>Pointed stones float in the air around your team!</small><br></div><div class="spacer battle-history"><br></div><div class="battle-history"><small>The opposing Registeel restored a little HP using its Leftovers!</small><br></div><div class="spacer battle-history"><br></div><h2 class="battle-history">Turn 4</h2><div class="spacer battle-history"><br></div><div class="battle-history">Blastoise used <strong>Rapid Spin</strong>!<br></div><div class="battle-history"><small>It's not very effective...</small><br></div><div class="battle-history"><small>(The opposing Registeel lost <abbr title="−5/364">1.4%</abbr> of its health!)</small><br></div><div class="battle-history"><small>The pointed stones disappeared from around your team!</small><br></div><div class="spacer battle-history"><br></div><div class="battle-history">The opposing Registeel used <strong>Toxic</strong>!<br></div><div class="battle-history"><small>Blastoise was badly poisoned!</small><br></div><div class="spacer battle-history"><br></div><div class="battle-history"><small>The opposing Registeel restored a little HP using its Leftovers!</small><br></div><div class="battle-history"><small>Blastoise was hurt by poison!</small><br></div><div class="spacer battle-history"><br></div><h2 class="battle-history">Turn 5</h2><div class="spacer battle-history"><br></div><div class="battle-history">Blastoise used <strong>Scald</strong>!<br></div><div class="battle-history"><small>(The opposing Registeel lost <abbr title="−43/364">11.8%</abbr> of its health!)</small><br></div><div class="battle-history"><small>The opposing Registeel was burned!</small><br></div><div class="spacer battle-history"><br></div><div class="battle-history">The opposing Registeel used <strong>Stealth Rock</strong>!<br></div><div class="battle-history"><small>Pointed stones float in the air around your team!</small><br></div><div class="spacer battle-history"><br></div><div class="battle-history"><small>Blastoise restored a little HP using its Leftovers!</small><br></div><div class="battle-history"><small>The opposing Registeel restored a little HP using its Leftovers!</small><br></div><div class="battle-history"><small>Blastoise was hurt by poison!</small><br></div><div class="battle-history"><small>The opposing Registeel was hurt by its burn!</small><br></div><div class="spacer battle-history"><br></div><h2 class="battle-history">Turn 6</h2><div class="spacer battle-history"><br></div><div class="battle-history">Blastoise used <strong>Rapid Spin</strong>!<br></div><div class="battle-history"><small>It's not very effective...</small><br></div><div class="battle-history"><small>(The opposing Registeel lost <abbr title="−4/364">1.1%</abbr> of its health!)</small><br></div><div class="battle-history"><small>The pointed stones disappeared from around your team!</small><br></div><div class="spacer battle-history"><br></div><div class="battle-history">The opposing Registeel used <strong>Thunderbolt</strong>!<br></div><div class="battle-history"><small>It's super effective!</small><br></div><div class="battle-history"><small>(Blastoise lost <abbr title="−106/361">29.4%</abbr> of its health!)</small><br></div><div class="spacer battle-history"><br></div><div class="battle-history"><small>Blastoise restored a little HP using its Leftovers!</small><br></div><div class="battle-history"><small>The opposing Registeel restored a little HP using its Leftovers!</small><br></div><div class="battle-history"><small>Blastoise was hurt by poison!</small><br></div><div class="battle-history"><small>The opposing Registeel was hurt by its burn!</small><br></div><div class="spacer battle-history"><br></div><h2 class="battle-history">Turn 7</h2><div class="spacer battle-history"><br></div><div class="battle-history">Blastoise used <strong>Refresh</strong>!<br></div><div class="battle-history"><small>Blastoise was cured of its poisoning.</small><br></div><div class="spacer battle-history"><br></div><div class="battle-history">The opposing Registeel used <strong>Stealth Rock</strong>!<br></div><div class="battle-history"><small>Pointed stones float in the air around your team!</small><br></div><div class="spacer battle-history"><br></div><div class="battle-history"><small>Blastoise restored a little HP using its Leftovers!</small><br></div><div class="battle-history"><small>The opposing Registeel restored a little HP using its Leftovers!</small><br></div><div class="battle-history"><small>The opposing Registeel was hurt by its burn!</small><br></div><div class="spacer battle-history"><br></div><h2 class="battle-history">Turn 8</h2><div class="spacer battle-history"><br></div><div class="battle-history">Blastoise used <strong>Rapid Spin</strong>!<br></div><div class="battle-history"><small>It's not very effective...</small><br></div><div class="battle-history"><small>(The opposing Registeel lost <abbr title="−5/364">1.4%</abbr> of its health!)</small><br></div><div class="battle-history"><small>The pointed stones disappeared from around your team!</small><br></div><div class="spacer battle-history"><br></div><div class="battle-history">The opposing Registeel used <strong>Thunderbolt</strong>!<br></div><div class="battle-history"><small>It's super effective!</small><br></div><div class="battle-history"><small>(Blastoise lost <abbr title="−102/361">28.3%</abbr> of its health!)</small><br></div><div class="spacer battle-history"><br></div><div class="battle-history"><small>Blastoise restored a little HP using its Leftovers!</small><br></div><div class="battle-history"><small>The opposing Registeel restored a little HP using its Leftovers!</small><br></div><div class="battle-history"><small>The opposing Registeel was hurt by its burn!</small><br></div><div class="spacer battle-history"><br></div><h2 class="battle-history">Turn 9</h2><div class="spacer battle-history"><br></div><div class="battle-history">Blastoise used <strong>Scald</strong>!<br></div><div class="battle-history"><small>(The opposing Registeel lost <abbr title="−70/364">19.2%</abbr> of its health!)</small><br></div><div class="spacer battle-history"><br></div><div class="battle-history">The opposing Registeel used <strong>Thunderbolt</strong>!<br></div><div class="battle-history"><small>It's super effective!</small><br></div><div class="battle-history"><small>(Blastoise lost <abbr title="−106/361">29.4%</abbr> of its health!)</small><br></div><div class="spacer battle-history"><br></div><div class="battle-history"><small>Blastoise restored a little HP using its Leftovers!</small><br></div><div class="battle-history"><small>The opposing Registeel restored a little HP using its Leftovers!</small><br></div><div class="battle-history"><small>The opposing Registeel was hurt by its burn!</small><br></div><div class="spacer battle-history"><br></div><h2 class="battle-history">Turn 10</h2><div class="spacer battle-history"><br></div><div class="battle-history">Incandescent space withdrew Registeel!<br></div><div class="battle-history">Incandescent space sent out <strong>Virizion</strong>!<br></div><div class="spacer battle-history"><br></div><div class="battle-history">Blastoise used <strong>Scald</strong>!<br></div><div class="battle-history"><small>It's not very effective...</small><br></div><div class="battle-history"><small>(The opposing Virizion lost <abbr title="−47/323">14.6%</abbr> of its health!)</small><br></div><div class="spacer battle-history"><br></div><div class="battle-history"><small>Blastoise restored a little HP using its Leftovers!</small><br></div><div class="spacer battle-history"><br></div><h2 class="battle-history">Turn 11</h2><div class="spacer battle-history"><br></div><div class="battle-history">Blastoise, come back!<br></div><div class="battle-history">Go! <strong>Bronzong</strong>!<br></div><div class="spacer battle-history"><br></div><div class="battle-history">The opposing Virizion used <strong>Zen Headbutt</strong>!<br></div><div class="battle-history"><small>It's not very effective...</small><br></div><div class="battle-history"><small>(Bronzong lost <abbr title="−13/338">3.8%</abbr> of its health!)</small><br></div><div class="spacer battle-history"><br></div><div class="battle-history"><small>Bronzong restored a little HP using its Leftovers!</small><br></div><div class="spacer battle-history"><br></div><h2 class="battle-history">Turn 12</h2><div class="spacer battle-history"><br></div><div class="battle-history">Incandescent space withdrew Virizion!<br></div><div class="battle-history">Incandescent space sent out <strong>Audino</strong>!<br></div><div class="spacer battle-history"><br></div><div class="battle-history">Bronzong used <strong>Earthquake</strong>!<br></div><div class="battle-history"><small>A critical hit!</small><br></div><div class="battle-history"><small>(The opposing Audino lost <abbr title="−96/410">23.4%</abbr> of its health!)</small><br></div><div class="spacer battle-history"><br></div><h2 class="battle-history">Turn 13</h2><div class="chat"><small>AriiStella left.</small></div><div class="chat chatmessage-realfv13"><strong style="color:hsl(125,49%,44.67918745872897%)"><small>☆</small><span class="username" data-name="Real FV13 ª">Real FV13 ª</span>:</strong> <em>no pls</em></div><div class="chat chatmessage-realfv13"><strong style="color:hsl(125,49%,44.67918745872897%)"><small>☆</small><span class="username" data-name="Real FV13 ª">Real FV13 ª</span>:</strong> <em>fb audino always burn me LOL</em></div><div class="spacer battle-history"><br></div><div class="battle-history">Bronzong used <strong>Stealth Rock</strong>!<br></div><div class="battle-history"><small>Pointed stones float in the air around the opposing team!</small><br></div><div class="spacer battle-history"><br></div><div class="battle-history">The opposing Audino used <strong>Heal Bell</strong>!<br></div><div class="battle-history"><small>A bell chimed!</small><br></div><div class="battle-history"><small>The opposing Registeel's burn was healed.</small><br></div><div class="spacer battle-history"><br></div><h2 class="battle-history">Turn 14</h2><div class="spacer battle-history"><br></div><div class="battle-history">Bronzong used <strong>Zen Headbutt</strong>!<br></div><div class="battle-history"><small>(The opposing Audino lost <abbr title="−66/410">16.1%</abbr> of its health!)</small><br></div><div class="spacer battle-history"><br></div><div class="battle-history">The opposing Audino used <strong>Wish</strong>!<br></div><div class="spacer battle-history"><br></div><h2 class="battle-history">Turn 15</h2><div class="spacer battle-history"><br></div><div class="battle-history">Incandescent space withdrew Audino!<br></div><div class="battle-history">Incandescent space sent out <strong>Flygon</strong>!<br></div><div class="battle-history"><small>Pointed stones dug into the opposing Flygon!</small><br></div><div class="spacer battle-history"><br></div><div class="battle-history">Bronzong used <strong>Earthquake</strong>!<br></div><div class="battle-history"><small>[The opposing Flygon's Levitate]</small><br><small>It doesn't affect the opposing Flygon...</small><br></div><div class="spacer battle-history"><br></div><div class="battle-history"><small>Audino's wish came true!</small><br></div><div class="spacer battle-history"><br></div><h2 class="battle-history">Turn 16</h2><div class="spacer battle-history"><br></div><div class="battle-history">Bronzong, come back!<br></div><div class="battle-history">Go! <strong>Blastoise</strong>!<br></div><div class="spacer battle-history"><br></div><div class="battle-history">The opposing Flygon used <strong>Defog</strong>!<br></div><div class="battle-history"><small>Blastoise's evasiveness fell!</small><br></div><div class="battle-history"><small>The pointed stones disappeared from around the opposing team!</small><br></div><div class="spacer battle-history"><br></div><div class="battle-history"><small>Blastoise restored a little HP using its Leftovers!</small><br></div><div class="spacer battle-history"><br></div><h2 class="battle-history">Turn 17</h2><div class="spacer battle-history"><br></div><div class="battle-history">Blastoise, come back!<br></div><div class="battle-history">Go! <strong>Bronzong</strong>!<br></div><div class="spacer battle-history"><br></div><div class="battle-history">The opposing Flygon used <strong>U-turn</strong>!<br></div><div class="battle-history"><small>(Bronzong lost <abbr title="−50/338">14.8%</abbr> of its health!)</small><br></div><div class="spacer battle-history"><br></div><div class="battle-history">The opposing Flygon went back to Incandescent space!<br></div><div class="battle-history">Incandescent space sent out <strong>Drapion</strong>!<br></div><div class="spacer battle-history"><br></div><div class="battle-history"><small>Bronzong restored a little HP using its Leftovers!</small><br></div><div class="spacer battle-history"><br></div><h2 class="battle-history">Turn 18</h2><div class="spacer battle-history"><br></div><div class="battle-history">The opposing Drapion used <strong>Pursuit</strong>!<br></div><div class="battle-history"><small>It's super effective!</small><br></div><div class="battle-history"><small>(Bronzong lost <abbr title="−84/338">24.9%</abbr> of its health!)</small><br></div><div class="spacer battle-history"><br></div><div class="battle-history">Bronzong used <strong>Earthquake</strong>!<br></div><div class="battle-history"><small>It's super effective!</small><br></div><div class="battle-history"><small>(The opposing Drapion lost <abbr title="−130/281">46.3%</abbr> of its health!)</small><br></div><div class="spacer battle-history"><br></div><div class="battle-history"><small>Bronzong restored a little HP using its Leftovers!</small><br></div><div class="spacer battle-history"><br></div><h2 class="battle-history">Turn 19</h2><div class="spacer battle-history"><br></div><div class="battle-history">Incandescent space withdrew Drapion!<br></div><div class="battle-history">Incandescent space sent out <strong>Flygon</strong>!<br></div><div class="spacer battle-history"><br></div><div class="battle-history">Bronzong used <strong>Iron Head</strong>!<br></div><div class="battle-history"><small>(The opposing Flygon lost <abbr title="−96/311">30.9%</abbr> of its health!)</small><br></div><div class="spacer battle-history"><br></div><div class="battle-history"><small>The opposing Flygon restored a little HP using its Leftovers!</small><br></div><div class="battle-history"><small>Bronzong restored a little HP using its Leftovers!</small><br></div><div class="spacer battle-history"><br></div><h2 class="battle-history">Turn 20</h2><div class="spacer battle-history"><br></div><div class="battle-history">The opposing Flygon used <strong>U-turn</strong>!<br></div><div class="battle-history"><small>(Bronzong lost <abbr title="−51/338">15.1%</abbr> of its health!)</small><br></div><div class="spacer battle-history"><br></div><div class="battle-history">The opposing Flygon went back to Incandescent space!<br></div><div class="battle-history">Incandescent space sent out <strong>Drapion</strong>!<br></div><div class="spacer battle-history"><br></div><div class="battle-history">Bronzong used <strong>Iron Head</strong>!<br></div><div class="battle-history"><small>(The opposing Drapion lost <abbr title="−84/281">29.9%</abbr> of its health!)</small><br></div><div class="spacer battle-history"><br></div><div class="battle-history"><small>Bronzong restored a little HP using its Leftovers!</small><br></div><div class="spacer battle-history"><br></div><h2 class="battle-history">Turn 21</h2><div class="spacer battle-history"><br></div><div class="battle-history"><small>(Bronzong is being withdrawn...)</small><br></div><div class="spacer battle-history"><br></div><div class="battle-history">The opposing Drapion used <strong>Pursuit</strong>!<br></div><div class="battle-history"><small>It's super effective!</small><br></div><div class="battle-history"><small>(Bronzong lost <abbr title="−194/338">57.4%</abbr> of its health!)</small><br></div><div class="spacer battle-history"><br></div><div class="battle-history">Bronzong, come back!<br></div><div class="battle-history">Go! <strong>Diancie</strong>!<br></div><div class="spacer battle-history"><br></div><h2 class="battle-history">Turn 22</h2><div class="spacer battle-history"><br></div><div class="battle-history">Incandescent space withdrew Drapion!<br></div><div class="battle-history">Incandescent space sent out <strong>Slowking</strong>!<br></div><div class="spacer battle-history"><br></div><div class="battle-history">Diancie used <strong>Moonblast</strong>!<br></div><div class="battle-history"><small>(The opposing Slowking lost <abbr title="−115/393">29.3%</abbr> of its health!)</small><br></div><div class="spacer battle-history"><br></div><h2 class="battle-history">Turn 23</h2><div class="spacer battle-history"><br></div><div class="battle-history">Diancie, come back!<br></div><div class="battle-history">Go! <strong>Blastoise</strong>!<br></div><div class="spacer battle-history"><br></div><div class="battle-history">The opposing Slowking used <strong>Scald</strong>!<br></div><div class="battle-history"><small>It's not very effective...</small><br></div><div class="battle-history"><small>(Blastoise lost <abbr title="−45/361">12.5%</abbr> of its health!)</small><br></div><div class="battle-history"><small>Blastoise was burned!</small><br></div><div class="spacer battle-history"><br></div><div class="battle-history"><small>Blastoise restored a little HP using its Leftovers!</small><br></div><div class="battle-history"><small>Blastoise was hurt by its burn!</small><br></div><div class="spacer battle-history"><br></div><h2 class="battle-history">Turn 24</h2><div class="spacer battle-history"><br></div><div class="battle-history">Blastoise used <strong>Toxic</strong>!<br></div><div class="battle-history"><small>The opposing Slowking was badly poisoned!</small><br></div><div class="spacer battle-history"><br></div><div class="battle-history">The opposing Slowking used <strong>Scald</strong>!<br></div><div class="battle-history"><small>It's not very effective...</small><br></div><div class="battle-history"><small>(Blastoise lost <abbr title="−1/361">0.3%</abbr> of its health!)</small><br></div><div class="spacer battle-history"><br></div><div class="battle-history">Blastoise fainted!<br></div><div class="spacer battle-history"><br></div><div class="battle-history"><small>The opposing Slowking was hurt by poison!</small><br></div><div class="spacer battle-history"><br></div><div class="battle-history">Go! <strong>Virizion</strong>!<br></div><div class="spacer battle-history"><br></div><h2 class="battle-history">Turn 25</h2><div class="spacer battle-history"><br></div><div class="battle-history">Incandescent space withdrew Slowking!<br></div><div class="battle-history">Incandescent space sent out <strong>Flygon</strong>!<br></div><div class="spacer battle-history"><br></div><div class="battle-history">Virizion used <strong>Leaf Blade</strong>!<br></div><div class="battle-history"><small>(The opposing Flygon lost <abbr title="−153/311">49.2%</abbr> of its health!)</small><br></div><div class="spacer battle-history"><br></div><div class="battle-history"><small>The opposing Flygon restored a little HP using its Leftovers!</small><br></div><div class="spacer battle-history"><br></div><h2 class="battle-history">Turn 26</h2><div class="spacer battle-history"><br></div><div class="battle-history">Virizion used <strong>Leaf Blade</strong>!<br></div><div class="battle-history"><small>(The opposing Flygon lost <abbr title="−100/311">32.2%</abbr> of its health!)</small><br></div><div class="spacer battle-history"><br></div><div class="battle-history">The opposing Flygon fainted!<br></div><div class="spacer battle-history"><br></div><div class="battle-history">Incandescent space sent out <strong>Virizion</strong>!<br></div><div class="spacer battle-history"><br></div><h2 class="battle-history">Turn 27</h2><div class="spacer battle-history"><br></div><div class="battle-history">Virizion, come back!<br></div><div class="battle-history">Go! <strong>Fletchinder</strong>!<br></div><div class="spacer battle-history"><br></div><div class="battle-history">The opposing Virizion used <strong>Zen Headbutt</strong>!<br></div><div class="battle-history"><small>(Fletchinder lost <abbr title="−111/303">36.6%</abbr> of its health!)</small><br></div><div class="spacer battle-history"><br></div><h2 class="battle-history">Turn 28</h2><div class="spacer battle-history"><br></div><div class="battle-history">Incandescent space withdrew Virizion!<br></div><div class="battle-history">Incandescent space sent out <strong>Slowking</strong>!<br></div><div class="spacer battle-history"><br></div><div class="battle-history">Fletchinder used <strong>Acrobatics</strong>!<br></div><div class="battle-history"><small>(The opposing Slowking lost <abbr title="−126/393">32.1%</abbr> of its health!)</small><br></div><div class="spacer battle-history"><br></div><div class="battle-history"><small>The opposing Slowking was hurt by poison!</small><br></div><div class="spacer battle-history"><br></div><h2 class="battle-history">Turn 29</h2><div class="spacer battle-history"><br></div><div class="battle-history">Fletchinder, come back!<br></div><div class="battle-history">Go! <strong>Bronzong</strong>!<br></div><div class="spacer battle-history"><br></div><div class="battle-history">The opposing Slowking used <strong>Psyshock</strong>!<br></div><div class="battle-history"><small>It's not very effective...</small><br></div><div class="battle-history"><small>(Bronzong lost <abbr title="−17/338">5.0%</abbr> of its health!)</small><br></div><div class="spacer battle-history"><br></div><div class="battle-history"><small>Bronzong restored a little HP using its Leftovers!</small><br></div><div class="battle-history"><small>The opposing Slowking was hurt by poison!</small><br></div><div class="spacer battle-history"><br></div><h2 class="battle-history">Turn 30</h2><div class="spacer battle-history"><br></div><div class="battle-history">Bronzong, come back!<br></div><div class="battle-history">Go! <strong>Virizion</strong>!<br></div><div class="spacer battle-history"><br></div><div class="battle-history">The opposing Slowking used <strong>Scald</strong>!<br></div><div class="battle-history"><small>It's not very effective...</small><br></div><div class="battle-history"><small>(Virizion lost <abbr title="−40/323">12.4%</abbr> of its health!)</small><br></div><div class="spacer battle-history"><br></div><div class="battle-history"><small>The opposing Slowking was hurt by poison!</small><br></div><div class="spacer battle-history"><br></div><h2 class="battle-history">Turn 31</h2><div class="spacer battle-history"><br></div><div class="battle-history">Incandescent space withdrew Slowking!<br></div><div class="battle-history">Incandescent space sent out <strong>Audino</strong>!<br></div><div class="spacer battle-history"><br></div><div class="battle-history">Virizion used <strong>Leaf Blade</strong>!<br></div><div class="battle-history"><small>(The opposing Audino lost <abbr title="−106/410">25.9%</abbr> of its health!)</small><br></div><div class="spacer battle-history"><br></div><h2 class="battle-history">Turn 32</h2><div class="spacer battle-history"><br></div><div class="battle-history">Virizion, come back!<br></div><div class="battle-history">Go! <strong>Diancie</strong>!<br></div><div class="spacer battle-history"><br></div><div class="battle-history"><small>The opposing Audino's Audinite is reacting to Incandescent space's Mega Bracelet!</small><br>The opposing Audino has Mega Evolved into Mega Audino!<br></div><div class="spacer battle-history"><br></div><div class="battle-history">The opposing Audino used <strong>Heal Bell</strong>!<br></div><div class="battle-history"><small>A bell chimed!</small><br></div><div class="battle-history"><small>The opposing Slowking was cured of its poisoning.</small><br></div><div class="spacer battle-history"><br></div><h2 class="battle-history">Turn 33</h2><div class="spacer battle-history"><br></div><div class="battle-history">Diancie used <strong>Calm Mind</strong>!<br></div><div class="battle-history"><small>Diancie's Special Attack rose!</small><br></div><div class="battle-history"><small>Diancie's Special Defense rose!</small><br></div><div class="spacer battle-history"><br></div><div class="battle-history">The opposing Audino used <strong>Wish</strong>!<br></div><div class="spacer battle-history"><br></div><h2 class="battle-history">Turn 34</h2><div class="spacer battle-history"><br></div><div class="battle-history">Incandescent space withdrew Audino!<br></div><div class="battle-history">Incandescent space sent out <strong>Slowking</strong>!<br></div><div class="spacer battle-history"><br></div><div class="battle-history">Diancie used <strong>Earth Power</strong>!<br></div><div class="battle-history"><small>(The opposing Slowking lost <abbr title="−112/393">28.5%</abbr> of its health!)</small><br></div><div class="spacer battle-history"><br></div><div class="battle-history"><small>Audino's wish came true!</small><br></div><div class="spacer battle-history"><br></div><h2 class="battle-history">Turn 35</h2><div class="spacer battle-history"><br></div><div class="battle-history">Diancie used <strong>Calm Mind</strong>!<br></div><div class="battle-history"><small>Diancie's Special Attack rose!</small><br></div><div class="battle-history"><small>Diancie's Special Defense rose!</small><br></div><div class="spacer battle-history"><br></div><div class="battle-history">The opposing Slowking used <strong>Calm Mind</strong>!<br></div><div class="battle-history"><small>The opposing Slowking's Special Attack rose!</small><br></div><div class="battle-history"><small>The opposing Slowking's Special Defense rose!</small><br></div><div class="spacer battle-history"><br></div><h2 class="battle-history">Turn 36</h2><div class="spacer battle-history"><br></div><div class="battle-history">Diancie used <strong>Moonblast</strong>!<br></div><div class="battle-history"><small>(The opposing Slowking lost <abbr title="−166/393">42.2%</abbr> of its health!)</small><br></div><div class="spacer battle-history"><br></div><div class="battle-history">The opposing Slowking used <strong>Calm Mind</strong>!<br></div><div class="battle-history"><small>The opposing Slowking's Special Attack rose!</small><br></div><div class="battle-history"><small>The opposing Slowking's Special Defense rose!</small><br></div><div class="spacer battle-history"><br></div><h2 class="battle-history">Turn 37</h2><div class="spacer battle-history"><br></div><div class="battle-history">Diancie used <strong>Moonblast</strong>!<br></div><div class="battle-history"><small>(The opposing Slowking lost <abbr title="−129/393">32.8%</abbr> of its health!)</small><br></div><div class="spacer battle-history"><br></div><div class="battle-history">The opposing Slowking used <strong>Slack Off</strong>!<br></div><div class="battle-history"><small>The opposing Slowking restored its HP.</small><br></div><div class="spacer battle-history"><br></div><h2 class="battle-history">Turn 38</h2><div class="spacer battle-history"><br></div><div class="battle-history">Diancie used <strong>Moonblast</strong>!<br></div><div class="battle-history"><small>(The opposing Slowking lost <abbr title="−121/393">30.8%</abbr> of its health!)</small><br></div><div class="battle-history"><small>The opposing Slowking's Special Attack fell!</small><br></div><div class="spacer battle-history"><br></div><div class="battle-history">The opposing Slowking used <strong>Slack Off</strong>!<br></div><div class="battle-history"><small>The opposing Slowking restored its HP.</small><br></div><div class="spacer battle-history"><br></div><h2 class="battle-history">Turn 39</h2><div class="spacer battle-history"><br></div><div class="battle-history">Diancie, come back!<br></div><div class="battle-history">Go! <strong>Rotom</strong>!<br></div><div class="spacer battle-history"><br></div><div class="battle-history">The opposing Slowking used <strong>Calm Mind</strong>!<br></div><div class="battle-history"><small>The opposing Slowking's Special Attack rose!</small><br></div><div class="battle-history"><small>The opposing Slowking's Special Defense rose!</small><br></div><div class="spacer battle-history"><br></div><h2 class="battle-history">Turn 40</h2><div class="spacer battle-history"><br></div><div class="battle-history">Rotom used <strong>Will-O-Wisp</strong>!<br></div><div class="battle-history"><small>The opposing Slowking avoided the attack!</small><br></div><div class="spacer battle-history"><br></div><div class="battle-history">The opposing Slowking used <strong>Scald</strong>!<br></div><div class="battle-history"><small>(Rotom lost <abbr title="−213/271">78.6%</abbr> of its health!)</small><br></div><div class="battle-history"><small>Rotom was burned!</small><br></div><div class="spacer battle-history"><br></div><div class="battle-history"><small>Rotom restored a little HP using its Leftovers!</small><br></div><div class="battle-history"><small>Rotom was hurt by its burn!</small><br></div><div class="spacer battle-history"><br></div><h2 class="battle-history">Turn 41</h2><div class="spacer battle-history"><br></div><div class="battle-history">Rotom used <strong>Will-O-Wisp</strong>!<br></div><div class="battle-history"><small>The opposing Slowking was burned!</small><br></div><div class="spacer battle-history"><br></div><div class="battle-history">The opposing Slowking used <strong>Scald</strong>!<br></div><div class="battle-history"><small>(Rotom lost <abbr title="−41/271">15.1%</abbr> of its health!)</small><br></div><div class="spacer battle-history"><br></div><div class="battle-history">Rotom fainted!<br></div><div class="spacer battle-history"><br></div><div class="battle-history"><small>The opposing Slowking was hurt by its burn!</small><br></div><div class="spacer battle-history"><br></div><div class="battle-history">Go! <strong>Virizion</strong>!<br></div><div class="spacer battle-history"><br></div><h2 class="battle-history">Turn 42</h2><div class="spacer battle-history"><br></div><div class="battle-history">Virizion, come back!<br></div><div class="battle-history">Go! <strong>Bronzong</strong>!<br></div><div class="spacer battle-history"><br></div><div class="battle-history">The opposing Slowking used <strong>Psyshock</strong>!<br></div><div class="battle-history"><small>It's not very effective...</small><br></div><div class="battle-history"><small>(Bronzong lost <abbr title="−33/338">9.8%</abbr> of its health!)</small><br></div><div class="spacer battle-history"><br></div><div class="battle-history"><small>Bronzong restored a little HP using its Leftovers!</small><br></div><div class="battle-history"><small>The opposing Slowking was hurt by its burn!</small><br></div><div class="spacer battle-history"><br></div><h2 class="battle-history">Turn 43</h2><div class="spacer battle-history"><br></div><div class="battle-history">Bronzong used <strong>Stealth Rock</strong>!<br></div><div class="battle-history"><small>Pointed stones float in the air around the opposing team!</small><br></div><div class="spacer battle-history"><br></div><div class="battle-history">The opposing Slowking used <strong>Slack Off</strong>!<br></div><div class="battle-history"><small>The opposing Slowking restored its HP.</small><br></div><div class="spacer battle-history"><br></div><div class="battle-history"><small>Bronzong restored a little HP using its Leftovers!</small><br></div><div class="battle-history"><small>The opposing Slowking was hurt by its burn!</small><br></div><div class="spacer battle-history"><br></div><h2 class="battle-history">Turn 44</h2><div class="spacer battle-history"><br></div><div class="battle-history">Bronzong used <strong>Earthquake</strong>!<br></div><div class="battle-history"><small>(The opposing Slowking lost <abbr title="−55/393">14.0%</abbr> of its health!)</small><br></div><div class="spacer battle-history"><br></div><div class="battle-history">The opposing Slowking used <strong>Scald</strong>!<br></div><div class="battle-history"><small>(Bronzong lost <abbr title="−56/338">16.6%</abbr> of its health!)</small><br></div><div class="spacer battle-history"><br></div><div class="battle-history">Bronzong fainted!<br></div><div class="spacer battle-history"><br></div><div class="battle-history"><small>The opposing Slowking was hurt by its burn!</small><br></div><div class="spacer battle-history"><br></div><div class="battle-history">Go! <strong>Virizion</strong>!<br></div><div class="spacer battle-history"><br></div><h2 class="battle-history">Turn 45</h2><div class="spacer battle-history"><br></div><div class="battle-history">Virizion used <strong>Leaf Blade</strong>!<br></div><div class="battle-history"><small>It's super effective!</small><br></div><div class="battle-history"><small>(The opposing Slowking lost <abbr title="−200/393">50.9%</abbr> of its health!)</small><br></div><div class="spacer battle-history"><br></div><div class="battle-history">The opposing Slowking used <strong>Psyshock</strong>!<br></div><div class="battle-history"><small>It's super effective!</small><br></div><div class="battle-history"><small>(Virizion lost <abbr title="−283/323">87.6%</abbr> of its health!)</small><br></div><div class="spacer battle-history"><br></div><div class="battle-history">Virizion fainted!<br></div><div class="spacer battle-history"><br></div><div class="battle-history"><small>The opposing Slowking was hurt by its burn!</small><br></div><div class="spacer battle-history"><br></div><div class="battle-history">The opposing Slowking fainted!<br></div><div class="spacer battle-history"><br></div><div class="battle-history">Go! <strong>Fletchinder</strong>!<br></div><div class="spacer battle-history"><br></div><div class="battle-history">Incandescent space sent out <strong>Registeel</strong>!<br></div><div class="battle-history"><small>Pointed stones dug into the opposing Registeel!</small><br></div><div class="spacer battle-history"><br></div><h2 class="battle-history">Turn 46</h2><div class="spacer battle-history"><br></div><div class="battle-history">Fletchinder, come back!<br></div><div class="battle-history">Go! <strong>Diancie</strong>!<br></div><div class="spacer battle-history"><br></div><div class="battle-history">The opposing Registeel used <strong>Toxic</strong>!<br></div><div class="battle-history"><small>Diancie avoided the attack!</small><br></div><div class="spacer battle-history"><br></div><div class="battle-history"><small>The opposing Registeel restored a little HP using its Leftovers!</small><br></div><div class="spacer battle-history"><br></div><h2 class="battle-history">Turn 47</h2><div class="spacer battle-history"><br></div><div class="battle-history">Incandescent space withdrew Registeel!<br></div><div class="battle-history">Incandescent space sent out <strong>Virizion</strong>!<br></div><div class="battle-history"><small>Pointed stones dug into the opposing Virizion!</small><br></div><div class="spacer battle-history"><br></div><div class="battle-history">Diancie used <strong>Substitute</strong>!<br></div><div class="battle-history"><small>Diancie put in a substitute!</small><br></div><div class="battle-history"><small>(Diancie lost <abbr title="−76/304">25%</abbr> of its health!)</small><br></div><div class="spacer battle-history"><br></div><div class="battle-history"><small>Diancie restored a little HP using its Leftovers!</small><br></div><div class="spacer battle-history"><br></div><h2 class="battle-history">Turn 48</h2><div class="spacer battle-history"><br></div><div class="battle-history">The opposing Virizion used <strong>Leaf Blade</strong>!<br></div><div class="battle-history"><small>It's super effective!</small><br></div><div class="battle-history"><small>Diancie's substitute faded!</small><br></div><div class="spacer battle-history"><br></div><div class="battle-history">Diancie used <strong>Moonblast</strong>!<br></div><div class="battle-history"><small>It's super effective!</small><br></div><div class="battle-history"><small>(The opposing Virizion lost <abbr title="−234/323">72.4%</abbr> of its health!)</small><br></div><div class="spacer battle-history"><br></div><div class="battle-history"><small>Diancie restored a little HP using its Leftovers!</small><br></div><div class="spacer battle-history"><br></div><h2 class="battle-history">Turn 49</h2><div class="spacer battle-history"><br></div><div class="battle-history">Diancie, come back!<br></div><div class="battle-history">Go! <strong>Fletchinder</strong>!<br></div><div class="spacer battle-history"><br></div><div class="battle-history">The opposing Virizion used <strong>Close Combat</strong>!<br></div><div class="battle-history"><small>It's not very effective...</small><br></div><div class="battle-history"><small>(Fletchinder lost <abbr title="−127/303">41.9%</abbr> of its health!)</small><br></div><div class="battle-history"><small>The opposing Virizion's Defense fell!</small><br></div><div class="battle-history"><small>The opposing Virizion's Special Defense fell!</small><br></div><div class="spacer battle-history"><br></div><h2 class="battle-history">Turn 50</h2><div class="spacer battle-history"><br></div><div class="battle-history">Incandescent space withdrew Virizion!<br></div><div class="battle-history">Incandescent space sent out <strong>Registeel</strong>!<br></div><div class="battle-history"><small>Pointed stones dug into the opposing Registeel!</small><br></div><div class="spacer battle-history"><br></div><div class="battle-history">Fletchinder used <strong>Acrobatics</strong>!<br></div><div class="battle-history"><small>It's not very effective...</small><br></div><div class="battle-history"><small>(The opposing Registeel lost <abbr title="−51/364">14.0%</abbr> of its health!)</small><br></div><div class="spacer battle-history"><br></div><div class="battle-history"><small>The opposing Registeel restored a little HP using its Leftovers!</small><br></div><div class="spacer battle-history"><br></div><h2 class="battle-history">Turn 51</h2><div class="spacer battle-history"><br></div><div class="battle-history">Fletchinder used <strong>Acrobatics</strong>!<br></div><div class="battle-history"><small>It's not very effective...</small><br></div><div class="battle-history"><small>(The opposing Registeel lost <abbr title="−40/364">11.0%</abbr> of its health!)</small><br></div><div class="spacer battle-history"><br></div><div class="battle-history">The opposing Registeel fainted!<br></div><div class="chat chatmessage-incandescentspace"><strong style="color:hsl(97,89%,31%)"><small>☆</small><span class="username" data-name="Incandescent space">Incandescent space</span>:</strong> <em>gg</em></div><div class="spacer battle-history"><br></div><div class="battle-history"><small>Incandescent space forfeited.</small><br></div><div class="spacer battle-history"><br></div><div class="battle-history"><strong>Real FV13 ª</strong> won the battle!<br></div><div class="chat"><small>Incandescent space left.</small></div><div class="chat"><small>Garay oak left.</small></div><div class="chat"><small>Garay oak joined.</small></div></div><div class="inner-preempt"></div></div></div>
</div>
<script>
let daily = Math.floor(Date.now()/1000/60/60/24);document.write('<script src="https://play.pokemonshowdown.com/js/replay-embed.js?version'+daily+'"></'+'script>');
</script>
