<!DOCTYPE html>
<meta charset="utf-8" />
<!-- version 1 -->
<title>RU replay: NerdyTristan vs. Darksage95</title>
<style>
html,body {font-family:Verdana, sans-serif;font-size:10pt;margin:0;padding:0;}body{padding:12px 0;} .battle-log {font-family:Verdana, sans-serif;font-size:10pt;} .battle-log-inline {border:1px solid #AAAAAA;background:#EEF2F5;color:black;max-width:640px;margin:0 auto 80px;padding-bottom:5px;} .battle-log .inner {padding:4px 8px 0px 8px;} .battle-log .inner-preempt {padding:0 8px 4px 8px;} .battle-log .inner-after {margin-top:0.5em;} .battle-log h2 {margin:0.5em -8px;padding:4px 8px;border:1px solid #AAAAAA;background:#E0E7EA;border-left:0;border-right:0;font-family:Verdana, sans-serif;font-size:13pt;} .battle-log .chat {vertical-align:middle;padding:3px 0 3px 0;font-size:8pt;} .battle-log .chat strong {color:#40576A;} .battle-log .chat em {padding:1px 4px 1px 3px;color:#000000;font-style:normal;} .chat.mine {background:rgba(0,0,0,0.05);margin-left:-8px;margin-right:-8px;padding-left:8px;padding-right:8px;} .spoiler {color:#BBBBBB;background:#BBBBBB;padding:0px 3px;} .spoiler:hover, .spoiler:active, .spoiler-shown {color:#000000;background:#E2E2E2;padding:0px 3px;} .spoiler a {color:#BBBBBB;} .spoiler:hover a, .spoiler:active a, .spoiler-shown a {color:#2288CC;} .chat code, .chat .spoiler:hover code, .chat .spoiler:active code, .chat .spoiler-shown code {border:1px solid #C0C0C0;background:#EEEEEE;color:black;padding:0 2px;} .chat .spoiler code {border:1px solid #CCCCCC;background:#CCCCCC;color:#CCCCCC;} .battle-log .rated {padding:3px 4px;} .battle-log .rated strong {color:white;background:#89A;padding:1px 4px;border-radius:4px;} .spacer {margin-top:0.5em;} .message-announce {background:#6688AA;color:white;padding:1px 4px 2px;} .message-announce a, .broadcast-green a, .broadcast-blue a, .broadcast-red a {color:#DDEEFF;} .broadcast-green {background-color:#559955;color:white;padding:2px 4px;} .broadcast-blue {background-color:#6688AA;color:white;padding:2px 4px;} .infobox {border:1px solid #6688AA;padding:2px 4px;} .infobox-limited {max-height:200px;overflow:auto;overflow-x:hidden;} .broadcast-red {background-color:#AA5544;color:white;padding:2px 4px;} .message-learn-canlearn {font-weight:bold;color:#228822;text-decoration:underline;} .message-learn-cannotlearn {font-weight:bold;color:#CC2222;text-decoration:underline;} .message-effect-weak {font-weight:bold;color:#CC2222;} .message-effect-resist {font-weight:bold;color:#6688AA;} .message-effect-immune {font-weight:bold;color:#666666;} .message-learn-list {margin-top:0;margin-bottom:0;} .message-throttle-notice, .message-error {color:#992222;} .message-overflow, .chat small.message-overflow {font-size:0pt;} .message-overflow::before {font-size:9pt;content:'...';} .subtle {color:#3A4A66;}
</style>
<div class="wrapper replay-wrapper" style="max-width:1180px;margin:0 auto">
<input type="hidden" name="replayid" value="ru-495004052" />
<div class="battle"></div><div class="battle-log"></div><div class="replay-controls"></div><div class="replay-controls-2"></div>
<h1 style="font-weight:normal;text-align:center"><strong>RU</strong><br /><a href="http://pokemonshowdown.com/users/nerdytristan" class="subtle" target="_blank">NerdyTristan</a> vs. <a href="http://pokemonshowdown.com/users/darksage95" class="subtle" target="_blank">Darksage95</a></h1>
<script type="text/plain" class="battle-log-data">|j|NerdyTristan
|j|Darksage95
|player|p1|NerdyTristan|101
|player|p2|Darksage95|205
|gametype|singles
|gen|6
|tier|RU
|seed|62439,2725,53413,59237
|rule|Sleep Clause Mod: Limit one foe put to sleep
|rule|Species Clause: Limit one of each Pokémon
|rule|OHKO Clause: OHKO moves are banned
|rule|Moody Clause: Moody is banned
|rule|Evasion Moves Clause: Evasion moves are banned
|rule|Endless Battle Clause: Forcing endless battles is banned
|rule|HP Percentage Mod: HP is shown in percentages
|clearpoke
|poke|p1|Camerupt, M|item
|poke|p1|Bronzong|item
|poke|p1|Flygon, M|item
|poke|p1|Virizion|item
|poke|p1|Diancie|item
|poke|p1|Barbaracle, F|item
|poke|p2|Aerodactyl, F|item
|poke|p2|Dragonair, F|item
|poke|p2|Sceptile, M|item
|poke|p2|Aurorus, F|item
|poke|p2|Raichu, M|item
|poke|p2|Ninetales, F, shiny|item
|rule|Swagger Clause: Swagger is banned
|rule|Baton Pass Clause: Limit one Baton Passer, can't pass Spe and other stats simultaneously
|teampreview
|choice|team 2, team 1, team 3, team 4, team 5, team 6|team 6, team 2, team 3, team 4, team 5, team 1
|
|start
|switch|p1a: Bronzong|Bronzong|338\/338
|switch|p2a: Rao|Ninetales, F, shiny|350\/350
|turn|1
|c|★Darksage95|dang
|choice|move stealthrock|move flamethrower
|
|move|p2a: Rao|Flamethrower|p1a: Bronzong
|-supereffective|p1a: Bronzong
|-damage|p1a: Bronzong|210\/338
|move|p1a: Bronzong|Stealth Rock|p2a: Rao
|-sidestart|p2: Darksage95|move: Stealth Rock
|
|-heal|p1a: Bronzong|231\/338|[from] item: Leftovers
|upkeep
|turn|2
|c|★Darksage95|forgot to switch out items
|choice|move earthquake|move hypnosis
|
|move|p2a: Rao|Hypnosis|p1a: Bronzong
|-status|p1a: Bronzong|slp
|cant|p1a: Bronzong|slp
|
|-heal|p1a: Bronzong|252\/338 slp|[from] item: Leftovers
|upkeep
|turn|3
|choice|move earthquake|move substitute
|
|move|p2a: Rao|Substitute|p2a: Rao
|-start|p2a: Rao|Substitute
|-damage|p2a: Rao|263\/350
|cant|p1a: Bronzong|slp
|
|-heal|p1a: Bronzong|273\/338 slp|[from] item: Leftovers
|upkeep
|turn|4
|choice|move earthquake|move flamethrower
|
|move|p2a: Rao|Flamethrower|p1a: Bronzong
|-supereffective|p1a: Bronzong
|-damage|p1a: Bronzong|145\/338 slp
|-curestatus|p1a: Bronzong|slp|[msg]
|move|p1a: Bronzong|Earthquake|p2a: Rao
|-supereffective|p2a: Rao
|-end|p2a: Rao|Substitute
|
|-heal|p1a: Bronzong|166\/338|[from] item: Leftovers
|upkeep
|turn|5
|choice|move earthquake|move hypnosis
|
|move|p2a: Rao|Hypnosis|p1a: Bronzong
|-status|p1a: Bronzong|slp
|cant|p1a: Bronzong|slp
|
|-heal|p1a: Bronzong|187\/338 slp|[from] item: Leftovers
|upkeep
|turn|6
|choice|switch 6|move flamethrower
|
|switch|p1a: Barbaracle|Barbaracle, F|285\/285
|move|p2a: Rao|Flamethrower|p1a: Barbaracle
|-resisted|p1a: Barbaracle
|-crit|p1a: Barbaracle
|-damage|p1a: Barbaracle|245\/285
|
|upkeep
|turn|7
|choice|move razorshell|move willowisp
|
|move|p2a: Rao|Will-O-Wisp|p1a: Barbaracle
|-status|p1a: Barbaracle|brn
|-enditem|p1a: Barbaracle|Lum Berry|[eat]
|-curestatus|p1a: Barbaracle|brn|[msg]
|move|p1a: Barbaracle|Razor Shell|p2a: Rao
|-supereffective|p2a: Rao
|-damage|p2a: Rao|0 fnt
|faint|p2a: Rao
|
|upkeep
|c|★Darksage95|gr
|choice||switch 3
|
|switch|p2a: Aladar|Sceptile, M|281\/281
|-damage|p2a: Aladar|246\/281|[from] Stealth Rock
|turn|8
|choice|move poisonjab|move earthquake
|
|move|p2a: Aladar|Earthquake|p1a: Barbaracle
|-supereffective|p1a: Barbaracle
|-damage|p1a: Barbaracle|32\/285
|-damage|p2a: Aladar|218\/281|[from] item: Life Orb
|move|p1a: Barbaracle|Poison Jab|p2a: Aladar
|-supereffective|p2a: Aladar
|-damage|p2a: Aladar|0 fnt
|faint|p2a: Aladar
|
|upkeep
|c|★NerdyTristan|heh
|choice||switch 5
|
|switch|p2a: Electro|Raichu, M|261\/261
|-damage|p2a: Electro|229\/261|[from] Stealth Rock
|turn|9
|choice|switch 5|move thunderbolt
|
|switch|p1a: Diancie|Diancie|304\/304
|move|p2a: Electro|Thunderbolt|p1a: Diancie
|-damage|p1a: Diancie|187\/304
|-damage|p2a: Electro|203\/261|[from] item: Life Orb
|
|-heal|p1a: Diancie|206\/304|[from] item: Leftovers
|upkeep
|turn|10
|choice|move calmmind|move nastyplot
|
|move|p2a: Electro|Nasty Plot|p2a: Electro
|-boost|p2a: Electro|spa|2
|move|p1a: Diancie|Calm Mind|p1a: Diancie
|-boost|p1a: Diancie|spa|1
|-boost|p1a: Diancie|spd|1
|
|-heal|p1a: Diancie|225\/304|[from] item: Leftovers
|upkeep
|turn|11
|choice|move calmmind|move nastyplot
|
|move|p2a: Electro|Nasty Plot|p2a: Electro
|-boost|p2a: Electro|spa|2
|move|p1a: Diancie|Calm Mind|p1a: Diancie
|-boost|p1a: Diancie|spa|1
|-boost|p1a: Diancie|spd|1
|
|-heal|p1a: Diancie|244\/304|[from] item: Leftovers
|upkeep
|turn|12
|c|★NerdyTristan|)
|c|★NerdyTristan|really
|choice|move calmmind|move thunderbolt
|
|move|p2a: Electro|Thunderbolt|p1a: Diancie
|-damage|p1a: Diancie|88\/304
|-status|p1a: Diancie|par
|-damage|p2a: Electro|177\/261|[from] item: Life Orb
|move|p1a: Diancie|Calm Mind|p1a: Diancie
|-boost|p1a: Diancie|spa|1
|-boost|p1a: Diancie|spd|1
|
|-heal|p1a: Diancie|107\/304 par|[from] item: Leftovers
|upkeep
|turn|13
|choice|move rest|move thunderbolt
|
|move|p2a: Electro|Thunderbolt|p1a: Diancie
|-damage|p1a: Diancie|0 fnt
|-damage|p2a: Electro|151\/261|[from] item: Life Orb
|faint|p1a: Diancie
|
|upkeep
|c|★NerdyTristan|damn
|choice|switch 4|
|
|switch|p1a: Virizion|Virizion|323\/323
|turn|14
|choice|move closecombat|move hiddenpower
|
|move|p2a: Electro|Hidden Power|p1a: Virizion
|-supereffective|p1a: Virizion
|-damage|p1a: Virizion|0 fnt
|-damage|p2a: Electro|125\/261|[from] item: Life Orb
|faint|p1a: Virizion
|
|upkeep
|choice|switch 3|
|
|switch|p1a: Flygon|Flygon, M|364\/364
|turn|15
|choice|move earthquake|move hiddenpower
|
|move|p2a: Electro|Hidden Power|p1a: Flygon
|-supereffective|p1a: Flygon
|-damage|p1a: Flygon|0 fnt
|-damage|p2a: Electro|99\/261|[from] item: Life Orb
|faint|p1a: Flygon
|
|upkeep
|choice|switch 2|
|
|switch|p1a: Camerupt|Camerupt, M|343\/343
|turn|16
|choice|move earthpower mega|move focusblast
|
|detailschange|p1a: Camerupt|Camerupt-Mega, M
|-mega|p1a: Camerupt|Camerupt|Cameruptite
|move|p2a: Electro|Focus Blast|p1a: Camerupt
|-damage|p1a: Camerupt|0 fnt
|-damage|p2a: Electro|73\/261|[from] item: Life Orb
|faint|p1a: Camerupt
|
|upkeep
|choice|switch 6|
|
|switch|p1a: Bronzong|Bronzong|187\/338 slp
|turn|17
|choice|move explosion|move thunderbolt
|
|move|p2a: Electro|Thunderbolt|p1a: Bronzong
|-damage|p1a: Bronzong|0 fnt
|-damage|p2a: Electro|47\/261|[from] item: Life Orb
|faint|p1a: Bronzong
|
|upkeep
|choice|switch 5|
|
|switch|p1a: Barbaracle|Barbaracle, F|32\/285
|turn|18
|choice|move razorshell|move thunderbolt
|
|move|p2a: Electro|Thunderbolt|p1a: Barbaracle
|-supereffective|p1a: Barbaracle
|-damage|p1a: Barbaracle|0 fnt
|-damage|p2a: Electro|21\/261|[from] item: Life Orb
|faint|p1a: Barbaracle
|
|win|Darksage95
|player|p1
|player|p2
|c|★Darksage95|gg</script>
</div>
<div class="battle-log battle-log-inline"><div class="inner"><div class="battle-options"></div><div class="inner"><div class="chat"><small>NerdyTristan joined.</small></div><div class="chat"><small>Darksage95 joined.</small></div><div class=""><small>Format:</small> <br><strong>RU</strong></div><div class=""><small><em>Sleep Clause Mod:</em> Limit one foe put to sleep</small></div><div class=""><small><em>Species Clause:</em> Limit one of each Pokémon</small></div><div class=""><small><em>OHKO Clause:</em> OHKO moves are banned</small></div><div class=""><small><em>Moody Clause:</em> Moody is banned</small></div><div class=""><small><em>Evasion Moves Clause:</em> Evasion moves are banned</small></div><div class=""><small><em>Endless Battle Clause:</em> Forcing endless battles is banned</small></div><div class=""><small><em>HP Percentage Mod:</em> HP is shown in percentages</small></div><div class=""><small><em>Swagger Clause:</em> Swagger is banned</small></div><div class=""><small><em>Baton Pass Clause:</em> Limit one Baton Passer, can't pass Spe and other stats simultaneously</small></div><div class="chat battle-history"><strong>NerdyTristan's team:</strong> <em style="color:#445566;display:block;">Camerupt / Bronzong / Flygon / Virizion / Diancie / Barbaracle</em></div><div class="chat battle-history"><strong>Darksage95's team:</strong> <em style="color:#445566;display:block;">Aerodactyl / Dragonair / Sceptile / Aurorus / Raichu / Ninetales</em></div><div class="spacer battle-history"><br></div><div class="battle-history">Battle started between NerdyTristan and Darksage95!<br></div><div class="spacer battle-history"><br></div><div class="battle-history">Go! <strong>Bronzong</strong>!<br></div><div class="spacer battle-history"><br></div><div class="battle-history">Darksage95 sent out Rao (<strong>Ninetales</strong>)!<br></div><div class="spacer battle-history"><br></div><h2 class="battle-history">Turn 1</h2><div class="chat chatmessage-darksage95"><strong style="color:hsl(66,73%,33.85863942799138%)"><small>★</small><span class="username" data-name="Darksage95">Darksage95</span>:</strong> <em>dang</em></div><div class="spacer battle-history"><br></div><div class="battle-history">The opposing Rao used <strong>Flamethrower</strong>!<br></div><div class="battle-history"><small>It's super effective!</small><br></div><div class="battle-history"><small>(Bronzong lost <abbr title="−128/338">37.9%</abbr> of its health!)</small><br></div><div class="spacer battle-history"><br></div><div class="battle-history">Bronzong used <strong>Stealth Rock</strong>!<br></div><div class="battle-history"><small>Pointed stones float in the air around the opposing team!</small><br></div><div class="spacer battle-history"><br></div><div class="battle-history"><small>Bronzong restored a little HP using its Leftovers!</small><br></div><div class="spacer battle-history"><br></div><h2 class="battle-history">Turn 2</h2><div class="chat chatmessage-darksage95"><strong style="color:hsl(66,73%,33.85863942799138%)"><small>★</small><span class="username" data-name="Darksage95">Darksage95</span>:</strong> <em>forgot to switch out items</em></div><div class="spacer battle-history"><br></div><div class="battle-history">The opposing Rao used <strong>Hypnosis</strong>!<br></div><div class="battle-history"><small>Bronzong fell asleep!</small><br></div><div class="spacer battle-history"><br></div><div class="battle-history">Bronzong is fast asleep.<br></div><div class="spacer battle-history"><br></div><div class="battle-history"><small>Bronzong restored a little HP using its Leftovers!</small><br></div><div class="spacer battle-history"><br></div><h2 class="battle-history">Turn 3</h2><div class="spacer battle-history"><br></div><div class="battle-history">The opposing Rao used <strong>Substitute</strong>!<br></div><div class="battle-history"><small>The opposing Rao put in a substitute!</small><br></div><div class="battle-history"><small>(The opposing Rao lost <abbr title="−87/350">24.9%</abbr> of its health!)</small><br></div><div class="spacer battle-history"><br></div><div class="battle-history">Bronzong is fast asleep.<br></div><div class="spacer battle-history"><br></div><div class="battle-history"><small>Bronzong restored a little HP using its Leftovers!</small><br></div><div class="spacer battle-history"><br></div><h2 class="battle-history">Turn 4</h2><div class="spacer battle-history"><br></div><div class="battle-history">The opposing Rao used <strong>Flamethrower</strong>!<br></div><div class="battle-history"><small>It's super effective!</small><br></div><div class="battle-history"><small>(Bronzong lost <abbr title="−128/338">37.9%</abbr> of its health!)</small><br></div><div class="battle-history"><small>Bronzong woke up!</small><br></div><div class="spacer battle-history"><br></div><div class="battle-history">Bronzong used <strong>Earthquake</strong>!<br></div><div class="battle-history"><small>It's super effective!</small><br></div><div class="battle-history"><small>The opposing Rao's substitute faded!</small><br></div><div class="spacer battle-history"><br></div><div class="battle-history"><small>Bronzong restored a little HP using its Leftovers!</small><br></div><div class="spacer battle-history"><br></div><h2 class="battle-history">Turn 5</h2><div class="spacer battle-history"><br></div><div class="battle-history">The opposing Rao used <strong>Hypnosis</strong>!<br></div><div class="battle-history"><small>Bronzong fell asleep!</small><br></div><div class="spacer battle-history"><br></div><div class="battle-history">Bronzong is fast asleep.<br></div><div class="spacer battle-history"><br></div><div class="battle-history"><small>Bronzong restored a little HP using its Leftovers!</small><br></div><div class="spacer battle-history"><br></div><h2 class="battle-history">Turn 6</h2><div class="spacer battle-history"><br></div><div class="battle-history">Bronzong, come back!<br></div><div class="battle-history">Go! <strong>Barbaracle</strong>!<br></div><div class="spacer battle-history"><br></div><div class="battle-history">The opposing Rao used <strong>Flamethrower</strong>!<br></div><div class="battle-history"><small>It's not very effective...</small><br></div><div class="battle-history"><small>A critical hit!</small><br></div><div class="battle-history"><small>(Barbaracle lost <abbr title="−40/285">14.0%</abbr> of its health!)</small><br></div><div class="spacer battle-history"><br></div><h2 class="battle-history">Turn 7</h2><div class="spacer battle-history"><br></div><div class="battle-history">The opposing Rao used <strong>Will-O-Wisp</strong>!<br></div><div class="battle-history"><small>Barbaracle was burned!</small><br></div><div class="battle-history"><small>Barbaracle ate its Lum Berry!</small><br></div><div class="battle-history"><small>Barbaracle's burn was healed.</small><br></div><div class="spacer battle-history"><br></div><div class="battle-history">Barbaracle used <strong>Razor Shell</strong>!<br></div><div class="battle-history"><small>It's super effective!</small><br></div><div class="battle-history"><small>(The opposing Rao lost <abbr title="−263/350">75.1%</abbr> of its health!)</small><br></div><div class="spacer battle-history"><br></div><div class="battle-history">The opposing Rao fainted!<br></div><div class="chat chatmessage-darksage95"><strong style="color:hsl(66,73%,33.85863942799138%)"><small>★</small><span class="username" data-name="Darksage95">Darksage95</span>:</strong> <em>gr</em></div><div class="spacer battle-history"><br></div><div class="battle-history">Darksage95 sent out Aladar (<strong>Sceptile</strong>)!<br></div><div class="battle-history"><small>Pointed stones dug into the opposing Aladar!</small><br></div><div class="spacer battle-history"><br></div><h2 class="battle-history">Turn 8</h2><div class="spacer battle-history"><br></div><div class="battle-history">The opposing Aladar used <strong>Earthquake</strong>!<br></div><div class="battle-history"><small>It's super effective!</small><br></div><div class="battle-history"><small>(Barbaracle lost <abbr title="−213/285">74.7%</abbr> of its health!)</small><br></div><div class="battle-history"><small>The opposing Aladar lost some of its HP!</small><br></div><div class="spacer battle-history"><br></div><div class="battle-history">Barbaracle used <strong>Poison Jab</strong>!<br></div><div class="battle-history"><small>It's super effective!</small><br></div><div class="battle-history"><small>(The opposing Aladar lost <abbr title="−218/281">77.6%</abbr> of its health!)</small><br></div><div class="spacer battle-history"><br></div><div class="battle-history">The opposing Aladar fainted!<br></div><div class="chat chatmessage-nerdytristan"><strong style="color:hsl(3,60%,45%)"><small>★</small><span class="username" data-name="NerdyTristan">NerdyTristan</span>:</strong> <em>heh</em></div><div class="spacer battle-history"><br></div><div class="battle-history">Darksage95 sent out Electro (<strong>Raichu</strong>)!<br></div><div class="battle-history"><small>Pointed stones dug into the opposing Electro!</small><br></div><div class="spacer battle-history"><br></div><h2 class="battle-history">Turn 9</h2><div class="spacer battle-history"><br></div><div class="battle-history">Barbaracle, come back!<br></div><div class="battle-history">Go! <strong>Diancie</strong>!<br></div><div class="spacer battle-history"><br></div><div class="battle-history">The opposing Electro used <strong>Thunderbolt</strong>!<br></div><div class="battle-history"><small>(Diancie lost <abbr title="−117/304">38.5%</abbr> of its health!)</small><br></div><div class="battle-history"><small>The opposing Electro lost some of its HP!</small><br></div><div class="spacer battle-history"><br></div><div class="battle-history"><small>Diancie restored a little HP using its Leftovers!</small><br></div><div class="spacer battle-history"><br></div><h2 class="battle-history">Turn 10</h2><div class="spacer battle-history"><br></div><div class="battle-history">The opposing Electro used <strong>Nasty Plot</strong>!<br></div><div class="battle-history"><small>The opposing Electro's Special Attack rose sharply!</small><br></div><div class="spacer battle-history"><br></div><div class="battle-history">Diancie used <strong>Calm Mind</strong>!<br></div><div class="battle-history"><small>Diancie's Special Attack rose!</small><br></div><div class="battle-history"><small>Diancie's Special Defense rose!</small><br></div><div class="spacer battle-history"><br></div><div class="battle-history"><small>Diancie restored a little HP using its Leftovers!</small><br></div><div class="spacer battle-history"><br></div><h2 class="battle-history">Turn 11</h2><div class="spacer battle-history"><br></div><div class="battle-history">The opposing Electro used <strong>Nasty Plot</strong>!<br></div><div class="battle-history"><small>The opposing Electro's Special Attack rose sharply!</small><br></div><div class="spacer battle-history"><br></div><div class="battle-history">Diancie used <strong>Calm Mind</strong>!<br></div><div class="battle-history"><small>Diancie's Special Attack rose!</small><br></div><div class="battle-history"><small>Diancie's Special Defense rose!</small><br></div><div class="spacer battle-history"><br></div><div class="battle-history"><small>Diancie restored a little HP using its Leftovers!</small><br></div><div class="spacer battle-history"><br></div><h2 class="battle-history">Turn 12</h2><div class="chat chatmessage-nerdytristan"><strong style="color:hsl(3,60%,45%)"><small>★</small><span class="username" data-name="NerdyTristan">NerdyTristan</span>:</strong> <em>)</em></div><div class="chat chatmessage-nerdytristan"><strong style="color:hsl(3,60%,45%)"><small>★</small><span class="username" data-name="NerdyTristan">NerdyTristan</span>:</strong> <em>really</em></div><div class="spacer battle-history"><br></div><div class="battle-history">The opposing Electro used <strong>Thunderbolt</strong>!<br></div><div class="battle-history"><small>(Diancie lost <abbr title="−156/304">51.3%</abbr> of its health!)</small><br></div><div class="battle-history"><small>Diancie is paralyzed! It may be unable to move!</small><br></div><div class="battle-history"><small>The opposing Electro lost some of its HP!</small><br></div><div class="spacer battle-history"><br></div><div class="battle-history">Diancie used <strong>Calm Mind</strong>!<br></div><div class="battle-history"><small>Diancie's Special Attack rose!</small><br></div><div class="battle-history"><small>Diancie's Special Defense rose!</small><br></div><div class="spacer battle-history"><br></div><div class="battle-history"><small>Diancie restored a little HP using its Leftovers!</small><br></div><div class="spacer battle-history"><br></div><h2 class="battle-history">Turn 13</h2><div class="spacer battle-history"><br></div><div class="battle-history">The opposing Electro used <strong>Thunderbolt</strong>!<br></div><div class="battle-history"><small>(Diancie lost <abbr title="−107/304">35.2%</abbr> of its health!)</small><br></div><div class="battle-history"><small>The opposing Electro lost some of its HP!</small><br></div><div class="spacer battle-history"><br></div><div class="battle-history">Diancie fainted!<br></div><div class="chat chatmessage-nerdytristan"><strong style="color:hsl(3,60%,45%)"><small>★</small><span class="username" data-name="NerdyTristan">NerdyTristan</span>:</strong> <em>damn</em></div><div class="spacer battle-history"><br></div><div class="battle-history">Go! <strong>Virizion</strong>!<br></div><div class="spacer battle-history"><br></div><h2 class="battle-history">Turn 14</h2><div class="spacer battle-history"><br></div><div class="battle-history">The opposing Electro used <strong>Hidden Power</strong>!<br></div><div class="battle-history"><small>It's super effective!</small><br></div><div class="battle-history"><small>(Virizion lost <abbr title="−323/323">100%</abbr> of its health!)</small><br></div><div class="battle-history"><small>The opposing Electro lost some of its HP!</small><br></div><div class="spacer battle-history"><br></div><div class="battle-history">Virizion fainted!<br></div><div class="spacer battle-history"><br></div><div class="battle-history">Go! <strong>Flygon</strong>!<br></div><div class="spacer battle-history"><br></div><h2 class="battle-history">Turn 15</h2><div class="spacer battle-history"><br></div><div class="battle-history">The opposing Electro used <strong>Hidden Power</strong>!<br></div><div class="battle-history"><small>It's super effective!</small><br></div><div class="battle-history"><small>(Flygon lost <abbr title="−364/364">100%</abbr> of its health!)</small><br></div><div class="battle-history"><small>The opposing Electro lost some of its HP!</small><br></div><div class="spacer battle-history"><br></div><div class="battle-history">Flygon fainted!<br></div><div class="spacer battle-history"><br></div><div class="battle-history">Go! <strong>Camerupt</strong>!<br></div><div class="spacer battle-history"><br></div><h2 class="battle-history">Turn 16</h2><div class="spacer battle-history"><br></div><div class="battle-history"><small>Camerupt's Cameruptite is reacting to NerdyTristan's Mega Bracelet!</small><br>Camerupt has Mega Evolved into Mega Camerupt!<br></div><div class="spacer battle-history"><br></div><div class="battle-history">The opposing Electro used <strong>Focus Blast</strong>!<br></div><div class="battle-history"><small>(Camerupt lost <abbr title="−343/343">100%</abbr> of its health!)</small><br></div><div class="battle-history"><small>The opposing Electro lost some of its HP!</small><br></div><div class="spacer battle-history"><br></div><div class="battle-history">Camerupt fainted!<br></div><div class="spacer battle-history"><br></div><div class="battle-history">Go! <strong>Bronzong</strong>!<br></div><div class="spacer battle-history"><br></div><h2 class="battle-history">Turn 17</h2><div class="spacer battle-history"><br></div><div class="battle-history">The opposing Electro used <strong>Thunderbolt</strong>!<br></div><div class="battle-history"><small>(Bronzong lost <abbr title="−187/338">55.3%</abbr> of its health!)</small><br></div><div class="battle-history"><small>The opposing Electro lost some of its HP!</small><br></div><div class="spacer battle-history"><br></div><div class="battle-history">Bronzong fainted!<br></div><div class="spacer battle-history"><br></div><div class="battle-history">Go! <strong>Barbaracle</strong>!<br></div><div class="spacer battle-history"><br></div><h2 class="battle-history">Turn 18</h2><div class="spacer battle-history"><br></div><div class="battle-history">The opposing Electro used <strong>Thunderbolt</strong>!<br></div><div class="battle-history"><small>It's super effective!</small><br></div><div class="battle-history"><small>(Barbaracle lost <abbr title="−32/285">11.2%</abbr> of its health!)</small><br></div><div class="battle-history"><small>The opposing Electro lost some of its HP!</small><br></div><div class="spacer battle-history"><br></div><div class="battle-history">Barbaracle fainted!<br></div><div class="spacer battle-history"><br></div><div class="battle-history"><strong>Darksage95</strong> won the battle!<br></div><div class="chat chatmessage-darksage95"><strong style="color:hsl(66,73%,33.85863942799138%)"><small>★</small><span class="username" data-name="Darksage95">Darksage95</span>:</strong> <em>gg</em></div></div><div class="inner-preempt"></div></div></div>
</div>
<script>
let daily = Math.floor(Date.now()/1000/60/60/24);document.write('<script src="https://play.pokemonshowdown.com/js/replay-embed.js?version'+daily+'"></'+'script>');
</script>
