<!DOCTYPE html>
<meta charset="utf-8" />
<!-- version 1 -->
<title>RU replay: themadkingatmey vs. TryingItAgain</title>
<style>
html,body {font-family:Verdana, sans-serif;font-size:10pt;margin:0;padding:0;}body{padding:12px 0;} .battle-log {font-family:Verdana, sans-serif;font-size:10pt;} .battle-log-inline {border:1px solid #AAAAAA;background:#EEF2F5;color:black;max-width:640px;margin:0 auto 80px;padding-bottom:5px;} .battle-log .inner {padding:4px 8px 0px 8px;} .battle-log .inner-preempt {padding:0 8px 4px 8px;} .battle-log .inner-after {margin-top:0.5em;} .battle-log h2 {margin:0.5em -8px;padding:4px 8px;border:1px solid #AAAAAA;background:#E0E7EA;border-left:0;border-right:0;font-family:Verdana, sans-serif;font-size:13pt;} .battle-log .chat {vertical-align:middle;padding:3px 0 3px 0;font-size:8pt;} .battle-log .chat strong {color:#40576A;} .battle-log .chat em {padding:1px 4px 1px 3px;color:#000000;font-style:normal;} .chat.mine {background:rgba(0,0,0,0.05);margin-left:-8px;margin-right:-8px;padding-left:8px;padding-right:8px;} .spoiler {color:#BBBBBB;background:#BBBBBB;padding:0px 3px;} .spoiler:hover, .spoiler:active, .spoiler-shown {color:#000000;background:#E2E2E2;padding:0px 3px;} .spoiler a {color:#BBBBBB;} .spoiler:hover a, .spoiler:active a, .spoiler-shown a {color:#2288CC;} .chat code, .chat .spoiler:hover code, .chat .spoiler:active code, .chat .spoiler-shown code {border:1px solid #C0C0C0;background:#EEEEEE;color:black;padding:0 2px;} .chat .spoiler code {border:1px solid #CCCCCC;background:#CCCCCC;color:#CCCCCC;} .battle-log .rated {padding:3px 4px;} .battle-log .rated strong {color:white;background:#89A;padding:1px 4px;border-radius:4px;} .spacer {margin-top:0.5em;} .message-announce {background:#6688AA;color:white;padding:1px 4px 2px;} .message-announce a, .broadcast-green a, .broadcast-blue a, .broadcast-red a {color:#DDEEFF;} .broadcast-green {background-color:#559955;color:white;padding:2px 4px;} .broadcast-blue {background-color:#6688AA;color:white;padding:2px 4px;} .infobox {border:1px solid #6688AA;padding:2px 4px;} .infobox-limited {max-height:200px;overflow:auto;overflow-x:hidden;} .broadcast-red {background-color:#AA5544;color:white;padding:2px 4px;} .message-learn-canlearn {font-weight:bold;color:#228822;text-decoration:underline;} .message-learn-cannotlearn {font-weight:bold;color:#CC2222;text-decoration:underline;} .message-effect-weak {font-weight:bold;color:#CC2222;} .message-effect-resist {font-weight:bold;color:#6688AA;} .message-effect-immune {font-weight:bold;color:#666666;} .message-learn-list {margin-top:0;margin-bottom:0;} .message-throttle-notice, .message-error {color:#992222;} .message-overflow, .chat small.message-overflow {font-size:0pt;} .message-overflow::before {font-size:9pt;content:'...';} .subtle {color:#3A4A66;}
</style>
<div class="wrapper replay-wrapper" style="max-width:1180px;margin:0 auto">
<input type="hidden" name="replayid" value="ru-514213868" />
<div class="battle"></div><div class="battle-log"></div><div class="replay-controls"></div><div class="replay-controls-2"></div>
<h1 style="font-weight:normal;text-align:center"><strong>RU</strong><br /><a href="http://pokemonshowdown.com/users/themadkingatmey" class="subtle" target="_blank">themadkingatmey</a> vs. <a href="http://pokemonshowdown.com/users/tryingitagain" class="subtle" target="_blank">TryingItAgain</a></h1>
<script type="text/plain" class="battle-log-data">|j|themadkingatmey
|j|TryingItAgain
|player|p1|themadkingatmey|249
|player|p2|TryingItAgain|169
|gametype|singles
|gen|6
|tier|RU
|rated
|seed|51439,13465,36848,57648
|rule|Sleep Clause Mod: Limit one foe put to sleep
|rule|Species Clause: Limit one of each Pokémon
|rule|OHKO Clause: OHKO moves are banned
|rule|Moody Clause: Moody is banned
|rule|Evasion Moves Clause: Evasion moves are banned
|rule|Endless Battle Clause: Forcing endless battles is banned
|rule|HP Percentage Mod: HP is shown in percentages
|clearpoke
|poke|p1|Drapion, M|item
|poke|p1|Uxie|item
|poke|p1|Sigilyph, F|item
|poke|p1|Virizion|item
|poke|p1|Blastoise, M|item
|poke|p1|Glalie, M, shiny|item
|poke|p2|Accelgor, F|item
|poke|p2|Banette, F|item
|poke|p2|Aerodactyl, F|item
|poke|p2|Druddigon, M|item
|poke|p2|Jolteon, F|item
|poke|p2|Scrafty, M|item
|rule|Swagger Clause: Swagger is banned
|rule|Baton Pass Clause: Limit one Baton Passer, can't pass Spe and other stats simultaneously
|teampreview
|choice|team 2, team 1, team 3, team 4, team 5, team 6|team 4, team 2, team 3, team 1, team 5, team 6
|
|start
|switch|p1a: Yuki|Uxie|354\/354
|switch|p2a: Druddigon|Druddigon, M|358\/358
|turn|1
|choice|move yawn|move stealthrock
|
|move|p1a: Yuki|Yawn|p2a: Druddigon
|-start|p2a: Druddigon|move: Yawn|[of] p1a: Yuki
|move|p2a: Druddigon|Stealth Rock|p1a: Yuki
|-sidestart|p1: themadkingatmey|move: Stealth Rock
|
|upkeep
|turn|2
|choice|move stealthrock|switch 5
|
|switch|p2a: Jolteon|Jolteon, F|271\/271
|move|p1a: Yuki|Stealth Rock|p2a: Jolteon
|-sidestart|p2: TryingItAgain|move: Stealth Rock
|
|upkeep
|turn|3
|choice|move yawn|move shadowball
|
|move|p2a: Jolteon|Shadow Ball|p1a: Yuki
|-supereffective|p1a: Yuki
|-crit|p1a: Yuki
|-damage|p1a: Yuki|107\/354
|-damage|p2a: Jolteon|244\/271|[from] item: Life Orb
|move|p1a: Yuki|Yawn|p2a: Jolteon
|-start|p2a: Jolteon|move: Yawn|[of] p1a: Yuki
|
|upkeep
|turn|4
|choice|move uturn|move shadowball
|
|move|p2a: Jolteon|Shadow Ball|p1a: Yuki
|-supereffective|p1a: Yuki
|-damage|p1a: Yuki|0 fnt
|-damage|p2a: Jolteon|217\/271|[from] item: Life Orb
|faint|p1a: Yuki
|
|-end|p2a: Jolteon|move: Yawn|[silent]
|-status|p2a: Jolteon|slp
|upkeep
|choice|switch 5|
|
|switch|p1a: Mock Turtle|Blastoise, M|362\/362
|-damage|p1a: Mock Turtle|317\/362|[from] Stealth Rock
|turn|5
|choice|move rapidspin|move thunderbolt
|
|cant|p2a: Jolteon|slp
|move|p1a: Mock Turtle|Rapid Spin|p2a: Jolteon
|-damage|p2a: Jolteon|202\/271 slp
|-sideend|p1: themadkingatmey|Stealth Rock|[from] move: Rapid Spin|[of] p1a: Mock Turtle
|
|-heal|p1a: Mock Turtle|339\/362|[from] item: Leftovers
|upkeep
|turn|6
|choice|move roar|move thunderbolt
|
|-curestatus|p2a: Jolteon|slp|[msg]
|move|p2a: Jolteon|Thunderbolt|p1a: Mock Turtle
|-supereffective|p1a: Mock Turtle
|-damage|p1a: Mock Turtle|1\/362
|-damage|p2a: Jolteon|175\/271|[from] item: Life Orb
|move|p1a: Mock Turtle|Roar|p2a: Jolteon
|drag|p2a: Accelgor|Accelgor, F|302\/302
|-damage|p2a: Accelgor|227\/302|[from] Stealth Rock
|
|-heal|p1a: Mock Turtle|23\/362|[from] item: Leftovers
|upkeep
|turn|7
|choice|switch 3|move energyball
|
|switch|p1a: Naz|Sigilyph, F|286\/286
|move|p2a: Accelgor|Energy Ball|p1a: Naz
|-resisted|p1a: Naz
|-damage|p1a: Naz|227\/286
|
|upkeep
|turn|8
|choice|move airslash|move bugbuzz
|
|move|p2a: Accelgor|Bug Buzz|p1a: Naz
|-damage|p1a: Naz|58\/286
|move|p1a: Naz|Air Slash|p2a: Accelgor
|-supereffective|p2a: Accelgor
|-damage|p2a: Accelgor|0 fnt
|faint|p2a: Accelgor
|
|upkeep
|choice||switch 4
|
|switch|p2a: Jolteon|Jolteon, F|175\/271
|-damage|p2a: Jolteon|142\/271|[from] Stealth Rock
|turn|9
|choice|switch 4|move thunderbolt
|
|switch|p1a: Sprint|Virizion|323\/323
|move|p2a: Jolteon|Thunderbolt|p1a: Sprint
|-resisted|p1a: Sprint
|-damage|p1a: Sprint|252\/323
|-damage|p2a: Jolteon|115\/271|[from] item: Life Orb
|
|upkeep
|turn|10
|choice|move leafblade|move voltswitch
|
|move|p2a: Jolteon|Volt Switch|p1a: Sprint
|-resisted|p1a: Sprint
|-damage|p1a: Sprint|194\/323
|-damage|p2a: Jolteon|88\/271|[from] item: Life Orb
|choice||switch 2
|
|switch|p2a: Banette|Banette, F|332\/332
|-damage|p2a: Banette|291\/332|[from] Stealth Rock
|move|p1a: Sprint|Leaf Blade|p2a: Banette
|-damage|p2a: Banette|108\/332
|
|upkeep
|turn|11
|choice|move leafblade|move destinybond mega
|
|detailschange|p2a: Banette|Banette-Mega, F
|-mega|p2a: Banette|Banette|Banettite
|move|p1a: Sprint|Leaf Blade|p2a: Banette
|-damage|p2a: Banette|0 fnt
|faint|p2a: Banette
|
|upkeep
|choice||switch 5
|
|switch|p2a: Druddigon|Druddigon, M|358\/358
|-damage|p2a: Druddigon|314\/358|[from] Stealth Rock
|turn|12
|choice|move closecombat|move glare
|
|move|p1a: Sprint|Close Combat|p2a: Druddigon
|-damage|p2a: Druddigon|179\/358
|-damage|p1a: Sprint|154\/323|[from] ability: Rough Skin|[of] p2a: Druddigon
|-damage|p1a: Sprint|101\/323|[from] item: Rocky Helmet|[of] p2a: Druddigon
|-unboost|p1a: Sprint|def|1
|-unboost|p1a: Sprint|spd|1
|move|p2a: Druddigon|Glare|p1a: Sprint
|-status|p1a: Sprint|par
|-enditem|p1a: Sprint|Lum Berry|[eat]
|-curestatus|p1a: Sprint|par|[msg]
|
|upkeep
|turn|13
|choice|move closecombat|move stealthrock
|
|move|p1a: Sprint|Close Combat|p2a: Druddigon
|-damage|p2a: Druddigon|56\/358
|-damage|p1a: Sprint|61\/323|[from] ability: Rough Skin|[of] p2a: Druddigon
|-damage|p1a: Sprint|8\/323|[from] item: Rocky Helmet|[of] p2a: Druddigon
|-unboost|p1a: Sprint|def|1
|-unboost|p1a: Sprint|spd|1
|move|p2a: Druddigon|Stealth Rock|p1a: Sprint
|-sidestart|p1: themadkingatmey|move: Stealth Rock
|
|upkeep
|turn|14
|choice|move closecombat|move dragontail
|
|move|p1a: Sprint|Close Combat|p2a: Druddigon
|-damage|p2a: Druddigon|0 fnt
|-damage|p1a: Sprint|0 fnt|[from] ability: Rough Skin|[of] p2a: Druddigon
|faint|p1a: Sprint
|faint|p2a: Druddigon
|
|upkeep
|choice|switch 2|switch 3
|
|switch|p2a: Aerodactyl|Aerodactyl, F|302\/302
|switch|p1a: Grendel|Drapion, M|281\/281
|-damage|p2a: Aerodactyl|227\/302|[from] Stealth Rock
|-ability|p2a: Aerodactyl|Pressure
|-damage|p1a: Grendel|246\/281|[from] Stealth Rock
|turn|15
|choice|move swordsdance|move earthquake
|
|move|p2a: Aerodactyl|Earthquake|p1a: Grendel
|-supereffective|p1a: Grendel
|-damage|p1a: Grendel|34\/281
|move|p1a: Grendel|Swords Dance|p1a: Grendel
|-boost|p1a: Grendel|atk|2
|
|upkeep
|turn|16
|choice|move aquatail|move dragonclaw
|
|move|p2a: Aerodactyl|Dragon Claw|p1a: Grendel
|-damage|p1a: Grendel|0 fnt
|faint|p1a: Grendel
|
|upkeep
|choice|switch 6|
|
|switch|p1a: Mr. Freeze|Glalie, M, shiny|301\/301
|-damage|p1a: Mr. Freeze|226\/301|[from] Stealth Rock
|turn|17
|choice|move iceshard mega|move ironhead
|
|detailschange|p1a: Mr. Freeze|Glalie-Mega, M, shiny
|-mega|p1a: Mr. Freeze|Glalie|Glalitite
|move|p1a: Mr. Freeze|Ice Shard|p2a: Aerodactyl
|-supereffective|p2a: Aerodactyl
|-damage|p2a: Aerodactyl|33\/302
|move|p2a: Aerodactyl|Iron Head|p1a: Mr. Freeze
|-supereffective|p1a: Mr. Freeze
|-damage|p1a: Mr. Freeze|22\/301
|
|upkeep
|turn|18
|l|TryingItAgain
|player|p2
|j|TryingItAgain
|player|p2|TryingItAgain|169
|choice|move iceshard|move ironhead
|
|move|p1a: Mr. Freeze|Ice Shard|p2a: Aerodactyl
|-supereffective|p2a: Aerodactyl
|-damage|p2a: Aerodactyl|0 fnt
|faint|p2a: Aerodactyl
|
|upkeep
|choice||switch 6
|
|switch|p2a: Scrafty|Scrafty, M|272\/272
|-damage|p2a: Scrafty|255\/272|[from] Stealth Rock
|-ability|p2a: Scrafty|Intimidate|boost
|-unboost|p1a: Mr. Freeze|atk|1
|turn|19
|choice|move freezedry|move dragondance
|
|move|p1a: Mr. Freeze|Freeze-Dry|p2a: Scrafty
|-damage|p2a: Scrafty|173\/272
|move|p2a: Scrafty|Dragon Dance|p2a: Scrafty
|-boost|p2a: Scrafty|atk|1
|-boost|p2a: Scrafty|spe|1
|
|-heal|p2a: Scrafty|190\/272|[from] item: Leftovers
|upkeep
|turn|20
|choice|move iceshard|move drainpunch
|
|move|p1a: Mr. Freeze|Ice Shard|p2a: Scrafty
|-damage|p2a: Scrafty|147\/272
|move|p2a: Scrafty|Drain Punch|p1a: Mr. Freeze
|-supereffective|p1a: Mr. Freeze
|-damage|p1a: Mr. Freeze|0 fnt
|-heal|p2a: Scrafty|158\/272|[from] drain|[of] p1a: Mr. Freeze
|faint|p1a: Mr. Freeze
|
|-heal|p2a: Scrafty|175\/272|[from] item: Leftovers
|upkeep
|choice|switch 4|
|
|switch|p1a: Naz|Sigilyph, F|58\/286
|turn|21
|choice|move airslash|move protect
|
|move|p2a: Scrafty|Protect|p2a: Scrafty
|-singleturn|p2a: Scrafty|Protect
|move|p1a: Naz|Air Slash|p2a: Scrafty
|-activate|p2a: Scrafty|move: Protect
|
|-heal|p2a: Scrafty|192\/272|[from] item: Leftovers
|upkeep
|turn|22
|choice|move airslash|move drainpunch
|
|move|p2a: Scrafty|Drain Punch|p1a: Naz
|-resisted|p1a: Naz
|-damage|p1a: Naz|13\/286
|-heal|p2a: Scrafty|215\/272|[from] drain|[of] p1a: Naz
|move|p1a: Naz|Air Slash|p2a: Scrafty
|-supereffective|p2a: Scrafty
|-damage|p2a: Scrafty|0 fnt
|faint|p2a: Scrafty
|
|upkeep
|choice||switch 2
|
|switch|p2a: Jolteon|Jolteon, F|88\/271
|-damage|p2a: Jolteon|55\/271|[from] Stealth Rock
|turn|23
|choice|move airslash|move thunderbolt
|
|move|p2a: Jolteon|Thunderbolt|p1a: Naz
|-supereffective|p1a: Naz
|-damage|p1a: Naz|0 fnt
|-damage|p2a: Jolteon|28\/271|[from] item: Life Orb
|faint|p1a: Naz
|
|upkeep
|choice|switch 3|
|
|switch|p1a: Mock Turtle|Blastoise, M|23\/362
|-damage|p1a: Mock Turtle|0 fnt|[from] Stealth Rock
|faint|p1a: Mock Turtle
|
|win|TryingItAgain
|player|p1
|player|p2</script>
</div>
<div class="battle-log battle-log-inline"><div class="inner"><div class="battle-options"></div><div class="inner"><div class="chat"><small>themadkingatmey joined.</small></div><div class="chat"><small>TryingItAgain joined.</small></div><div class=""><small>Format:</small> <br><strong>RU</strong></div><div class="rated"><strong>Rated battle</strong></div><div class=""><small><em>Sleep Clause Mod:</em> Limit one foe put to sleep</small></div><div class=""><small><em>Species Clause:</em> Limit one of each Pokémon</small></div><div class=""><small><em>OHKO Clause:</em> OHKO moves are banned</small></div><div class=""><small><em>Moody Clause:</em> Moody is banned</small></div><div class=""><small><em>Evasion Moves Clause:</em> Evasion moves are banned</small></div><div class=""><small><em>Endless Battle Clause:</em> Forcing endless battles is banned</small></div><div class=""><small><em>HP Percentage Mod:</em> HP is shown in percentages</small></div><div class=""><small><em>Swagger Clause:</em> Swagger is banned</small></div><div class=""><small><em>Baton Pass Clause:</em> Limit one Baton Passer, can't pass Spe and other stats simultaneously</small></div><div class="chat battle-history"><strong>themadkingatmey's team:</strong> <em style="color:#445566;display:block;">Drapion / Uxie / Sigilyph / Virizion / Blastoise / Glalie</em></div><div class="chat battle-history"><strong>TryingItAgain's team:</strong> <em style="color:#445566;display:block;">Accelgor / Banette / Aerodactyl / Druddigon / Jolteon / Scrafty</em></div><div class="spacer battle-history"><br></div><div class="battle-history">Battle started between themadkingatmey and TryingItAgain!<br></div><div class="spacer battle-history"><br></div><div class="battle-history">Go! Yuki (<strong>Uxie</strong>)!<br></div><div class="spacer battle-history"><br></div><div class="battle-history">TryingItAgain sent out <strong>Druddigon</strong>!<br></div><div class="spacer battle-history"><br></div><h2 class="battle-history">Turn 1</h2><div class="spacer battle-history"><br></div><div class="battle-history">Yuki used <strong>Yawn</strong>!<br></div><div class="battle-history"><small>The opposing Druddigon grew drowsy!</small><br></div><div class="spacer battle-history"><br></div><div class="battle-history">The opposing Druddigon used <strong>Stealth Rock</strong>!<br></div><div class="battle-history"><small>Pointed stones float in the air around your team!</small><br></div><div class="spacer battle-history"><br></div><h2 class="battle-history">Turn 2</h2><div class="spacer battle-history"><br></div><div class="battle-history">TryingItAgain withdrew Druddigon!<br></div><div class="battle-history">TryingItAgain sent out <strong>Jolteon</strong>!<br></div><div class="spacer battle-history"><br></div><div class="battle-history">Yuki used <strong>Stealth Rock</strong>!<br></div><div class="battle-history"><small>Pointed stones float in the air around the opposing team!</small><br></div><div class="spacer battle-history"><br></div><h2 class="battle-history">Turn 3</h2><div class="spacer battle-history"><br></div><div class="battle-history">The opposing Jolteon used <strong>Shadow Ball</strong>!<br></div><div class="battle-history"><small>It's super effective!</small><br></div><div class="battle-history"><small>A critical hit!</small><br></div><div class="battle-history"><small>(Yuki lost <abbr title="−247/354">69.8%</abbr> of its health!)</small><br></div><div class="battle-history"><small>The opposing Jolteon lost some of its HP!</small><br></div><div class="spacer battle-history"><br></div><div class="battle-history">Yuki used <strong>Yawn</strong>!<br></div><div class="battle-history"><small>The opposing Jolteon grew drowsy!</small><br></div><div class="spacer battle-history"><br></div><h2 class="battle-history">Turn 4</h2><div class="spacer battle-history"><br></div><div class="battle-history">The opposing Jolteon used <strong>Shadow Ball</strong>!<br></div><div class="battle-history"><small>It's super effective!</small><br></div><div class="battle-history"><small>(Yuki lost <abbr title="−107/354">30.2%</abbr> of its health!)</small><br></div><div class="battle-history"><small>The opposing Jolteon lost some of its HP!</small><br></div><div class="spacer battle-history"><br></div><div class="battle-history">Yuki fainted!<br></div><div class="spacer battle-history"><br></div><div class="battle-history"><small>The opposing Jolteon fell asleep!</small><br></div><div class="spacer battle-history"><br></div><div class="battle-history">Go! Mock Turtle (<strong>Blastoise</strong>)!<br></div><div class="battle-history"><small>Pointed stones dug into Mock Turtle!</small><br></div><div class="spacer battle-history"><br></div><h2 class="battle-history">Turn 5</h2><div class="spacer battle-history"><br></div><div class="battle-history">The opposing Jolteon is fast asleep.<br></div><div class="spacer battle-history"><br></div><div class="battle-history">Mock Turtle used <strong>Rapid Spin</strong>!<br></div><div class="battle-history"><small>(The opposing Jolteon lost <abbr title="−15/271">5.5%</abbr> of its health!)</small><br></div><div class="battle-history"><small>The pointed stones disappeared from around your team!</small><br></div><div class="spacer battle-history"><br></div><div class="battle-history"><small>Mock Turtle restored a little HP using its Leftovers!</small><br></div><div class="spacer battle-history"><br></div><h2 class="battle-history">Turn 6</h2><div class="spacer battle-history"><br></div><div class="battle-history"><small>The opposing Jolteon woke up!</small><br></div><div class="spacer battle-history"><br></div><div class="battle-history">The opposing Jolteon used <strong>Thunderbolt</strong>!<br></div><div class="battle-history"><small>It's super effective!</small><br></div><div class="battle-history"><small>(Mock Turtle lost <abbr title="−338/362">93.4%</abbr> of its health!)</small><br></div><div class="battle-history"><small>The opposing Jolteon lost some of its HP!</small><br></div><div class="spacer battle-history"><br></div><div class="battle-history">Mock Turtle used <strong>Roar</strong>!<br></div><div class="spacer battle-history"><br></div><div class="battle-history"><strong>Accelgor</strong> was dragged out!<br></div><div class="battle-history"><small>Pointed stones dug into the opposing Accelgor!</small><br></div><div class="spacer battle-history"><br></div><div class="battle-history"><small>Mock Turtle restored a little HP using its Leftovers!</small><br></div><div class="spacer battle-history"><br></div><h2 class="battle-history">Turn 7</h2><div class="spacer battle-history"><br></div><div class="battle-history">Mock Turtle, come back!<br></div><div class="battle-history">Go! Naz (<strong>Sigilyph</strong>)!<br></div><div class="spacer battle-history"><br></div><div class="battle-history">The opposing Accelgor used <strong>Energy Ball</strong>!<br></div><div class="battle-history"><small>It's not very effective...</small><br></div><div class="battle-history"><small>(Naz lost <abbr title="−59/286">20.6%</abbr> of its health!)</small><br></div><div class="spacer battle-history"><br></div><h2 class="battle-history">Turn 8</h2><div class="spacer battle-history"><br></div><div class="battle-history">The opposing Accelgor used <strong>Bug Buzz</strong>!<br></div><div class="battle-history"><small>(Naz lost <abbr title="−169/286">59.1%</abbr> of its health!)</small><br></div><div class="spacer battle-history"><br></div><div class="battle-history">Naz used <strong>Air Slash</strong>!<br></div><div class="battle-history"><small>It's super effective!</small><br></div><div class="battle-history"><small>(The opposing Accelgor lost <abbr title="−227/302">75.2%</abbr> of its health!)</small><br></div><div class="spacer battle-history"><br></div><div class="battle-history">The opposing Accelgor fainted!<br></div><div class="spacer battle-history"><br></div><div class="battle-history">TryingItAgain sent out <strong>Jolteon</strong>!<br></div><div class="battle-history"><small>Pointed stones dug into the opposing Jolteon!</small><br></div><div class="spacer battle-history"><br></div><h2 class="battle-history">Turn 9</h2><div class="spacer battle-history"><br></div><div class="battle-history">Naz, come back!<br></div><div class="battle-history">Go! Sprint (<strong>Virizion</strong>)!<br></div><div class="spacer battle-history"><br></div><div class="battle-history">The opposing Jolteon used <strong>Thunderbolt</strong>!<br></div><div class="battle-history"><small>It's not very effective...</small><br></div><div class="battle-history"><small>(Sprint lost <abbr title="−71/323">22.0%</abbr> of its health!)</small><br></div><div class="battle-history"><small>The opposing Jolteon lost some of its HP!</small><br></div><div class="spacer battle-history"><br></div><h2 class="battle-history">Turn 10</h2><div class="spacer battle-history"><br></div><div class="battle-history">The opposing Jolteon used <strong>Volt Switch</strong>!<br></div><div class="battle-history"><small>It's not very effective...</small><br></div><div class="battle-history"><small>(Sprint lost <abbr title="−58/323">18.0%</abbr> of its health!)</small><br></div><div class="battle-history"><small>The opposing Jolteon lost some of its HP!</small><br></div><div class="spacer battle-history"><br></div><div class="battle-history">The opposing Jolteon went back to TryingItAgain!<br></div><div class="battle-history">TryingItAgain sent out <strong>Banette</strong>!<br></div><div class="battle-history"><small>Pointed stones dug into the opposing Banette!</small><br></div><div class="spacer battle-history"><br></div><div class="battle-history">Sprint used <strong>Leaf Blade</strong>!<br></div><div class="battle-history"><small>(The opposing Banette lost <abbr title="−183/332">55.1%</abbr> of its health!)</small><br></div><div class="spacer battle-history"><br></div><h2 class="battle-history">Turn 11</h2><div class="spacer battle-history"><br></div><div class="battle-history"><small>The opposing Banette's Banettite is reacting to TryingItAgain's Mega Bracelet!</small><br>The opposing Banette has Mega Evolved into Mega Banette!<br></div><div class="spacer battle-history"><br></div><div class="battle-history">Sprint used <strong>Leaf Blade</strong>!<br></div><div class="battle-history"><small>(The opposing Banette lost <abbr title="−108/332">32.5%</abbr> of its health!)</small><br></div><div class="spacer battle-history"><br></div><div class="battle-history">The opposing Banette fainted!<br></div><div class="spacer battle-history"><br></div><div class="battle-history">TryingItAgain sent out <strong>Druddigon</strong>!<br></div><div class="battle-history"><small>Pointed stones dug into the opposing Druddigon!</small><br></div><div class="spacer battle-history"><br></div><h2 class="battle-history">Turn 12</h2><div class="spacer battle-history"><br></div><div class="battle-history">Sprint used <strong>Close Combat</strong>!<br></div><div class="battle-history"><small>(The opposing Druddigon lost <abbr title="−135/358">37.7%</abbr> of its health!)</small><br></div><div class="battle-history"><small>[The opposing Druddigon's Rough Skin]</small><br><small>Sprint was hurt!</small><br></div><div class="battle-history"><small>Sprint was hurt by the Rocky Helmet!</small><br></div><div class="battle-history"><small>Sprint's Defense fell!</small><br></div><div class="battle-history"><small>Sprint's Special Defense fell!</small><br></div><div class="spacer battle-history"><br></div><div class="battle-history">The opposing Druddigon used <strong>Glare</strong>!<br></div><div class="battle-history"><small>Sprint is paralyzed! It may be unable to move!</small><br></div><div class="battle-history"><small>Sprint ate its Lum Berry!</small><br></div><div class="battle-history"><small>Sprint was cured of paralysis.</small><br></div><div class="spacer battle-history"><br></div><h2 class="battle-history">Turn 13</h2><div class="spacer battle-history"><br></div><div class="battle-history">Sprint used <strong>Close Combat</strong>!<br></div><div class="battle-history"><small>(The opposing Druddigon lost <abbr title="−123/358">34.4%</abbr> of its health!)</small><br></div><div class="battle-history"><small>[The opposing Druddigon's Rough Skin]</small><br><small>Sprint was hurt!</small><br></div><div class="battle-history"><small>Sprint was hurt by the Rocky Helmet!</small><br></div><div class="battle-history"><small>Sprint's Defense fell!</small><br></div><div class="battle-history"><small>Sprint's Special Defense fell!</small><br></div><div class="spacer battle-history"><br></div><div class="battle-history">The opposing Druddigon used <strong>Stealth Rock</strong>!<br></div><div class="battle-history"><small>Pointed stones float in the air around your team!</small><br></div><div class="spacer battle-history"><br></div><h2 class="battle-history">Turn 14</h2><div class="spacer battle-history"><br></div><div class="battle-history">Sprint used <strong>Close Combat</strong>!<br></div><div class="battle-history"><small>(The opposing Druddigon lost <abbr title="−56/358">15.6%</abbr> of its health!)</small><br></div><div class="battle-history"><small>[The opposing Druddigon's Rough Skin]</small><br><small>Sprint was hurt!</small><br></div><div class="spacer battle-history"><br></div><div class="battle-history">Sprint fainted!<br></div><div class="battle-history">The opposing Druddigon fainted!<br></div><div class="spacer battle-history"><br></div><div class="battle-history">TryingItAgain sent out <strong>Aerodactyl</strong>!<br></div><div class="spacer battle-history"><br></div><div class="battle-history">Go! Grendel (<strong>Drapion</strong>)!<br></div><div class="battle-history"><small>Pointed stones dug into the opposing Aerodactyl!</small><br></div><div class="battle-history"><small>[The opposing Aerodactyl's Pressure]</small><br><small>The opposing Aerodactyl is exerting its pressure!</small><br></div><div class="battle-history"><small>Pointed stones dug into Grendel!</small><br></div><div class="spacer battle-history"><br></div><h2 class="battle-history">Turn 15</h2><div class="spacer battle-history"><br></div><div class="battle-history">The opposing Aerodactyl used <strong>Earthquake</strong>!<br></div><div class="battle-history"><small>It's super effective!</small><br></div><div class="battle-history"><small>(Grendel lost <abbr title="−212/281">75.4%</abbr> of its health!)</small><br></div><div class="spacer battle-history"><br></div><div class="battle-history">Grendel used <strong>Swords Dance</strong>!<br></div><div class="battle-history"><small>Grendel's Attack rose sharply!</small><br></div><div class="spacer battle-history"><br></div><h2 class="battle-history">Turn 16</h2><div class="spacer battle-history"><br></div><div class="battle-history">The opposing Aerodactyl used <strong>Dragon Claw</strong>!<br></div><div class="battle-history"><small>(Grendel lost <abbr title="−34/281">12.1%</abbr> of its health!)</small><br></div><div class="spacer battle-history"><br></div><div class="battle-history">Grendel fainted!<br></div><div class="spacer battle-history"><br></div><div class="battle-history">Go! Mr. Freeze (<strong>Glalie</strong>)!<br></div><div class="battle-history"><small>Pointed stones dug into Mr. Freeze!</small><br></div><div class="spacer battle-history"><br></div><h2 class="battle-history">Turn 17</h2><div class="spacer battle-history"><br></div><div class="battle-history"><small>Mr. Freeze's Glalitite is reacting to themadkingatmey's Mega Bracelet!</small><br>Mr. Freeze has Mega Evolved into Mega Glalie!<br></div><div class="spacer battle-history"><br></div><div class="battle-history">Mr. Freeze used <strong>Ice Shard</strong>!<br></div><div class="battle-history"><small>It's super effective!</small><br></div><div class="battle-history"><small>(The opposing Aerodactyl lost <abbr title="−194/302">64.2%</abbr> of its health!)</small><br></div><div class="spacer battle-history"><br></div><div class="battle-history">The opposing Aerodactyl used <strong>Iron Head</strong>!<br></div><div class="battle-history"><small>It's super effective!</small><br></div><div class="battle-history"><small>(Mr. Freeze lost <abbr title="−204/301">67.8%</abbr> of its health!)</small><br></div><div class="spacer battle-history"><br></div><h2 class="battle-history">Turn 18</h2><div class="chat"><small>TryingItAgain left.</small></div><div class="chat"><small>TryingItAgain joined.</small></div><div class="spacer battle-history"><br></div><div class="battle-history">Mr. Freeze used <strong>Ice Shard</strong>!<br></div><div class="battle-history"><small>It's super effective!</small><br></div><div class="battle-history"><small>(The opposing Aerodactyl lost <abbr title="−33/302">10.9%</abbr> of its health!)</small><br></div><div class="spacer battle-history"><br></div><div class="battle-history">The opposing Aerodactyl fainted!<br></div><div class="spacer battle-history"><br></div><div class="battle-history">TryingItAgain sent out <strong>Scrafty</strong>!<br></div><div class="battle-history"><small>Pointed stones dug into the opposing Scrafty!</small><br></div><div class="battle-history"><small>[The opposing Scrafty's Intimidate]</small><br></div><div class="battle-history"><small>Mr. Freeze's Attack fell!</small><br></div><div class="spacer battle-history"><br></div><h2 class="battle-history">Turn 19</h2><div class="spacer battle-history"><br></div><div class="battle-history">Mr. Freeze used <strong>Freeze-Dry</strong>!<br></div><div class="battle-history"><small>(The opposing Scrafty lost <abbr title="−82/272">30.1%</abbr> of its health!)</small><br></div><div class="spacer battle-history"><br></div><div class="battle-history">The opposing Scrafty used <strong>Dragon Dance</strong>!<br></div><div class="battle-history"><small>The opposing Scrafty's Attack rose!</small><br></div><div class="battle-history"><small>The opposing Scrafty's Speed rose!</small><br></div><div class="spacer battle-history"><br></div><div class="battle-history"><small>The opposing Scrafty restored a little HP using its Leftovers!</small><br></div><div class="spacer battle-history"><br></div><h2 class="battle-history">Turn 20</h2><div class="spacer battle-history"><br></div><div class="battle-history">Mr. Freeze used <strong>Ice Shard</strong>!<br></div><div class="battle-history"><small>(The opposing Scrafty lost <abbr title="−43/272">15.8%</abbr> of its health!)</small><br></div><div class="spacer battle-history"><br></div><div class="battle-history">The opposing Scrafty used <strong>Drain Punch</strong>!<br></div><div class="battle-history"><small>It's super effective!</small><br></div><div class="battle-history"><small>(Mr. Freeze lost <abbr title="−22/301">7.3%</abbr> of its health!)</small><br></div><div class="battle-history"><small>Mr. Freeze had its energy drained!</small><br></div><div class="spacer battle-history"><br></div><div class="battle-history">Mr. Freeze fainted!<br></div><div class="spacer battle-history"><br></div><div class="battle-history"><small>The opposing Scrafty restored a little HP using its Leftovers!</small><br></div><div class="spacer battle-history"><br></div><div class="battle-history">Go! Naz (<strong>Sigilyph</strong>)!<br></div><div class="spacer battle-history"><br></div><h2 class="battle-history">Turn 21</h2><div class="spacer battle-history"><br></div><div class="battle-history">The opposing Scrafty used <strong>Protect</strong>!<br></div><div class="battle-history"><small>The opposing Scrafty protected itself!</small><br></div><div class="spacer battle-history"><br></div><div class="battle-history">Naz used <strong>Air Slash</strong>!<br></div><div class="battle-history"><small>The opposing Scrafty protected itself!</small><br></div><div class="spacer battle-history"><br></div><div class="battle-history"><small>The opposing Scrafty restored a little HP using its Leftovers!</small><br></div><div class="spacer battle-history"><br></div><h2 class="battle-history">Turn 22</h2><div class="spacer battle-history"><br></div><div class="battle-history">The opposing Scrafty used <strong>Drain Punch</strong>!<br></div><div class="battle-history"><small>It's not very effective...</small><br></div><div class="battle-history"><small>(Naz lost <abbr title="−45/286">15.7%</abbr> of its health!)</small><br></div><div class="battle-history"><small>Naz had its energy drained!</small><br></div><div class="spacer battle-history"><br></div><div class="battle-history">Naz used <strong>Air Slash</strong>!<br></div><div class="battle-history"><small>It's super effective!</small><br></div><div class="battle-history"><small>(The opposing Scrafty lost <abbr title="−215/272">79.0%</abbr> of its health!)</small><br></div><div class="spacer battle-history"><br></div><div class="battle-history">The opposing Scrafty fainted!<br></div><div class="spacer battle-history"><br></div><div class="battle-history">TryingItAgain sent out <strong>Jolteon</strong>!<br></div><div class="battle-history"><small>Pointed stones dug into the opposing Jolteon!</small><br></div><div class="spacer battle-history"><br></div><h2 class="battle-history">Turn 23</h2><div class="spacer battle-history"><br></div><div class="battle-history">The opposing Jolteon used <strong>Thunderbolt</strong>!<br></div><div class="battle-history"><small>It's super effective!</small><br></div><div class="battle-history"><small>(Naz lost <abbr title="−13/286">4.5%</abbr> of its health!)</small><br></div><div class="battle-history"><small>The opposing Jolteon lost some of its HP!</small><br></div><div class="spacer battle-history"><br></div><div class="battle-history">Naz fainted!<br></div><div class="spacer battle-history"><br></div><div class="battle-history">Go! Mock Turtle (<strong>Blastoise</strong>)!<br></div><div class="battle-history"><small>Pointed stones dug into Mock Turtle!</small><br></div><div class="spacer battle-history"><br></div><div class="battle-history">Mock Turtle fainted!<br></div><div class="spacer battle-history"><br></div><div class="battle-history"><strong>TryingItAgain</strong> won the battle!<br></div></div><div class="inner-preempt"></div></div></div>
</div>
<script>
let daily = Math.floor(Date.now()/1000/60/60/24);document.write('<script src="https://play.pokemonshowdown.com/js/replay-embed.js?version'+daily+'"></'+'script>');
</script>
