<!DOCTYPE html>
<meta charset="utf-8" />
<!-- version 1 -->
<title>RU replay: Mysterious M vs. Watchog✿</title>
<style>
html,body {font-family:Verdana, sans-serif;font-size:10pt;margin:0;padding:0;}body{padding:12px 0;} .battle-log {font-family:Verdana, sans-serif;font-size:10pt;} .battle-log-inline {border:1px solid #AAAAAA;background:#EEF2F5;color:black;max-width:640px;margin:0 auto 80px;padding-bottom:5px;} .battle-log .inner {padding:4px 8px 0px 8px;} .battle-log .inner-preempt {padding:0 8px 4px 8px;} .battle-log .inner-after {margin-top:0.5em;} .battle-log h2 {margin:0.5em -8px;padding:4px 8px;border:1px solid #AAAAAA;background:#E0E7EA;border-left:0;border-right:0;font-family:Verdana, sans-serif;font-size:13pt;} .battle-log .chat {vertical-align:middle;padding:3px 0 3px 0;font-size:8pt;} .battle-log .chat strong {color:#40576A;} .battle-log .chat em {padding:1px 4px 1px 3px;color:#000000;font-style:normal;} .chat.mine {background:rgba(0,0,0,0.05);margin-left:-8px;margin-right:-8px;padding-left:8px;padding-right:8px;} .spoiler {color:#BBBBBB;background:#BBBBBB;padding:0px 3px;} .spoiler:hover, .spoiler:active, .spoiler-shown {color:#000000;background:#E2E2E2;padding:0px 3px;} .spoiler a {color:#BBBBBB;} .spoiler:hover a, .spoiler:active a, .spoiler-shown a {color:#2288CC;} .chat code, .chat .spoiler:hover code, .chat .spoiler:active code, .chat .spoiler-shown code {border:1px solid #C0C0C0;background:#EEEEEE;color:black;padding:0 2px;} .chat .spoiler code {border:1px solid #CCCCCC;background:#CCCCCC;color:#CCCCCC;} .battle-log .rated {padding:3px 4px;} .battle-log .rated strong {color:white;background:#89A;padding:1px 4px;border-radius:4px;} .spacer {margin-top:0.5em;} .message-announce {background:#6688AA;color:white;padding:1px 4px 2px;} .message-announce a, .broadcast-green a, .broadcast-blue a, .broadcast-red a {color:#DDEEFF;} .broadcast-green {background-color:#559955;color:white;padding:2px 4px;} .broadcast-blue {background-color:#6688AA;color:white;padding:2px 4px;} .infobox {border:1px solid #6688AA;padding:2px 4px;} .infobox-limited {max-height:200px;overflow:auto;overflow-x:hidden;} .broadcast-red {background-color:#AA5544;color:white;padding:2px 4px;} .message-learn-canlearn {font-weight:bold;color:#228822;text-decoration:underline;} .message-learn-cannotlearn {font-weight:bold;color:#CC2222;text-decoration:underline;} .message-effect-weak {font-weight:bold;color:#CC2222;} .message-effect-resist {font-weight:bold;color:#6688AA;} .message-effect-immune {font-weight:bold;color:#666666;} .message-learn-list {margin-top:0;margin-bottom:0;} .message-throttle-notice, .message-error {color:#992222;} .message-overflow, .chat small.message-overflow {font-size:0pt;} .message-overflow::before {font-size:9pt;content:'...';} .subtle {color:#3A4A66;}
</style>
<div class="wrapper replay-wrapper" style="max-width:1180px;margin:0 auto">
<input type="hidden" name="replayid" value="ru-572566523" />
<div class="battle"></div><div class="battle-log"></div><div class="replay-controls"></div><div class="replay-controls-2"></div>
<h1 style="font-weight:normal;text-align:center"><strong>RU</strong><br /><a href="http://pokemonshowdown.com/users/mysteriousm" class="subtle" target="_blank">Mysterious M</a> vs. <a href="http://pokemonshowdown.com/users/watchog" class="subtle" target="_blank">Watchog✿</a></h1>
<script type="text/plain" class="battle-log-data">|j|Mysterious M
|j|Watchog✿
|player|p1|Mysterious M|153
|player|p2|Watchog✿|281
|gametype|singles
|gen|6
|tier|RU
|seed|2260,13840,64927,20287
|rule|Sleep Clause Mod: Limit one foe put to sleep
|rule|Species Clause: Limit one of each Pokémon
|rule|OHKO Clause: OHKO moves are banned
|rule|Moody Clause: Moody is banned
|rule|Evasion Moves Clause: Evasion moves are banned
|rule|Endless Battle Clause: Forcing endless battles is banned
|rule|HP Percentage Mod: HP is shown in percentages
|clearpoke
|poke|p1|Diancie|item
|poke|p1|Flygon, M|item
|poke|p1|Venusaur, M|item
|poke|p1|Magneton|item
|poke|p1|Jellicent, F|item
|poke|p1|Scrafty, M|item
|poke|p2|Uxie|item
|poke|p2|Magneton|item
|poke|p2|Medicham, M|item
|poke|p2|Ludicolo, F|item
|poke|p2|Kabutops, F|item
|poke|p2|Omastar, M|item
|rule|Swagger Clause: Swagger is banned
|rule|Baton Pass Clause: Limit one Baton Passer, can't pass Spe and other stats simultaneously
|teampreview
|j|Mishiimono²
|c|☆Watchog✿|hl hf
|c|☆Watchog✿|gl
|c|☆Mysterious M|hf
|c| Mishiimono²|ew rain
|c| Mishiimono²|watchdog ur so bad
|j|Matame
|c| Mishiimono²|cant even use teams that require skill
|c|☆Watchog✿|im sorri im down a game
|choice|team 1, team 2, team 3, team 4, team 5, team 6|team 1, team 2, team 3, team 4, team 5, team 6
|
|start
|switch|p1a: Diancie|Diancie|304\/304
|switch|p2a: Uxie|Uxie|291\/291
|turn|1
|choice|move stealthrock|move knockoff
|
|move|p2a: Uxie|Knock Off|p1a: Diancie
|-resisted|p1a: Diancie
|-damage|p1a: Diancie|283\/304
|-enditem|p1a: Diancie|Leftovers|[from] move: Knock Off|[of] p2a: Uxie
|move|p1a: Diancie|Stealth Rock|p2a: Uxie
|-sidestart|p2: Watchog✿|move: Stealth Rock
|
|upkeep
|turn|2
|choice|move moonblast|move stealthrock
|
|move|p2a: Uxie|Stealth Rock|p1a: Diancie
|-sidestart|p1: Mysterious M|move: Stealth Rock
|move|p1a: Diancie|Moonblast|p2a: Uxie
|-damage|p2a: Uxie|195\/291
|
|upkeep
|turn|3
|c| Mishiimono²|i'm joking
|c| Mishiimono²|:D
|choice|move moonblast|move raindance
|
|move|p2a: Uxie|Rain Dance|p2a: Uxie
|-weather|RainDance
|move|p1a: Diancie|Moonblast|p2a: Uxie
|-damage|p2a: Uxie|110\/291
|
|-weather|RainDance|[upkeep]
|upkeep
|turn|4
|choice|move moonblast|move uturn
|
|move|p2a: Uxie|U-turn|p1a: Diancie
|-resisted|p1a: Diancie
|-damage|p1a: Diancie|267\/304
|choice||switch 4
|
|switch|p2a: Ludicolo|Ludicolo, F|301\/301
|-damage|p2a: Ludicolo|264\/301|[from] Stealth Rock
|move|p1a: Diancie|Moonblast|p2a: Ludicolo
|-crit|p2a: Ludicolo
|-damage|p2a: Ludicolo|86\/301
|
|-weather|RainDance|[upkeep]
|upkeep
|turn|5
|choice|switch 3|move gigadrain
|
|switch|p1a: see pst the sunset|Venusaur, M|301\/301
|-damage|p1a: see pst the sunset|264\/301|[from] Stealth Rock
|move|p2a: Ludicolo|Giga Drain|p1a: see pst the sunset
|-resisted|p1a: see pst the sunset
|-damage|p1a: see pst the sunset|228\/301
|-heal|p2a: Ludicolo|104\/301|[from] drain|[of] p1a: see pst the sunset
|-damage|p2a: Ludicolo|74\/301|[from] item: Life Orb
|
|-weather|RainDance|[upkeep]
|upkeep
|turn|6
|choice|move sludgebomb|move icebeam
|
|move|p2a: Ludicolo|Ice Beam|p1a: see pst the sunset
|-supereffective|p1a: see pst the sunset
|-damage|p1a: see pst the sunset|28\/301
|-damage|p2a: Ludicolo|44\/301|[from] item: Life Orb
|move|p1a: see pst the sunset|Sludge Bomb|p2a: Ludicolo
|-supereffective|p2a: Ludicolo
|-damage|p2a: Ludicolo|0 fnt
|-damage|p1a: see pst the sunset|0 fnt|[from] item: Life Orb
|faint|p2a: Ludicolo
|faint|p1a: see pst the sunset
|
|-weather|RainDance|[upkeep]
|upkeep
|choice|switch 4|switch 3
|
|switch|p2a: Medicham|Medicham, M|261\/261
|switch|p1a: Magneton|Magneton|242\/242
|-damage|p2a: Medicham|245\/261|[from] Stealth Rock
|-damage|p1a: Magneton|227\/242|[from] Stealth Rock
|turn|7
|choice|move voltswitch|move thunderpunch
|
|move|p2a: Medicham|Thunder Punch|p1a: Magneton
|-resisted|p1a: Magneton
|-damage|p1a: Magneton|173\/242
|move|p1a: Magneton|Volt Switch|p2a: Medicham
|-damage|p2a: Medicham|97\/261
|choice|switch 2|
|
|switch|p1a: Flygon|Flygon, M|301\/301
|-damage|p1a: Flygon|283\/301|[from] Stealth Rock
|
|-weather|RainDance|[upkeep]
|upkeep
|turn|8
|choice|move earthpower|switch 4
|
|switch|p2a: Uxie|Uxie|110\/291
|-damage|p2a: Uxie|74\/291|[from] Stealth Rock
|move|p1a: Flygon|Earth Power|p2a: Uxie
|-immune|p2a: Uxie|[msg]|[from] ability: Levitate
|
|-weather|RainDance|[upkeep]
|upkeep
|turn|9
|choice|move dracometeor|move uturn
|
|move|p1a: Flygon|Draco Meteor|p2a: Uxie
|-damage|p2a: Uxie|0 fnt
|-unboost|p1a: Flygon|spa|2
|-damage|p1a: Flygon|253\/301|[from] item: Life Orb
|faint|p2a: Uxie
|
|-weather|RainDance|[upkeep]
|upkeep
|j|rafooa11
|choice||switch 5
|
|switch|p2a: Kabutops|Kabutops, F|261\/261
|-damage|p2a: Kabutops|229\/261|[from] Stealth Rock
|turn|10
|choice|switch 5|move waterfall
|
|switch|p1a: Jellicent|Jellicent, F|403\/403
|-damage|p1a: Jellicent|353\/403|[from] Stealth Rock
|move|p2a: Kabutops|Waterfall|p1a: Jellicent
|-heal|p1a: Jellicent|403\/403|[from] ability: Water Absorb|[of] p2a: Kabutops
|
|-weather|none
|upkeep
|turn|11
|choice|move willowisp|move stoneedge
|
|move|p2a: Kabutops|Stone Edge|p1a: Jellicent
|-damage|p1a: Jellicent|187\/403
|-damage|p2a: Kabutops|203\/261|[from] item: Life Orb
|move|p1a: Jellicent|Will-O-Wisp|p2a: Kabutops|[miss]
|-miss|p1a: Jellicent|p2a: Kabutops
|
|upkeep
|turn|12
|c|☆Watchog✿|sorry
|c|☆Mysterious M|of course
|c|☆Watchog✿|:v
|c| Matame|bg
|c|☆Mysterious M|that was auto win
|c|☆Mysterious M|but alas
|c| Matame|it wasnt
|choice|switch 2|move stoneedge
|
|switch|p1a: Magneton|Magneton|173\/242
|-damage|p1a: Magneton|158\/242|[from] Stealth Rock
|move|p2a: Kabutops|Stone Edge|p1a: Magneton|[miss]
|-miss|p2a: Kabutops|p1a: Magneton
|
|upkeep
|turn|13
|choice|move voltswitch|switch 2
|
|switch|p2a: Magneton|Magneton|241\/241
|-damage|p2a: Magneton|226\/241|[from] Stealth Rock
|move|p1a: Magneton|Volt Switch|p2a: Magneton
|-resisted|p2a: Magneton
|-damage|p2a: Magneton|142\/241
|choice|switch 5|
|
|switch|p1a: Flygon|Flygon, M|253\/301
|-damage|p1a: Flygon|235\/301|[from] Stealth Rock
|
|upkeep
|turn|14
|l|rafooa11
|choice|move earthpower|move flashcannon
|
|move|p1a: Flygon|Earth Power|p2a: Magneton
|-supereffective|p2a: Magneton
|-damage|p2a: Magneton|0 fnt
|-damage|p1a: Flygon|205\/301|[from] item: Life Orb
|faint|p2a: Magneton
|
|upkeep
|choice||switch 4
|
|switch|p2a: Medicham|Medicham, M|97\/261
|-damage|p2a: Medicham|81\/261|[from] Stealth Rock
|turn|15
|choice|switch 2|move raindance
|
|switch|p1a: Jellicent|Jellicent, F|187\/403
|-damage|p1a: Jellicent|137\/403|[from] Stealth Rock
|move|p2a: Medicham|Rain Dance|p2a: Medicham
|-weather|RainDance
|
|-weather|RainDance|[upkeep]
|upkeep
|turn|16
|j|Padparadscha
|choice|move recover|switch 6
|
|switch|p2a: Omastar|Omastar, M|281\/281
|-damage|p2a: Omastar|246\/281|[from] Stealth Rock
|move|p1a: Jellicent|Recover|p1a: Jellicent
|-heal|p1a: Jellicent|339\/403
|
|-weather|RainDance|[upkeep]
|upkeep
|turn|17
|choice|move scald|move shellsmash
|
|move|p2a: Omastar|Shell Smash|p2a: Omastar
|-unboost|p2a: Omastar|def|1
|-unboost|p2a: Omastar|spd|1
|-boost|p2a: Omastar|atk|2
|-boost|p2a: Omastar|spa|2
|-boost|p2a: Omastar|spe|2
|-enditem|p2a: Omastar|White Herb
|-clearnegativeboost|p2a: Omastar|[silent]
|move|p1a: Jellicent|Scald|p2a: Omastar
|-damage|p2a: Omastar|72\/281
|
|-weather|RainDance|[upkeep]
|upkeep
|turn|18
|choice|move scald|move hiddenpower
|
|move|p2a: Omastar|Hidden Power|p1a: Jellicent
|-supereffective|p1a: Jellicent
|-damage|p1a: Jellicent|69\/403
|move|p1a: Jellicent|Scald|p2a: Omastar
|-damage|p2a: Omastar|0 fnt
|faint|p2a: Omastar
|
|-weather|RainDance|[upkeep]
|upkeep
|choice||switch 2
|
|switch|p2a: Kabutops|Kabutops, F|203\/261
|-damage|p2a: Kabutops|171\/261|[from] Stealth Rock
|turn|19
|choice|switch 5|move stoneedge
|
|switch|p1a: Magneton|Magneton|158\/242
|-damage|p1a: Magneton|143\/242|[from] Stealth Rock
|move|p2a: Kabutops|Stone Edge|p1a: Magneton
|-resisted|p1a: Magneton
|-damage|p1a: Magneton|30\/242
|-damage|p2a: Kabutops|145\/261|[from] item: Life Orb
|
|-weather|none
|upkeep
|turn|20
|choice|move voltswitch|move aquajet
|
|move|p2a: Kabutops|Aqua Jet|p1a: Magneton
|-damage|p1a: Magneton|0 fnt
|-damage|p2a: Kabutops|119\/261|[from] item: Life Orb
|faint|p1a: Magneton
|
|upkeep
|choice|switch 3|
|
|switch|p1a: Diancie|Diancie|267\/304
|-damage|p1a: Diancie|229\/304|[from] Stealth Rock
|turn|21
|choice|move moonblast|move waterfall
|
|move|p2a: Kabutops|Waterfall|p1a: Diancie
|-supereffective|p1a: Diancie
|-damage|p1a: Diancie|0 fnt
|-damage|p2a: Kabutops|93\/261|[from] item: Life Orb
|faint|p1a: Diancie
|
|upkeep
|choice|switch 2|
|
|switch|p1a: Flygon|Flygon, M|205\/301
|-damage|p1a: Flygon|187\/301|[from] Stealth Rock
|turn|22
|choice|move earthpower|move waterfall
|
|move|p1a: Flygon|Earth Power|p2a: Kabutops
|-supereffective|p2a: Kabutops
|-crit|p2a: Kabutops
|-damage|p2a: Kabutops|0 fnt
|-damage|p1a: Flygon|157\/301|[from] item: Life Orb
|faint|p2a: Kabutops
|
|upkeep
|choice||switch 6
|
|switch|p2a: Medicham|Medicham, M|81\/261
|-damage|p2a: Medicham|65\/261|[from] Stealth Rock
|turn|23
|c|☆Watchog✿|yup gg
|c|☆Watchog✿|gl in series
|choice|move earthpower|move highjumpkick
|
|move|p2a: Medicham|High Jump Kick|p1a: Flygon
|-damage|p1a: Flygon|0 fnt
|faint|p1a: Flygon
|
|upkeep
|c|☆Mysterious M|gg
|l|Matame
|choice|switch 5|
|
|switch|p1a: Jellicent|Jellicent, F|69\/403
|-damage|p1a: Jellicent|19\/403|[from] Stealth Rock
|turn|24
|choice|move recover|move highjumpkick
|
|move|p2a: Medicham|High Jump Kick|p1a: Jellicent
|-immune|p1a: Jellicent|[msg]
|-damage|p2a: Medicham|0 fnt|[from] highjumpkick
|faint|p2a: Medicham
|
|win|Mysterious M</script>
</div>
<div class="battle-log battle-log-inline"><div class="inner"><div class="battle-options"></div><div class="inner"><div class="chat"><small>Mysterious M joined.</small></div><div class="chat"><small>Watchog✿ joined.</small></div><div class=""><small>Format:</small> <br><strong>RU</strong></div><div class=""><small><em>Sleep Clause Mod:</em> Limit one foe put to sleep</small></div><div class=""><small><em>Species Clause:</em> Limit one of each Pokémon</small></div><div class=""><small><em>OHKO Clause:</em> OHKO moves are banned</small></div><div class=""><small><em>Moody Clause:</em> Moody is banned</small></div><div class=""><small><em>Evasion Moves Clause:</em> Evasion moves are banned</small></div><div class=""><small><em>Endless Battle Clause:</em> Forcing endless battles is banned</small></div><div class=""><small><em>HP Percentage Mod:</em> HP is shown in percentages</small></div><div class=""><small><em>Swagger Clause:</em> Swagger is banned</small></div><div class=""><small><em>Baton Pass Clause:</em> Limit one Baton Passer, can't pass Spe and other stats simultaneously</small></div><div class="chat battle-history"><strong>Mysterious M's team:</strong> <em style="color:#445566;display:block;">Diancie / Flygon / Venusaur / Magneton / Jellicent / Scrafty</em></div><div class="chat battle-history"><strong>Watchog✿'s team:</strong> <em style="color:#445566;display:block;">Uxie / Magneton / Medicham / Ludicolo / Kabutops / Omastar</em></div><div class="chat"><small>Mishiimono² joined.</small></div><div class="chat chatmessage-watchog"><strong style="color:hsl(139,83%,31%)"><small>☆</small><span class="username" data-name="Watchog✿">Watchog✿</span>:</strong> <em>hl hf</em></div><div class="chat chatmessage-watchog"><strong style="color:hsl(139,83%,31%)"><small>☆</small><span class="username" data-name="Watchog✿">Watchog✿</span>:</strong> <em>gl</em></div><div class="chat chatmessage-mysteriousm"><strong style="color:hsl(239,86%,62.13226877834073%)"><small>☆</small><span class="username" data-name="Mysterious M">Mysterious M</span>:</strong> <em>hf</em></div><div class="chat chatmessage-mishiimono"><strong style="color:hsl(72,53%,35%)"><small> </small><span class="username" data-name="Mishiimono²">Mishiimono²</span>:</strong> <em>ew rain</em></div><div class="chat chatmessage-mishiimono"><strong style="color:hsl(72,53%,35%)"><small> </small><span class="username" data-name="Mishiimono²">Mishiimono²</span>:</strong> <em>watchdog ur so bad</em></div><div class="chat"><small>Matame joined.</small></div><div class="chat chatmessage-mishiimono"><strong style="color:hsl(72,53%,35%)"><small> </small><span class="username" data-name="Mishiimono²">Mishiimono²</span>:</strong> <em>cant even use teams that require skill</em></div><div class="chat chatmessage-watchog"><strong style="color:hsl(139,83%,31%)"><small>☆</small><span class="username" data-name="Watchog✿">Watchog✿</span>:</strong> <em>im sorri im down a game</em></div><div class="spacer battle-history"><br></div><div class="battle-history">Battle started between Mysterious M and Watchog✿!<br></div><div class="spacer battle-history"><br></div><div class="battle-history">Go! <strong>Diancie</strong>!<br></div><div class="spacer battle-history"><br></div><div class="battle-history">Watchog✿ sent out <strong>Uxie</strong>!<br></div><div class="spacer battle-history"><br></div><h2 class="battle-history">Turn 1</h2><div class="spacer battle-history"><br></div><div class="battle-history">The opposing Uxie used <strong>Knock Off</strong>!<br></div><div class="battle-history"><small>It's not very effective...</small><br></div><div class="battle-history"><small>(Diancie lost <abbr title="−21/304">6.9%</abbr> of its health!)</small><br></div><div class="battle-history"><small>The opposing Uxie knocked off Diancie's Leftovers!</small><br></div><div class="spacer battle-history"><br></div><div class="battle-history">Diancie used <strong>Stealth Rock</strong>!<br></div><div class="battle-history"><small>Pointed stones float in the air around the opposing team!</small><br></div><div class="spacer battle-history"><br></div><h2 class="battle-history">Turn 2</h2><div class="spacer battle-history"><br></div><div class="battle-history">The opposing Uxie used <strong>Stealth Rock</strong>!<br></div><div class="battle-history"><small>Pointed stones float in the air around your team!</small><br></div><div class="spacer battle-history"><br></div><div class="battle-history">Diancie used <strong>Moonblast</strong>!<br></div><div class="battle-history"><small>(The opposing Uxie lost <abbr title="−96/291">33.0%</abbr> of its health!)</small><br></div><div class="spacer battle-history"><br></div><h2 class="battle-history">Turn 3</h2><div class="chat chatmessage-mishiimono"><strong style="color:hsl(72,53%,35%)"><small> </small><span class="username" data-name="Mishiimono²">Mishiimono²</span>:</strong> <em>i'm joking</em></div><div class="chat chatmessage-mishiimono"><strong style="color:hsl(72,53%,35%)"><small> </small><span class="username" data-name="Mishiimono²">Mishiimono²</span>:</strong> <em>:D</em></div><div class="spacer battle-history"><br></div><div class="battle-history">The opposing Uxie used <strong>Rain Dance</strong>!<br></div><div class="battle-history"><small>It started to rain!</small><br></div><div class="spacer battle-history"><br></div><div class="battle-history">Diancie used <strong>Moonblast</strong>!<br></div><div class="battle-history"><small>(The opposing Uxie lost <abbr title="−85/291">29.2%</abbr> of its health!)</small><br></div><div class="spacer battle-history"><br></div><div class="battle-history"><small>(Rain continues to fall!)</small><br></div><div class="spacer battle-history"><br></div><h2 class="battle-history">Turn 4</h2><div class="spacer battle-history"><br></div><div class="battle-history">The opposing Uxie used <strong>U-turn</strong>!<br></div><div class="battle-history"><small>It's not very effective...</small><br></div><div class="battle-history"><small>(Diancie lost <abbr title="−16/304">5.3%</abbr> of its health!)</small><br></div><div class="spacer battle-history"><br></div><div class="battle-history">The opposing Uxie went back to Watchog✿!<br></div><div class="battle-history">Watchog✿ sent out <strong>Ludicolo</strong>!<br></div><div class="battle-history"><small>Pointed stones dug into the opposing Ludicolo!</small><br></div><div class="spacer battle-history"><br></div><div class="battle-history">Diancie used <strong>Moonblast</strong>!<br></div><div class="battle-history"><small>A critical hit!</small><br></div><div class="battle-history"><small>(The opposing Ludicolo lost <abbr title="−178/301">59.1%</abbr> of its health!)</small><br></div><div class="spacer battle-history"><br></div><div class="battle-history"><small>(Rain continues to fall!)</small><br></div><div class="spacer battle-history"><br></div><h2 class="battle-history">Turn 5</h2><div class="spacer battle-history"><br></div><div class="battle-history">Diancie, come back!<br></div><div class="battle-history">Go! see pst the sunset (<strong>Venusaur</strong>)!<br></div><div class="battle-history"><small>Pointed stones dug into see pst the sunset!</small><br></div><div class="spacer battle-history"><br></div><div class="battle-history">The opposing Ludicolo used <strong>Giga Drain</strong>!<br></div><div class="battle-history"><small>It's not very effective...</small><br></div><div class="battle-history"><small>(see pst the sunset lost <abbr title="−36/301">12.0%</abbr> of its health!)</small><br></div><div class="battle-history"><small>see pst the sunset had its energy drained!</small><br></div><div class="battle-history"><small>The opposing Ludicolo lost some of its HP!</small><br></div><div class="spacer battle-history"><br></div><div class="battle-history"><small>(Rain continues to fall!)</small><br></div><div class="spacer battle-history"><br></div><h2 class="battle-history">Turn 6</h2><div class="spacer battle-history"><br></div><div class="battle-history">The opposing Ludicolo used <strong>Ice Beam</strong>!<br></div><div class="battle-history"><small>It's super effective!</small><br></div><div class="battle-history"><small>(see pst the sunset lost <abbr title="−200/301">66.4%</abbr> of its health!)</small><br></div><div class="battle-history"><small>The opposing Ludicolo lost some of its HP!</small><br></div><div class="spacer battle-history"><br></div><div class="battle-history">see pst the sunset used <strong>Sludge Bomb</strong>!<br></div><div class="battle-history"><small>It's super effective!</small><br></div><div class="battle-history"><small>(The opposing Ludicolo lost <abbr title="−44/301">14.6%</abbr> of its health!)</small><br></div><div class="battle-history"><small>see pst the sunset lost some of its HP!</small><br></div><div class="spacer battle-history"><br></div><div class="battle-history">The opposing Ludicolo fainted!<br></div><div class="battle-history">see pst the sunset fainted!<br></div><div class="spacer battle-history"><br></div><div class="battle-history"><small>(Rain continues to fall!)</small><br></div><div class="spacer battle-history"><br></div><div class="battle-history">Watchog✿ sent out <strong>Medicham</strong>!<br></div><div class="spacer battle-history"><br></div><div class="battle-history">Go! <strong>Magneton</strong>!<br></div><div class="battle-history"><small>Pointed stones dug into the opposing Medicham!</small><br></div><div class="battle-history"><small>Pointed stones dug into Magneton!</small><br></div><div class="spacer battle-history"><br></div><h2 class="battle-history">Turn 7</h2><div class="spacer battle-history"><br></div><div class="battle-history">The opposing Medicham used <strong>Thunder Punch</strong>!<br></div><div class="battle-history"><small>It's not very effective...</small><br></div><div class="battle-history"><small>(Magneton lost <abbr title="−54/242">22.3%</abbr> of its health!)</small><br></div><div class="spacer battle-history"><br></div><div class="battle-history">Magneton used <strong>Volt Switch</strong>!<br></div><div class="battle-history"><small>(The opposing Medicham lost <abbr title="−148/261">56.7%</abbr> of its health!)</small><br></div><div class="spacer battle-history"><br></div><div class="battle-history">Magneton went back to Mysterious M!<br></div><div class="battle-history">Go! <strong>Flygon</strong>!<br></div><div class="battle-history"><small>Pointed stones dug into Flygon!</small><br></div><div class="spacer battle-history"><br></div><div class="battle-history"><small>(Rain continues to fall!)</small><br></div><div class="spacer battle-history"><br></div><h2 class="battle-history">Turn 8</h2><div class="spacer battle-history"><br></div><div class="battle-history">Watchog✿ withdrew Medicham!<br></div><div class="battle-history">Watchog✿ sent out <strong>Uxie</strong>!<br></div><div class="battle-history"><small>Pointed stones dug into the opposing Uxie!</small><br></div><div class="spacer battle-history"><br></div><div class="battle-history">Flygon used <strong>Earth Power</strong>!<br></div><div class="battle-history"><small>[The opposing Uxie's Levitate]</small><br><small>It doesn't affect the opposing Uxie...</small><br></div><div class="spacer battle-history"><br></div><div class="battle-history"><small>(Rain continues to fall!)</small><br></div><div class="spacer battle-history"><br></div><h2 class="battle-history">Turn 9</h2><div class="spacer battle-history"><br></div><div class="battle-history">Flygon used <strong>Draco Meteor</strong>!<br></div><div class="battle-history"><small>(The opposing Uxie lost <abbr title="−74/291">25.4%</abbr> of its health!)</small><br></div><div class="battle-history"><small>Flygon's Special Attack fell harshly!</small><br></div><div class="battle-history"><small>Flygon lost some of its HP!</small><br></div><div class="spacer battle-history"><br></div><div class="battle-history">The opposing Uxie fainted!<br></div><div class="spacer battle-history"><br></div><div class="battle-history"><small>(Rain continues to fall!)</small><br></div><div class="chat"><small>rafooa11 joined.</small></div><div class="spacer battle-history"><br></div><div class="battle-history">Watchog✿ sent out <strong>Kabutops</strong>!<br></div><div class="battle-history"><small>Pointed stones dug into the opposing Kabutops!</small><br></div><div class="spacer battle-history"><br></div><h2 class="battle-history">Turn 10</h2><div class="spacer battle-history"><br></div><div class="battle-history">Flygon, come back!<br></div><div class="battle-history">Go! <strong>Jellicent</strong>!<br></div><div class="battle-history"><small>Pointed stones dug into Jellicent!</small><br></div><div class="spacer battle-history"><br></div><div class="battle-history">The opposing Kabutops used <strong>Waterfall</strong>!<br></div><div class="battle-history"><small>[Jellicent's Water Absorb]</small><br><small>Jellicent restored its HP.</small><br></div><div class="spacer battle-history"><br></div><div class="battle-history"><small>The rain stopped.</small><br></div><div class="spacer battle-history"><br></div><h2 class="battle-history">Turn 11</h2><div class="spacer battle-history"><br></div><div class="battle-history">The opposing Kabutops used <strong>Stone Edge</strong>!<br></div><div class="battle-history"><small>(Jellicent lost <abbr title="−216/403">53.6%</abbr> of its health!)</small><br></div><div class="battle-history"><small>The opposing Kabutops lost some of its HP!</small><br></div><div class="spacer battle-history"><br></div><div class="battle-history">Jellicent used <strong>Will-O-Wisp</strong>!<br></div><div class="battle-history"><small>The opposing Kabutops avoided the attack!</small><br></div><div class="spacer battle-history"><br></div><h2 class="battle-history">Turn 12</h2><div class="chat chatmessage-watchog"><strong style="color:hsl(139,83%,31%)"><small>☆</small><span class="username" data-name="Watchog✿">Watchog✿</span>:</strong> <em>sorry</em></div><div class="chat chatmessage-mysteriousm"><strong style="color:hsl(239,86%,62.13226877834073%)"><small>☆</small><span class="username" data-name="Mysterious M">Mysterious M</span>:</strong> <em>of course</em></div><div class="chat chatmessage-watchog"><strong style="color:hsl(139,83%,31%)"><small>☆</small><span class="username" data-name="Watchog✿">Watchog✿</span>:</strong> <em>:v</em></div><div class="chat chatmessage-matame"><strong style="color:hsl(205,86%,38%)"><small> </small><span class="username" data-name="Matame">Matame</span>:</strong> <em>bg</em></div><div class="chat chatmessage-mysteriousm"><strong style="color:hsl(239,86%,62.13226877834073%)"><small>☆</small><span class="username" data-name="Mysterious M">Mysterious M</span>:</strong> <em>that was auto win</em></div><div class="chat chatmessage-mysteriousm"><strong style="color:hsl(239,86%,62.13226877834073%)"><small>☆</small><span class="username" data-name="Mysterious M">Mysterious M</span>:</strong> <em>but alas</em></div><div class="chat chatmessage-matame"><strong style="color:hsl(205,86%,38%)"><small> </small><span class="username" data-name="Matame">Matame</span>:</strong> <em>it wasnt</em></div><div class="spacer battle-history"><br></div><div class="battle-history">Jellicent, come back!<br></div><div class="battle-history">Go! <strong>Magneton</strong>!<br></div><div class="battle-history"><small>Pointed stones dug into Magneton!</small><br></div><div class="spacer battle-history"><br></div><div class="battle-history">The opposing Kabutops used <strong>Stone Edge</strong>!<br></div><div class="battle-history"><small>Magneton avoided the attack!</small><br></div><div class="spacer battle-history"><br></div><h2 class="battle-history">Turn 13</h2><div class="spacer battle-history"><br></div><div class="battle-history">Watchog✿ withdrew Kabutops!<br></div><div class="battle-history">Watchog✿ sent out <strong>Magneton</strong>!<br></div><div class="battle-history"><small>Pointed stones dug into the opposing Magneton!</small><br></div><div class="spacer battle-history"><br></div><div class="battle-history">Magneton used <strong>Volt Switch</strong>!<br></div><div class="battle-history"><small>It's not very effective...</small><br></div><div class="battle-history"><small>(The opposing Magneton lost <abbr title="−84/241">34.9%</abbr> of its health!)</small><br></div><div class="spacer battle-history"><br></div><div class="battle-history">Magneton went back to Mysterious M!<br></div><div class="battle-history">Go! <strong>Flygon</strong>!<br></div><div class="battle-history"><small>Pointed stones dug into Flygon!</small><br></div><div class="spacer battle-history"><br></div><h2 class="battle-history">Turn 14</h2><div class="chat"><small>rafooa11 left.</small></div><div class="spacer battle-history"><br></div><div class="battle-history">Flygon used <strong>Earth Power</strong>!<br></div><div class="battle-history"><small>It's super effective!</small><br></div><div class="battle-history"><small>(The opposing Magneton lost <abbr title="−142/241">58.9%</abbr> of its health!)</small><br></div><div class="battle-history"><small>Flygon lost some of its HP!</small><br></div><div class="spacer battle-history"><br></div><div class="battle-history">The opposing Magneton fainted!<br></div><div class="spacer battle-history"><br></div><div class="battle-history">Watchog✿ sent out <strong>Medicham</strong>!<br></div><div class="battle-history"><small>Pointed stones dug into the opposing Medicham!</small><br></div><div class="spacer battle-history"><br></div><h2 class="battle-history">Turn 15</h2><div class="spacer battle-history"><br></div><div class="battle-history">Flygon, come back!<br></div><div class="battle-history">Go! <strong>Jellicent</strong>!<br></div><div class="battle-history"><small>Pointed stones dug into Jellicent!</small><br></div><div class="spacer battle-history"><br></div><div class="battle-history">The opposing Medicham used <strong>Rain Dance</strong>!<br></div><div class="battle-history"><small>It started to rain!</small><br></div><div class="spacer battle-history"><br></div><div class="battle-history"><small>(Rain continues to fall!)</small><br></div><div class="spacer battle-history"><br></div><h2 class="battle-history">Turn 16</h2><div class="chat"><small>Padparadscha joined.</small></div><div class="spacer battle-history"><br></div><div class="battle-history">Watchog✿ withdrew Medicham!<br></div><div class="battle-history">Watchog✿ sent out <strong>Omastar</strong>!<br></div><div class="battle-history"><small>Pointed stones dug into the opposing Omastar!</small><br></div><div class="spacer battle-history"><br></div><div class="battle-history">Jellicent used <strong>Recover</strong>!<br></div><div class="battle-history"><small>Jellicent restored its HP.</small><br></div><div class="spacer battle-history"><br></div><div class="battle-history"><small>(Rain continues to fall!)</small><br></div><div class="spacer battle-history"><br></div><h2 class="battle-history">Turn 17</h2><div class="spacer battle-history"><br></div><div class="battle-history">The opposing Omastar used <strong>Shell Smash</strong>!<br></div><div class="battle-history"><small>The opposing Omastar's Defense fell!</small><br></div><div class="battle-history"><small>The opposing Omastar's Special Defense fell!</small><br></div><div class="battle-history"><small>The opposing Omastar's Attack rose sharply!</small><br></div><div class="battle-history"><small>The opposing Omastar's Special Attack rose sharply!</small><br></div><div class="battle-history"><small>The opposing Omastar's Speed rose sharply!</small><br></div><div class="battle-history"><small>The opposing Omastar returned its status to normal using its White Herb!</small><br></div><div class="spacer battle-history"><br></div><div class="battle-history">Jellicent used <strong>Scald</strong>!<br></div><div class="battle-history"><small>(The opposing Omastar lost <abbr title="−174/281">61.9%</abbr> of its health!)</small><br></div><div class="spacer battle-history"><br></div><div class="battle-history"><small>(Rain continues to fall!)</small><br></div><div class="spacer battle-history"><br></div><h2 class="battle-history">Turn 18</h2><div class="spacer battle-history"><br></div><div class="battle-history">The opposing Omastar used <strong>Hidden Power</strong>!<br></div><div class="battle-history"><small>It's super effective!</small><br></div><div class="battle-history"><small>(Jellicent lost <abbr title="−270/403">67.0%</abbr> of its health!)</small><br></div><div class="spacer battle-history"><br></div><div class="battle-history">Jellicent used <strong>Scald</strong>!<br></div><div class="battle-history"><small>(The opposing Omastar lost <abbr title="−72/281">25.6%</abbr> of its health!)</small><br></div><div class="spacer battle-history"><br></div><div class="battle-history">The opposing Omastar fainted!<br></div><div class="spacer battle-history"><br></div><div class="battle-history"><small>(Rain continues to fall!)</small><br></div><div class="spacer battle-history"><br></div><div class="battle-history">Watchog✿ sent out <strong>Kabutops</strong>!<br></div><div class="battle-history"><small>Pointed stones dug into the opposing Kabutops!</small><br></div><div class="spacer battle-history"><br></div><h2 class="battle-history">Turn 19</h2><div class="spacer battle-history"><br></div><div class="battle-history">Jellicent, come back!<br></div><div class="battle-history">Go! <strong>Magneton</strong>!<br></div><div class="battle-history"><small>Pointed stones dug into Magneton!</small><br></div><div class="spacer battle-history"><br></div><div class="battle-history">The opposing Kabutops used <strong>Stone Edge</strong>!<br></div><div class="battle-history"><small>It's not very effective...</small><br></div><div class="battle-history"><small>(Magneton lost <abbr title="−113/242">46.7%</abbr> of its health!)</small><br></div><div class="battle-history"><small>The opposing Kabutops lost some of its HP!</small><br></div><div class="spacer battle-history"><br></div><div class="battle-history"><small>The rain stopped.</small><br></div><div class="spacer battle-history"><br></div><h2 class="battle-history">Turn 20</h2><div class="spacer battle-history"><br></div><div class="battle-history">The opposing Kabutops used <strong>Aqua Jet</strong>!<br></div><div class="battle-history"><small>(Magneton lost <abbr title="−30/242">12.4%</abbr> of its health!)</small><br></div><div class="battle-history"><small>The opposing Kabutops lost some of its HP!</small><br></div><div class="spacer battle-history"><br></div><div class="battle-history">Magneton fainted!<br></div><div class="spacer battle-history"><br></div><div class="battle-history">Go! <strong>Diancie</strong>!<br></div><div class="battle-history"><small>Pointed stones dug into Diancie!</small><br></div><div class="spacer battle-history"><br></div><h2 class="battle-history">Turn 21</h2><div class="spacer battle-history"><br></div><div class="battle-history">The opposing Kabutops used <strong>Waterfall</strong>!<br></div><div class="battle-history"><small>It's super effective!</small><br></div><div class="battle-history"><small>(Diancie lost <abbr title="−229/304">75.3%</abbr> of its health!)</small><br></div><div class="battle-history"><small>The opposing Kabutops lost some of its HP!</small><br></div><div class="spacer battle-history"><br></div><div class="battle-history">Diancie fainted!<br></div><div class="spacer battle-history"><br></div><div class="battle-history">Go! <strong>Flygon</strong>!<br></div><div class="battle-history"><small>Pointed stones dug into Flygon!</small><br></div><div class="spacer battle-history"><br></div><h2 class="battle-history">Turn 22</h2><div class="spacer battle-history"><br></div><div class="battle-history">Flygon used <strong>Earth Power</strong>!<br></div><div class="battle-history"><small>It's super effective!</small><br></div><div class="battle-history"><small>A critical hit!</small><br></div><div class="battle-history"><small>(The opposing Kabutops lost <abbr title="−93/261">35.6%</abbr> of its health!)</small><br></div><div class="battle-history"><small>Flygon lost some of its HP!</small><br></div><div class="spacer battle-history"><br></div><div class="battle-history">The opposing Kabutops fainted!<br></div><div class="spacer battle-history"><br></div><div class="battle-history">Watchog✿ sent out <strong>Medicham</strong>!<br></div><div class="battle-history"><small>Pointed stones dug into the opposing Medicham!</small><br></div><div class="spacer battle-history"><br></div><h2 class="battle-history">Turn 23</h2><div class="chat chatmessage-watchog"><strong style="color:hsl(139,83%,31%)"><small>☆</small><span class="username" data-name="Watchog✿">Watchog✿</span>:</strong> <em>yup gg</em></div><div class="chat chatmessage-watchog"><strong style="color:hsl(139,83%,31%)"><small>☆</small><span class="username" data-name="Watchog✿">Watchog✿</span>:</strong> <em>gl in series</em></div><div class="spacer battle-history"><br></div><div class="battle-history">The opposing Medicham used <strong>High Jump Kick</strong>!<br></div><div class="battle-history"><small>(Flygon lost <abbr title="−157/301">52.2%</abbr> of its health!)</small><br></div><div class="spacer battle-history"><br></div><div class="battle-history">Flygon fainted!<br></div><div class="chat chatmessage-mysteriousm"><strong style="color:hsl(239,86%,62.13226877834073%)"><small>☆</small><span class="username" data-name="Mysterious M">Mysterious M</span>:</strong> <em>gg</em></div><div class="chat"><small>Matame left.</small></div><div class="spacer battle-history"><br></div><div class="battle-history">Go! <strong>Jellicent</strong>!<br></div><div class="battle-history"><small>Pointed stones dug into Jellicent!</small><br></div><div class="spacer battle-history"><br></div><h2 class="battle-history">Turn 24</h2><div class="spacer battle-history"><br></div><div class="battle-history">The opposing Medicham used <strong>High Jump Kick</strong>!<br></div><div class="battle-history"><small>It doesn't affect Jellicent...</small><br></div><div class="battle-history"><small>The opposing Medicham kept going and crashed!</small><br></div><div class="spacer battle-history"><br></div><div class="battle-history">The opposing Medicham fainted!<br></div><div class="spacer battle-history"><br></div><div class="battle-history"><strong>Mysterious M</strong> won the battle!<br></div></div><div class="inner-preempt"></div></div></div>
</div>
<script>
let daily = Math.floor(Date.now()/1000/60/60/24);document.write('<script src="https://play.pokemonshowdown.com/js/replay-embed.js?version'+daily+'"></'+'script>');
</script>
