<!DOCTYPE html>
<meta charset="utf-8" />
<!-- version 1 -->
<title>RU replay: Grumeaux vs. Dididoc@</title>
<style>
html,body {font-family:Verdana, sans-serif;font-size:10pt;margin:0;padding:0;}body{padding:12px 0;} .battle-log {font-family:Verdana, sans-serif;font-size:10pt;} .battle-log-inline {border:1px solid #AAAAAA;background:#EEF2F5;color:black;max-width:640px;margin:0 auto 80px;padding-bottom:5px;} .battle-log .inner {padding:4px 8px 0px 8px;} .battle-log .inner-preempt {padding:0 8px 4px 8px;} .battle-log .inner-after {margin-top:0.5em;} .battle-log h2 {margin:0.5em -8px;padding:4px 8px;border:1px solid #AAAAAA;background:#E0E7EA;border-left:0;border-right:0;font-family:Verdana, sans-serif;font-size:13pt;} .battle-log .chat {vertical-align:middle;padding:3px 0 3px 0;font-size:8pt;} .battle-log .chat strong {color:#40576A;} .battle-log .chat em {padding:1px 4px 1px 3px;color:#000000;font-style:normal;} .chat.mine {background:rgba(0,0,0,0.05);margin-left:-8px;margin-right:-8px;padding-left:8px;padding-right:8px;} .spoiler {color:#BBBBBB;background:#BBBBBB;padding:0px 3px;} .spoiler:hover, .spoiler:active, .spoiler-shown {color:#000000;background:#E2E2E2;padding:0px 3px;} .spoiler a {color:#BBBBBB;} .spoiler:hover a, .spoiler:active a, .spoiler-shown a {color:#2288CC;} .chat code, .chat .spoiler:hover code, .chat .spoiler:active code, .chat .spoiler-shown code {border:1px solid #C0C0C0;background:#EEEEEE;color:black;padding:0 2px;} .chat .spoiler code {border:1px solid #CCCCCC;background:#CCCCCC;color:#CCCCCC;} .battle-log .rated {padding:3px 4px;} .battle-log .rated strong {color:white;background:#89A;padding:1px 4px;border-radius:4px;} .spacer {margin-top:0.5em;} .message-announce {background:#6688AA;color:white;padding:1px 4px 2px;} .message-announce a, .broadcast-green a, .broadcast-blue a, .broadcast-red a {color:#DDEEFF;} .broadcast-green {background-color:#559955;color:white;padding:2px 4px;} .broadcast-blue {background-color:#6688AA;color:white;padding:2px 4px;} .infobox {border:1px solid #6688AA;padding:2px 4px;} .infobox-limited {max-height:200px;overflow:auto;overflow-x:hidden;} .broadcast-red {background-color:#AA5544;color:white;padding:2px 4px;} .message-learn-canlearn {font-weight:bold;color:#228822;text-decoration:underline;} .message-learn-cannotlearn {font-weight:bold;color:#CC2222;text-decoration:underline;} .message-effect-weak {font-weight:bold;color:#CC2222;} .message-effect-resist {font-weight:bold;color:#6688AA;} .message-effect-immune {font-weight:bold;color:#666666;} .message-learn-list {margin-top:0;margin-bottom:0;} .message-throttle-notice, .message-error {color:#992222;} .message-overflow, .chat small.message-overflow {font-size:0pt;} .message-overflow::before {font-size:9pt;content:'...';} .subtle {color:#3A4A66;}
</style>
<div class="wrapper replay-wrapper" style="max-width:1180px;margin:0 auto">
<input type="hidden" name="replayid" value="pokestrat-ru-1760" />
<div class="battle"></div><div class="battle-log"></div><div class="replay-controls"></div><div class="replay-controls-2"></div>
<h1 style="font-weight:normal;text-align:center"><strong>RU</strong><br /><a href="http://pokemonshowdown.com/users/grumeaux" class="subtle" target="_blank">Grumeaux</a> vs. <a href="http://pokemonshowdown.com/users/dididoc" class="subtle" target="_blank">Dididoc@</a></h1>
<script type="text/plain" class="battle-log-data">|j|Grumeaux
|j|Dididoc@
|player|p1|Grumeaux|192
|player|p2|Dididoc@|#clemont
|gametype|singles
|gen|6
|tier|RU
|seed|17449,28885,58410,7272
|rule|Sleep Clause Mod: Limit one foe put to sleep
|rule|Species Clause: Limit one of each Pokémon
|rule|OHKO Clause: OHKO moves are banned
|rule|Moody Clause: Moody is banned
|rule|Evasion Moves Clause: Evasion moves are banned
|rule|Endless Battle Clause: Forcing endless battles is banned
|rule|HP Percentage Mod: HP is shown in percentages
|clearpoke
|poke|p1|Virizion|item
|poke|p1|Slowking, M|item
|poke|p1|Camerupt, F|item
|poke|p1|Diancie|item
|poke|p1|Sigilyph, F|item
|poke|p1|Granbull, F|item
|poke|p2|Jolteon, M|item
|poke|p2|Hitmonlee, M|item
|poke|p2|Venusaur, M|item
|poke|p2|Bronzong|item
|poke|p2|Pelipper, F|item
|poke|p2|Camerupt, F|item
|rule|Swagger Clause: Swagger is banned
|rule|Baton Pass Clause: Limit one Baton Passer, can't pass Spe and other stats simultaneously
|teampreview
|c|☆Grumeaux|gl hf
|c|☆Dididoc@|Bc
|choice|team 3, team 2, team 1, team 4, team 5, team 6|team 6, team 2, team 3, team 4, team 5, team 1
|
|start
|switch|p1a: Camerupt|Camerupt, F|343\/343
|switch|p2a: CHAMALOW|Camerupt, F|343\/343
|turn|1
|c|☆Dididoc@|Si je Win cette team sera top 3 des ru les plus ribanté 
|choice|move earthpower mega|move earthpower mega
|
|detailschange|p2a: CHAMALOW|Camerupt-Mega, F
|-mega|p2a: CHAMALOW|Camerupt|Cameruptite
|detailschange|p1a: Camerupt|Camerupt-Mega, F
|-mega|p1a: Camerupt|Camerupt|Cameruptite
|move|p1a: Camerupt|Earth Power|p2a: CHAMALOW
|-supereffective|p2a: CHAMALOW
|-damage|p2a: CHAMALOW|0 fnt
|faint|p2a: CHAMALOW
|
|upkeep
|c|☆Grumeaux|oh
|c|☆Grumeaux|c'est la 1ere fois
|c|☆Dididoc@|De quoi?
|c|☆Grumeaux|que je win cette tie entre nous 2 Poirechou
|c|☆Grumeaux|(a chaque fois je mourrais a ce moment)
|choice||switch 5
|
|switch|p2a: BEKIPANAY|Pelipper, F|265\/265
|turn|2
|c|☆Dididoc@|Ah 
|choice|switch 5|move uturn
|
|switch|p1a: Sigilyph|Sigilyph, F|348\/348
|move|p2a: BEKIPANAY|U-turn|p1a: Sigilyph
|-damage|p1a: Sigilyph|311\/348
|c|☆Dididoc@|J'avais pas pigé au début xD 
|choice||switch 6
|
|switch|p2a: VOLTAJ|Jolteon, M|271\/271
|
|-status|p1a: Sigilyph|brn|[from] item: Flame Orb
|upkeep
|turn|3
|choice|switch 4|move shadowball
|
|switch|p1a: Diancie|Diancie|304\/304
|move|p2a: VOLTAJ|Shadow Ball|p1a: Diancie
|-damage|p1a: Diancie|230\/304
|
|-heal|p1a: Diancie|249\/304|[from] item: Leftovers
|upkeep
|turn|4
|choice|move stealthrock|switch 3
|
|switch|p2a: BIZZAR|Venusaur, M|301\/301
|move|p1a: Diancie|Stealth Rock|p2a: BIZZAR
|-sidestart|p2: Dididoc@|move: Stealth Rock
|
|-heal|p1a: Diancie|268\/304|[from] item: Leftovers
|upkeep
|turn|5
|choice|switch 3|move leechseed
|
|switch|p1a: Virizion|Virizion|323\/323
|move|p2a: BIZZAR|Leech Seed|p1a: Virizion
|-immune|p1a: Virizion|[msg]
|
|upkeep
|turn|6
|c|☆Dididoc@|Ton camerupt à des EV en vitesse ?
|choice|move swordsdance|switch 4
|
|switch|p2a: MIROIR|Bronzong|338\/338
|-damage|p2a: MIROIR|317\/338|[from] Stealth Rock
|move|p1a: Virizion|Swords Dance|p1a: Virizion
|-boost|p1a: Virizion|atk|2
|
|upkeep
|turn|7
|c|☆Grumeaux|non
|l|Dididoc@
|player|p2|
|j|Dididoc@
|player|p2|Dididoc@|#clemont
|choice|move closecombat|move reflect
|
|move|p1a: Virizion|Close Combat|p2a: MIROIR
|-damage|p2a: MIROIR|11\/338
|-unboost|p1a: Virizion|def|1
|-unboost|p1a: Virizion|spd|1
|move|p2a: MIROIR|Reflect|p2a: MIROIR
|-sidestart|p2: Dididoc@|Reflect
|
|upkeep
|turn|8
|choice|move leafblade|move lightscreen
|
|move|p1a: Virizion|Leaf Blade|p2a: MIROIR
|-resisted|p2a: MIROIR
|-damage|p2a: MIROIR|0 fnt
|faint|p2a: MIROIR
|
|upkeep
|choice||switch 2
|
|switch|p2a: COUD PIED|Hitmonlee, M|244\/244
|-damage|p2a: COUD PIED|229\/244|[from] Stealth Rock
|turn|9
|choice|switch 3|move highjumpkick
|
|switch|p1a: Diancie|Diancie|268\/304
|move|p2a: COUD PIED|High Jump Kick|p1a: Diancie|[miss]
|-miss|p2a: COUD PIED|p1a: Diancie
|-damage|p2a: COUD PIED|107\/244|[from] highjumpkick
|-enditem|p2a: COUD PIED|Sitrus Berry|[eat]
|-heal|p2a: COUD PIED|168\/244|[from] item: Sitrus Berry
|
|-heal|p1a: Diancie|287\/304|[from] item: Leftovers
|upkeep
|turn|10
|c|☆Dididoc@|Je pense que je vais mettre des EV en vitesse 
|c|☆Grumeaux|alors
|c|☆Grumeaux|dsl de ce miss
|c|☆Grumeaux|lol
|choice|move moonblast|move highjumpkick
|
|move|p2a: COUD PIED|High Jump Kick|p1a: Diancie
|-damage|p1a: Diancie|113\/304
|move|p1a: Diancie|Moonblast|p2a: COUD PIED
|-supereffective|p2a: COUD PIED
|-damage|p2a: COUD PIED|0 fnt
|faint|p2a: COUD PIED
|
|-heal|p1a: Diancie|132\/304|[from] item: Leftovers
|upkeep
|choice||switch 4
|
|switch|p2a: BIZZAR|Venusaur, M|301\/301
|-damage|p2a: BIZZAR|264\/301|[from] Stealth Rock
|turn|11
|choice|switch 3|switch 3
|
|switch|p2a: VOLTAJ|Jolteon, M|271\/271
|-damage|p2a: VOLTAJ|238\/271|[from] Stealth Rock
|switch|p1a: Virizion|Virizion|323\/323
|
|upkeep
|turn|12
|c|☆Dididoc@|Gg 
|c|☆Dididoc@|J'ai rien contre ce truc 
|choice|switch 2|move hiddenpower
|
|switch|p1a: Slowking|Slowking, M|394\/394
|move|p2a: VOLTAJ|Hidden Power|p1a: Slowking
|-resisted|p1a: Slowking
|-damage|p1a: Slowking|348\/394
|
|-heal|p1a: Slowking|372\/394|[from] item: Leftovers
|upkeep
|turn|13
|choice|move psyshock|switch 3
|
|switch|p2a: BIZZAR|Venusaur, M|264\/301
|-damage|p2a: BIZZAR|227\/301|[from] Stealth Rock
|move|p1a: Slowking|Psyshock|p2a: BIZZAR
|-supereffective|p2a: BIZZAR
|-damage|p2a: BIZZAR|63\/301
|
|-heal|p2a: BIZZAR|81\/301|[from] item: Leftovers
|-heal|p1a: Slowking|394\/394|[from] item: Leftovers
|upkeep
|turn|14
|l|Dididoc@
|player|p2|
|c|☆Grumeaux|gg oé
|j|Dididoc@
|player|p2|Dididoc@|#clemont
|choice|switch 2|move gigadrain
|
|switch|p1a: Virizion|Virizion|323\/323
|move|p2a: BIZZAR|Giga Drain|p1a: Virizion
|-resisted|p1a: Virizion
|-damage|p1a: Virizion|275\/323
|-heal|p2a: BIZZAR|105\/301|[from] drain|[of] p1a: Virizion
|
|-heal|p2a: BIZZAR|123\/301|[from] item: Leftovers
|-sideend|p2: Dididoc@|Reflect
|upkeep
|turn|15
|choice|move closecombat|move toxic
|
|move|p1a: Virizion|Close Combat|p2a: BIZZAR
|-resisted|p2a: BIZZAR
|-damage|p2a: BIZZAR|51\/301
|-unboost|p1a: Virizion|def|1
|-unboost|p1a: Virizion|spd|1
|move|p2a: BIZZAR|Toxic|p1a: Virizion
|-status|p1a: Virizion|tox
|-enditem|p1a: Virizion|Lum Berry|[eat]
|-curestatus|p1a: Virizion|tox|[msg]
|
|-heal|p2a: BIZZAR|69\/301|[from] item: Leftovers
|upkeep
|turn|16
|c|☆Dididoc@|J'ai mal joué 
|choice|move closecombat|move toxic
|
|move|p1a: Virizion|Close Combat|p2a: BIZZAR
|-resisted|p2a: BIZZAR
|-crit|p2a: BIZZAR
|-damage|p2a: BIZZAR|0 fnt
|-unboost|p1a: Virizion|def|1
|-unboost|p1a: Virizion|spd|1
|faint|p2a: BIZZAR
|
|upkeep
|choice||switch 3
|
|switch|p2a: VOLTAJ|Jolteon, M|238\/271
|-damage|p2a: VOLTAJ|205\/271|[from] Stealth Rock
|turn|17
|choice|switch 5|move thunderbolt
|
|switch|p1a: Camerupt|Camerupt-Mega, F|343\/343
|move|p2a: VOLTAJ|Thunderbolt|p1a: Camerupt
|-immune|p1a: Camerupt|[msg]
|
|upkeep
|turn|18
|choice|move ancientpower|switch 6
|
|switch|p2a: BEKIPANAY|Pelipper, F|265\/265
|-damage|p2a: BEKIPANAY|199\/265|[from] Stealth Rock
|move|p1a: Camerupt|Ancient Power|p2a: BEKIPANAY
|-supereffective|p2a: BEKIPANAY
|-damage|p2a: BEKIPANAY|0 fnt
|faint|p2a: BEKIPANAY
|
|upkeep
|choice||switch 6
|
|switch|p2a: VOLTAJ|Jolteon, M|205\/271
|-damage|p2a: VOLTAJ|172\/271|[from] Stealth Rock
|turn|19
|c|☆Grumeaux|gg
|choice|move earthpower|move shadowball
|
|move|p2a: VOLTAJ|Shadow Ball|p1a: Camerupt
|-damage|p1a: Camerupt|232\/343
|-unboost|p1a: Camerupt|spd|1
|move|p1a: Camerupt|Earth Power|p2a: VOLTAJ
|-supereffective|p2a: VOLTAJ
|-damage|p2a: VOLTAJ|0 fnt
|faint|p2a: VOLTAJ
|
|win|Grumeaux
|c|☆Dididoc@|Gg </script>
</div>
<div class="battle-log battle-log-inline"><div class="inner"><div class="battle-options"></div><div class="inner"><div class="chat"><small>Grumeaux joined.</small></div><div class="chat"><small>Dididoc@ joined.</small></div><div class=""><small>Format:</small> <br><strong>RU</strong></div><div class=""><small><em>Sleep Clause Mod:</em> Limit one foe put to sleep</small></div><div class=""><small><em>Species Clause:</em> Limit one of each Pokémon</small></div><div class=""><small><em>OHKO Clause:</em> OHKO moves are banned</small></div><div class=""><small><em>Moody Clause:</em> Moody is banned</small></div><div class=""><small><em>Evasion Moves Clause:</em> Evasion moves are banned</small></div><div class=""><small><em>Endless Battle Clause:</em> Forcing endless battles is banned</small></div><div class=""><small><em>HP Percentage Mod:</em> HP is shown in percentages</small></div><div class=""><small><em>Swagger Clause:</em> Swagger is banned</small></div><div class=""><small><em>Baton Pass Clause:</em> Limit one Baton Passer, can't pass Spe and other stats simultaneously</small></div><div class="chat battle-history"><strong>Grumeaux's team:</strong> <em style="color:#445566;display:block;">Virizion / Slowking / Camerupt / Diancie / Sigilyph / Granbull</em></div><div class="chat battle-history"><strong>Dididoc@'s team:</strong> <em style="color:#445566;display:block;">Jolteon / Hitmonlee / Venusaur / Bronzong / Pelipper / Camerupt</em></div><div class="chat chatmessage-grumeaux"><strong style="color:hsl(356,45%,51.19558952319999%)"><small>☆</small><span class="username" data-name="Grumeaux">Grumeaux</span>:</strong> <em>gl hf</em></div><div class="chat chatmessage-dididoc"><strong style="color:hsl(300,78%,41%)"><small>☆</small><span class="username" data-name="Dididoc@">Dididoc@</span>:</strong> <em>Bc</em></div><div class="spacer battle-history"><br></div><div class="battle-history">Battle started between Grumeaux and Dididoc@!<br></div><div class="spacer battle-history"><br></div><div class="battle-history">Go! <strong>Camerupt</strong>!<br></div><div class="spacer battle-history"><br></div><div class="battle-history">Dididoc@ sent out CHAMALOW (<strong>Camerupt</strong>)!<br></div><div class="spacer battle-history"><br></div><h2 class="battle-history">Turn 1</h2><div class="chat chatmessage-dididoc"><strong style="color:hsl(300,78%,41%)"><small>☆</small><span class="username" data-name="Dididoc@">Dididoc@</span>:</strong> <em>Si je Win cette team sera top 3 des ru les plus ribanté </em></div><div class="spacer battle-history"><br></div><div class="battle-history"><small>The opposing CHAMALOW's Cameruptite is reacting to Dididoc@'s Mega Bracelet!</small><br>The opposing CHAMALOW has Mega Evolved into Mega Camerupt!<br></div><div class="spacer battle-history"><br></div><div class="battle-history"><small>Camerupt's Cameruptite is reacting to Grumeaux's Mega Bracelet!</small><br>Camerupt has Mega Evolved into Mega Camerupt!<br></div><div class="spacer battle-history"><br></div><div class="battle-history">Camerupt used <strong>Earth Power</strong>!<br></div><div class="battle-history"><small>It's super effective!</small><br></div><div class="battle-history"><small>(The opposing CHAMALOW lost <abbr title="−343/343">100%</abbr> of its health!)</small><br></div><div class="spacer battle-history"><br></div><div class="battle-history">The opposing CHAMALOW fainted!<br></div><div class="chat chatmessage-grumeaux"><strong style="color:hsl(356,45%,51.19558952319999%)"><small>☆</small><span class="username" data-name="Grumeaux">Grumeaux</span>:</strong> <em>oh</em></div><div class="chat chatmessage-grumeaux"><strong style="color:hsl(356,45%,51.19558952319999%)"><small>☆</small><span class="username" data-name="Grumeaux">Grumeaux</span>:</strong> <em>c'est la 1ere fois</em></div><div class="chat chatmessage-dididoc"><strong style="color:hsl(300,78%,41%)"><small>☆</small><span class="username" data-name="Dididoc@">Dididoc@</span>:</strong> <em>De quoi?</em></div><div class="chat chatmessage-grumeaux"><strong style="color:hsl(356,45%,51.19558952319999%)"><small>☆</small><span class="username" data-name="Grumeaux">Grumeaux</span>:</strong> <em>que je win cette tie entre nous 2 Poirechou</em></div><div class="chat chatmessage-grumeaux"><strong style="color:hsl(356,45%,51.19558952319999%)"><small>☆</small><span class="username" data-name="Grumeaux">Grumeaux</span>:</strong> <em>(a chaque fois je mourrais a ce moment)</em></div><div class="spacer battle-history"><br></div><div class="battle-history">Dididoc@ sent out BEKIPANAY (<strong>Pelipper</strong>)!<br></div><div class="spacer battle-history"><br></div><h2 class="battle-history">Turn 2</h2><div class="chat chatmessage-dididoc"><strong style="color:hsl(300,78%,41%)"><small>☆</small><span class="username" data-name="Dididoc@">Dididoc@</span>:</strong> <em>Ah </em></div><div class="spacer battle-history"><br></div><div class="battle-history">Camerupt, come back!<br></div><div class="battle-history">Go! <strong>Sigilyph</strong>!<br></div><div class="spacer battle-history"><br></div><div class="battle-history">The opposing BEKIPANAY used <strong>U-turn</strong>!<br></div><div class="battle-history"><small>(Sigilyph lost <abbr title="−37/348">10.6%</abbr> of its health!)</small><br></div><div class="chat chatmessage-dididoc"><strong style="color:hsl(300,78%,41%)"><small>☆</small><span class="username" data-name="Dididoc@">Dididoc@</span>:</strong> <em>J'avais pas pigé au début xD </em></div><div class="spacer battle-history"><br></div><div class="battle-history">The opposing BEKIPANAY went back to Dididoc@!<br></div><div class="battle-history">Dididoc@ sent out VOLTAJ (<strong>Jolteon</strong>)!<br></div><div class="spacer battle-history"><br></div><div class="battle-history"><small>Sigilyph was burned!</small><br></div><div class="spacer battle-history"><br></div><h2 class="battle-history">Turn 3</h2><div class="spacer battle-history"><br></div><div class="battle-history">Sigilyph, come back!<br></div><div class="battle-history">Go! <strong>Diancie</strong>!<br></div><div class="spacer battle-history"><br></div><div class="battle-history">The opposing VOLTAJ used <strong>Shadow Ball</strong>!<br></div><div class="battle-history"><small>(Diancie lost <abbr title="−74/304">24.3%</abbr> of its health!)</small><br></div><div class="spacer battle-history"><br></div><div class="battle-history"><small>Diancie restored a little HP using its Leftovers!</small><br></div><div class="spacer battle-history"><br></div><h2 class="battle-history">Turn 4</h2><div class="spacer battle-history"><br></div><div class="battle-history">Dididoc@ withdrew VOLTAJ!<br></div><div class="battle-history">Dididoc@ sent out BIZZAR (<strong>Venusaur</strong>)!<br></div><div class="spacer battle-history"><br></div><div class="battle-history">Diancie used <strong>Stealth Rock</strong>!<br></div><div class="battle-history"><small>Pointed stones float in the air around the opposing team!</small><br></div><div class="spacer battle-history"><br></div><div class="battle-history"><small>Diancie restored a little HP using its Leftovers!</small><br></div><div class="spacer battle-history"><br></div><h2 class="battle-history">Turn 5</h2><div class="spacer battle-history"><br></div><div class="battle-history">Diancie, come back!<br></div><div class="battle-history">Go! <strong>Virizion</strong>!<br></div><div class="spacer battle-history"><br></div><div class="battle-history">The opposing BIZZAR used <strong>Leech Seed</strong>!<br></div><div class="battle-history"><small>It doesn't affect Virizion...</small><br></div><div class="spacer battle-history"><br></div><h2 class="battle-history">Turn 6</h2><div class="chat chatmessage-dididoc"><strong style="color:hsl(300,78%,41%)"><small>☆</small><span class="username" data-name="Dididoc@">Dididoc@</span>:</strong> <em>Ton camerupt à des EV en vitesse ?</em></div><div class="spacer battle-history"><br></div><div class="battle-history">Dididoc@ withdrew BIZZAR!<br></div><div class="battle-history">Dididoc@ sent out MIROIR (<strong>Bronzong</strong>)!<br></div><div class="battle-history"><small>Pointed stones dug into the opposing MIROIR!</small><br></div><div class="spacer battle-history"><br></div><div class="battle-history">Virizion used <strong>Swords Dance</strong>!<br></div><div class="battle-history"><small>Virizion's Attack rose sharply!</small><br></div><div class="spacer battle-history"><br></div><h2 class="battle-history">Turn 7</h2><div class="chat chatmessage-grumeaux"><strong style="color:hsl(356,45%,51.19558952319999%)"><small>☆</small><span class="username" data-name="Grumeaux">Grumeaux</span>:</strong> <em>non</em></div><div class="chat"><small>Dididoc@ left.</small></div><div class="chat"><small>Dididoc@ joined.</small></div><div class="spacer battle-history"><br></div><div class="battle-history">Virizion used <strong>Close Combat</strong>!<br></div><div class="battle-history"><small>(The opposing MIROIR lost <abbr title="−306/338">90.5%</abbr> of its health!)</small><br></div><div class="battle-history"><small>Virizion's Defense fell!</small><br></div><div class="battle-history"><small>Virizion's Special Defense fell!</small><br></div><div class="spacer battle-history"><br></div><div class="battle-history">The opposing MIROIR used <strong>Reflect</strong>!<br></div><div class="battle-history"><small>Reflect made the opposing team stronger against physical moves!</small><br></div><div class="spacer battle-history"><br></div><h2 class="battle-history">Turn 8</h2><div class="spacer battle-history"><br></div><div class="battle-history">Virizion used <strong>Leaf Blade</strong>!<br></div><div class="battle-history"><small>It's not very effective...</small><br></div><div class="battle-history"><small>(The opposing MIROIR lost <abbr title="−11/338">3.3%</abbr> of its health!)</small><br></div><div class="spacer battle-history"><br></div><div class="battle-history">The opposing MIROIR fainted!<br></div><div class="spacer battle-history"><br></div><div class="battle-history">Dididoc@ sent out COUD PIED (<strong>Hitmonlee</strong>)!<br></div><div class="battle-history"><small>Pointed stones dug into the opposing COUD PIED!</small><br></div><div class="spacer battle-history"><br></div><h2 class="battle-history">Turn 9</h2><div class="spacer battle-history"><br></div><div class="battle-history">Virizion, come back!<br></div><div class="battle-history">Go! <strong>Diancie</strong>!<br></div><div class="spacer battle-history"><br></div><div class="battle-history">The opposing COUD PIED used <strong>High Jump Kick</strong>!<br></div><div class="battle-history"><small>Diancie avoided the attack!</small><br></div><div class="battle-history"><small>The opposing COUD PIED kept going and crashed!</small><br></div><div class="battle-history"><small>The opposing COUD PIED ate its Sitrus Berry!</small><br></div><div class="battle-history"><small>The opposing COUD PIED restored HP using its Sitrus Berry!</small><br></div><div class="spacer battle-history"><br></div><div class="battle-history"><small>Diancie restored a little HP using its Leftovers!</small><br></div><div class="spacer battle-history"><br></div><h2 class="battle-history">Turn 10</h2><div class="chat chatmessage-dididoc"><strong style="color:hsl(300,78%,41%)"><small>☆</small><span class="username" data-name="Dididoc@">Dididoc@</span>:</strong> <em>Je pense que je vais mettre des EV en vitesse </em></div><div class="chat chatmessage-grumeaux"><strong style="color:hsl(356,45%,51.19558952319999%)"><small>☆</small><span class="username" data-name="Grumeaux">Grumeaux</span>:</strong> <em>alors</em></div><div class="chat chatmessage-grumeaux"><strong style="color:hsl(356,45%,51.19558952319999%)"><small>☆</small><span class="username" data-name="Grumeaux">Grumeaux</span>:</strong> <em>dsl de ce miss</em></div><div class="chat chatmessage-grumeaux"><strong style="color:hsl(356,45%,51.19558952319999%)"><small>☆</small><span class="username" data-name="Grumeaux">Grumeaux</span>:</strong> <em>lol</em></div><div class="spacer battle-history"><br></div><div class="battle-history">The opposing COUD PIED used <strong>High Jump Kick</strong>!<br></div><div class="battle-history"><small>(Diancie lost <abbr title="−174/304">57.2%</abbr> of its health!)</small><br></div><div class="spacer battle-history"><br></div><div class="battle-history">Diancie used <strong>Moonblast</strong>!<br></div><div class="battle-history"><small>It's super effective!</small><br></div><div class="battle-history"><small>(The opposing COUD PIED lost <abbr title="−168/244">68.9%</abbr> of its health!)</small><br></div><div class="spacer battle-history"><br></div><div class="battle-history">The opposing COUD PIED fainted!<br></div><div class="spacer battle-history"><br></div><div class="battle-history"><small>Diancie restored a little HP using its Leftovers!</small><br></div><div class="spacer battle-history"><br></div><div class="battle-history">Dididoc@ sent out BIZZAR (<strong>Venusaur</strong>)!<br></div><div class="battle-history"><small>Pointed stones dug into the opposing BIZZAR!</small><br></div><div class="spacer battle-history"><br></div><h2 class="battle-history">Turn 11</h2><div class="spacer battle-history"><br></div><div class="battle-history">Dididoc@ withdrew BIZZAR!<br></div><div class="battle-history">Dididoc@ sent out VOLTAJ (<strong>Jolteon</strong>)!<br></div><div class="battle-history"><small>Pointed stones dug into the opposing VOLTAJ!</small><br></div><div class="spacer battle-history"><br></div><div class="battle-history">Diancie, come back!<br></div><div class="battle-history">Go! <strong>Virizion</strong>!<br></div><div class="spacer battle-history"><br></div><h2 class="battle-history">Turn 12</h2><div class="chat chatmessage-dididoc"><strong style="color:hsl(300,78%,41%)"><small>☆</small><span class="username" data-name="Dididoc@">Dididoc@</span>:</strong> <em>Gg </em></div><div class="chat chatmessage-dididoc"><strong style="color:hsl(300,78%,41%)"><small>☆</small><span class="username" data-name="Dididoc@">Dididoc@</span>:</strong> <em>J'ai rien contre ce truc </em></div><div class="spacer battle-history"><br></div><div class="battle-history">Virizion, come back!<br></div><div class="battle-history">Go! <strong>Slowking</strong>!<br></div><div class="spacer battle-history"><br></div><div class="battle-history">The opposing VOLTAJ used <strong>Hidden Power</strong>!<br></div><div class="battle-history"><small>It's not very effective...</small><br></div><div class="battle-history"><small>(Slowking lost <abbr title="−46/394">11.7%</abbr> of its health!)</small><br></div><div class="spacer battle-history"><br></div><div class="battle-history"><small>Slowking restored a little HP using its Leftovers!</small><br></div><div class="spacer battle-history"><br></div><h2 class="battle-history">Turn 13</h2><div class="spacer battle-history"><br></div><div class="battle-history">Dididoc@ withdrew VOLTAJ!<br></div><div class="battle-history">Dididoc@ sent out BIZZAR (<strong>Venusaur</strong>)!<br></div><div class="battle-history"><small>Pointed stones dug into the opposing BIZZAR!</small><br></div><div class="spacer battle-history"><br></div><div class="battle-history">Slowking used <strong>Psyshock</strong>!<br></div><div class="battle-history"><small>It's super effective!</small><br></div><div class="battle-history"><small>(The opposing BIZZAR lost <abbr title="−164/301">54.5%</abbr> of its health!)</small><br></div><div class="spacer battle-history"><br></div><div class="battle-history"><small>The opposing BIZZAR restored a little HP using its Leftovers!</small><br></div><div class="battle-history"><small>Slowking restored a little HP using its Leftovers!</small><br></div><div class="spacer battle-history"><br></div><h2 class="battle-history">Turn 14</h2><div class="chat"><small>Dididoc@ left.</small></div><div class="chat chatmessage-grumeaux"><strong style="color:hsl(356,45%,51.19558952319999%)"><small>☆</small><span class="username" data-name="Grumeaux">Grumeaux</span>:</strong> <em>gg oé</em></div><div class="chat"><small>Dididoc@ joined.</small></div><div class="spacer battle-history"><br></div><div class="battle-history">Slowking, come back!<br></div><div class="battle-history">Go! <strong>Virizion</strong>!<br></div><div class="spacer battle-history"><br></div><div class="battle-history">The opposing BIZZAR used <strong>Giga Drain</strong>!<br></div><div class="battle-history"><small>It's not very effective...</small><br></div><div class="battle-history"><small>(Virizion lost <abbr title="−48/323">14.9%</abbr> of its health!)</small><br></div><div class="battle-history"><small>Virizion had its energy drained!</small><br></div><div class="spacer battle-history"><br></div><div class="battle-history"><small>The opposing BIZZAR restored a little HP using its Leftovers!</small><br></div><div class="battle-history"><small>The opposing team's Reflect wore off!</small><br></div><div class="spacer battle-history"><br></div><h2 class="battle-history">Turn 15</h2><div class="spacer battle-history"><br></div><div class="battle-history">Virizion used <strong>Close Combat</strong>!<br></div><div class="battle-history"><small>It's not very effective...</small><br></div><div class="battle-history"><small>(The opposing BIZZAR lost <abbr title="−72/301">23.9%</abbr> of its health!)</small><br></div><div class="battle-history"><small>Virizion's Defense fell!</small><br></div><div class="battle-history"><small>Virizion's Special Defense fell!</small><br></div><div class="spacer battle-history"><br></div><div class="battle-history">The opposing BIZZAR used <strong>Toxic</strong>!<br></div><div class="battle-history"><small>Virizion was badly poisoned!</small><br></div><div class="battle-history"><small>Virizion ate its Lum Berry!</small><br></div><div class="battle-history"><small>Virizion was cured of its poisoning.</small><br></div><div class="spacer battle-history"><br></div><div class="battle-history"><small>The opposing BIZZAR restored a little HP using its Leftovers!</small><br></div><div class="spacer battle-history"><br></div><h2 class="battle-history">Turn 16</h2><div class="chat chatmessage-dididoc"><strong style="color:hsl(300,78%,41%)"><small>☆</small><span class="username" data-name="Dididoc@">Dididoc@</span>:</strong> <em>J'ai mal joué </em></div><div class="spacer battle-history"><br></div><div class="battle-history">Virizion used <strong>Close Combat</strong>!<br></div><div class="battle-history"><small>It's not very effective...</small><br></div><div class="battle-history"><small>A critical hit!</small><br></div><div class="battle-history"><small>(The opposing BIZZAR lost <abbr title="−69/301">22.9%</abbr> of its health!)</small><br></div><div class="battle-history"><small>Virizion's Defense fell!</small><br></div><div class="battle-history"><small>Virizion's Special Defense fell!</small><br></div><div class="spacer battle-history"><br></div><div class="battle-history">The opposing BIZZAR fainted!<br></div><div class="spacer battle-history"><br></div><div class="battle-history">Dididoc@ sent out VOLTAJ (<strong>Jolteon</strong>)!<br></div><div class="battle-history"><small>Pointed stones dug into the opposing VOLTAJ!</small><br></div><div class="spacer battle-history"><br></div><h2 class="battle-history">Turn 17</h2><div class="spacer battle-history"><br></div><div class="battle-history">Virizion, come back!<br></div><div class="battle-history">Go! Camerupt (<strong>Camerupt-Mega</strong>)!<br></div><div class="spacer battle-history"><br></div><div class="battle-history">The opposing VOLTAJ used <strong>Thunderbolt</strong>!<br></div><div class="battle-history"><small>It doesn't affect Camerupt...</small><br></div><div class="spacer battle-history"><br></div><h2 class="battle-history">Turn 18</h2><div class="spacer battle-history"><br></div><div class="battle-history">Dididoc@ withdrew VOLTAJ!<br></div><div class="battle-history">Dididoc@ sent out BEKIPANAY (<strong>Pelipper</strong>)!<br></div><div class="battle-history"><small>Pointed stones dug into the opposing BEKIPANAY!</small><br></div><div class="spacer battle-history"><br></div><div class="battle-history">Camerupt used <strong>Ancient Power</strong>!<br></div><div class="battle-history"><small>It's super effective!</small><br></div><div class="battle-history"><small>(The opposing BEKIPANAY lost <abbr title="−199/265">75.1%</abbr> of its health!)</small><br></div><div class="spacer battle-history"><br></div><div class="battle-history">The opposing BEKIPANAY fainted!<br></div><div class="spacer battle-history"><br></div><div class="battle-history">Dididoc@ sent out VOLTAJ (<strong>Jolteon</strong>)!<br></div><div class="battle-history"><small>Pointed stones dug into the opposing VOLTAJ!</small><br></div><div class="spacer battle-history"><br></div><h2 class="battle-history">Turn 19</h2><div class="chat chatmessage-grumeaux"><strong style="color:hsl(356,45%,51.19558952319999%)"><small>☆</small><span class="username" data-name="Grumeaux">Grumeaux</span>:</strong> <em>gg</em></div><div class="spacer battle-history"><br></div><div class="battle-history">The opposing VOLTAJ used <strong>Shadow Ball</strong>!<br></div><div class="battle-history"><small>(Camerupt lost <abbr title="−111/343">32.4%</abbr> of its health!)</small><br></div><div class="battle-history"><small>Camerupt's Special Defense fell!</small><br></div><div class="spacer battle-history"><br></div><div class="battle-history">Camerupt used <strong>Earth Power</strong>!<br></div><div class="battle-history"><small>It's super effective!</small><br></div><div class="battle-history"><small>(The opposing VOLTAJ lost <abbr title="−172/271">63.5%</abbr> of its health!)</small><br></div><div class="spacer battle-history"><br></div><div class="battle-history">The opposing VOLTAJ fainted!<br></div><div class="spacer battle-history"><br></div><div class="battle-history"><strong>Grumeaux</strong> won the battle!<br></div><div class="chat chatmessage-dididoc"><strong style="color:hsl(300,78%,41%)"><small>☆</small><span class="username" data-name="Dididoc@">Dididoc@</span>:</strong> <em>Gg </em></div></div><div class="inner-preempt"></div></div></div>
</div>
<script>
let daily = Math.floor(Date.now()/1000/60/60/24);document.write('<script src="https://play.pokemonshowdown.com/js/replay-embed.js?version'+daily+'"></'+'script>');
</script>
