<!DOCTYPE html>
<meta charset="utf-8" />
<!-- version 1 -->
<title>RU replay: haker 03 vs. EtienNU</title>
<style>
html,body {font-family:Verdana, sans-serif;font-size:10pt;margin:0;padding:0;}body{padding:12px 0;} .battle-log {font-family:Verdana, sans-serif;font-size:10pt;} .battle-log-inline {border:1px solid #AAAAAA;background:#EEF2F5;color:black;max-width:640px;margin:0 auto 80px;padding-bottom:5px;} .battle-log .inner {padding:4px 8px 0px 8px;} .battle-log .inner-preempt {padding:0 8px 4px 8px;} .battle-log .inner-after {margin-top:0.5em;} .battle-log h2 {margin:0.5em -8px;padding:4px 8px;border:1px solid #AAAAAA;background:#E0E7EA;border-left:0;border-right:0;font-family:Verdana, sans-serif;font-size:13pt;} .battle-log .chat {vertical-align:middle;padding:3px 0 3px 0;font-size:8pt;} .battle-log .chat strong {color:#40576A;} .battle-log .chat em {padding:1px 4px 1px 3px;color:#000000;font-style:normal;} .chat.mine {background:rgba(0,0,0,0.05);margin-left:-8px;margin-right:-8px;padding-left:8px;padding-right:8px;} .spoiler {color:#BBBBBB;background:#BBBBBB;padding:0px 3px;} .spoiler:hover, .spoiler:active, .spoiler-shown {color:#000000;background:#E2E2E2;padding:0px 3px;} .spoiler a {color:#BBBBBB;} .spoiler:hover a, .spoiler:active a, .spoiler-shown a {color:#2288CC;} .chat code, .chat .spoiler:hover code, .chat .spoiler:active code, .chat .spoiler-shown code {border:1px solid #C0C0C0;background:#EEEEEE;color:black;padding:0 2px;} .chat .spoiler code {border:1px solid #CCCCCC;background:#CCCCCC;color:#CCCCCC;} .battle-log .rated {padding:3px 4px;} .battle-log .rated strong {color:white;background:#89A;padding:1px 4px;border-radius:4px;} .spacer {margin-top:0.5em;} .message-announce {background:#6688AA;color:white;padding:1px 4px 2px;} .message-announce a, .broadcast-green a, .broadcast-blue a, .broadcast-red a {color:#DDEEFF;} .broadcast-green {background-color:#559955;color:white;padding:2px 4px;} .broadcast-blue {background-color:#6688AA;color:white;padding:2px 4px;} .infobox {border:1px solid #6688AA;padding:2px 4px;} .infobox-limited {max-height:200px;overflow:auto;overflow-x:hidden;} .broadcast-red {background-color:#AA5544;color:white;padding:2px 4px;} .message-learn-canlearn {font-weight:bold;color:#228822;text-decoration:underline;} .message-learn-cannotlearn {font-weight:bold;color:#CC2222;text-decoration:underline;} .message-effect-weak {font-weight:bold;color:#CC2222;} .message-effect-resist {font-weight:bold;color:#6688AA;} .message-effect-immune {font-weight:bold;color:#666666;} .message-learn-list {margin-top:0;margin-bottom:0;} .message-throttle-notice, .message-error {color:#992222;} .message-overflow, .chat small.message-overflow {font-size:0pt;} .message-overflow::before {font-size:9pt;content:'...';} .subtle {color:#3A4A66;}
</style>
<div class="wrapper replay-wrapper" style="max-width:1180px;margin:0 auto">
<input type="hidden" name="replayid" value="ru-499237792" />
<div class="battle"></div><div class="battle-log"></div><div class="replay-controls"></div><div class="replay-controls-2"></div>
<h1 style="font-weight:normal;text-align:center"><strong>RU</strong><br /><a href="http://pokemonshowdown.com/users/haker03" class="subtle" target="_blank">haker 03</a> vs. <a href="http://pokemonshowdown.com/users/etiennu" class="subtle" target="_blank">EtienNU</a></h1>
<script type="text/plain" class="battle-log-data">|j|haker 03
|j|EtienNU
|player|p1|haker 03|1
|player|p2|EtienNU|266
|gametype|singles
|gen|6
|tier|RU
|rated
|seed|419,8146,20166,4183
|rule|Sleep Clause Mod: Limit one foe put to sleep
|rule|Species Clause: Limit one of each Pokémon
|rule|OHKO Clause: OHKO moves are banned
|rule|Moody Clause: Moody is banned
|rule|Evasion Moves Clause: Evasion moves are banned
|rule|Endless Battle Clause: Forcing endless battles is banned
|rule|HP Percentage Mod: HP is shown in percentages
|clearpoke
|poke|p1|Houndoom, F|
|poke|p1|Aggron, F|
|poke|p1|Electivire, F|
|poke|p1|Gallade, M|
|poke|p1|Spiritomb, F|
|poke|p1|Rhyperior, M|
|poke|p2|Rhyperior, M|item
|poke|p2|Sigilyph, M|item
|poke|p2|Hitmontop, M|item
|poke|p2|Jellicent, F|item
|poke|p2|Magneton|item
|poke|p2|Gallade, M|item
|rule|Swagger Clause: Swagger is banned
|rule|Baton Pass Clause: Limit one Baton Passer, can't pass Spe and other stats simultaneously
|teampreview
|choice|team 4, team 2, team 3, team 1, team 5, team 6|team 2, team 1, team 3, team 4, team 5, team 6
|
|start
|switch|p1a: Gallade|Gallade, M|277\/277
|switch|p2a: Hieroglyphe|Sigilyph, M|286\/286
|turn|1
|choice|move leafblade|move airslash
|
|move|p2a: Hieroglyphe|Air Slash|p1a: Gallade
|-supereffective|p1a: Gallade
|-damage|p1a: Gallade|83\/277
|-ability|p1a: Gallade|Steadfast|boost
|-boost|p1a: Gallade|spe|1
|cant|p1a: Gallade|flinch
|
|upkeep
|turn|2
|choice|move leafblade|move airslash
|
|move|p2a: Hieroglyphe|Air Slash|p1a: Gallade
|-supereffective|p1a: Gallade
|-damage|p1a: Gallade|0 fnt
|faint|p1a: Gallade
|
|upkeep
|choice|switch 4|
|
|switch|p1a: Houndoom|Houndoom, F|291\/291
|turn|3
|choice|move crunch|switch 2
|
|switch|p2a: HardCorner|Rhyperior, M|372\/372
|move|p1a: Houndoom|Crunch|p2a: HardCorner
|-damage|p2a: HardCorner|311\/372
|
|upkeep
|turn|4
|choice|move hiddenpower|move rockpolish
|
|move|p1a: Houndoom|Hidden Power|p2a: HardCorner
|-immune|p2a: HardCorner|[msg]
|move|p2a: HardCorner|Rock Polish|p2a: HardCorner
|-boost|p2a: HardCorner|spe|2
|
|upkeep
|turn|5
|choice|switch 2|move rockpolish
|
|switch|p1a: Aggron|Aggron, F|281\/281
|move|p2a: HardCorner|Rock Polish|p2a: HardCorner
|-boost|p2a: HardCorner|spe|2
|
|upkeep
|turn|6
|choice|move earthquake|move earthquake
|
|move|p2a: HardCorner|Earthquake|p1a: Aggron
|-supereffective|p1a: Aggron
|-ability|p1a: Aggron|Sturdy
|-damage|p1a: Aggron|1\/281
|move|p1a: Aggron|Earthquake|p2a: HardCorner
|-supereffective|p2a: HardCorner
|-damage|p2a: HardCorner|221\/372
|-enditem|p2a: HardCorner|Weakness Policy
|-boost|p2a: HardCorner|atk|2
|-boost|p2a: HardCorner|spa|2
|
|upkeep
|turn|7
|choice|move blizzard|move earthquake
|
|move|p2a: HardCorner|Earthquake|p1a: Aggron
|-supereffective|p1a: Aggron
|-damage|p1a: Aggron|0 fnt
|faint|p1a: Aggron
|
|upkeep
|choice|switch 6|
|
|switch|p1a: Rhyperior|Rhyperior, M|371\/371
|turn|8
|choice|move earthquake|move earthquake
|
|move|p2a: HardCorner|Earthquake|p1a: Rhyperior
|-supereffective|p1a: Rhyperior
|-damage|p1a: Rhyperior|0 fnt
|faint|p1a: Rhyperior
|
|upkeep
|choice|switch 5|
|
|switch|p1a: Spiritomb|Spiritomb, F|241\/241
|-ability|p1a: Spiritomb|Pressure
|turn|9
|choice|move gigaimpact|move earthquake
|
|move|p2a: HardCorner|Earthquake|p1a: Spiritomb
|-damage|p1a: Spiritomb|0 fnt
|faint|p1a: Spiritomb
|
|upkeep
|choice|switch 3|
|
|switch|p1a: Electivire|Electivire, F|291\/291
|turn|10
|choice|move earthquake|move earthquake
|
|move|p2a: HardCorner|Earthquake|p1a: Electivire
|-supereffective|p1a: Electivire
|-damage|p1a: Electivire|0 fnt
|faint|p1a: Electivire
|
|upkeep
|choice|switch 2|
|
|switch|p1a: Houndoom|Houndoom, F|291\/291
|turn|11
|choice|move flamethrower|move earthquake
|
|move|p2a: HardCorner|Earthquake|p1a: Houndoom
|-supereffective|p1a: Houndoom
|-damage|p1a: Houndoom|0 fnt
|faint|p1a: Houndoom
|
|win|EtienNU
|player|p1
|player|p2
|raw|haker 03's rating: 1000 &rarr; <strong>1000<\/strong><br \/>(+0 for losing)
|raw|EtienNU's rating: 1060 &rarr; <strong>1086<\/strong><br \/>(+26 for winning)
|c|★EtienNU|Gg</script>
</div>
<div class="battle-log battle-log-inline"><div class="inner"><div class="battle-options"></div><div class="inner"><div class="chat"><small>haker 03 joined.</small></div><div class="chat"><small>EtienNU joined.</small></div><div class=""><small>Format:</small> <br><strong>RU</strong></div><div class="rated"><strong>Rated battle</strong></div><div class=""><small><em>Sleep Clause Mod:</em> Limit one foe put to sleep</small></div><div class=""><small><em>Species Clause:</em> Limit one of each Pokémon</small></div><div class=""><small><em>OHKO Clause:</em> OHKO moves are banned</small></div><div class=""><small><em>Moody Clause:</em> Moody is banned</small></div><div class=""><small><em>Evasion Moves Clause:</em> Evasion moves are banned</small></div><div class=""><small><em>Endless Battle Clause:</em> Forcing endless battles is banned</small></div><div class=""><small><em>HP Percentage Mod:</em> HP is shown in percentages</small></div><div class=""><small><em>Swagger Clause:</em> Swagger is banned</small></div><div class=""><small><em>Baton Pass Clause:</em> Limit one Baton Passer, can't pass Spe and other stats simultaneously</small></div><div class="chat battle-history"><strong>haker 03's team:</strong> <em style="color:#445566;display:block;">Houndoom / Aggron / Electivire / Gallade / Spiritomb / Rhyperior</em></div><div class="chat battle-history"><strong>EtienNU's team:</strong> <em style="color:#445566;display:block;">Rhyperior / Sigilyph / Hitmontop / Jellicent / Magneton / Gallade</em></div><div class="spacer battle-history"><br></div><div class="battle-history">Battle started between haker 03 and EtienNU!<br></div><div class="spacer battle-history"><br></div><div class="battle-history">Go! <strong>Gallade</strong>!<br></div><div class="spacer battle-history"><br></div><div class="battle-history">EtienNU sent out Hieroglyphe (<strong>Sigilyph</strong>)!<br></div><div class="spacer battle-history"><br></div><h2 class="battle-history">Turn 1</h2><div class="spacer battle-history"><br></div><div class="battle-history">The opposing Hieroglyphe used <strong>Air Slash</strong>!<br></div><div class="battle-history"><small>It's super effective!</small><br></div><div class="battle-history"><small>(Gallade lost <abbr title="−194/277">70.0%</abbr> of its health!)</small><br></div><div class="battle-history"><small>[Gallade's Steadfast]</small><br></div><div class="battle-history"><small>Gallade's Speed rose!</small><br></div><div class="spacer battle-history"><br></div><div class="battle-history">Gallade flinched and couldn't move!<br></div><div class="spacer battle-history"><br></div><h2 class="battle-history">Turn 2</h2><div class="spacer battle-history"><br></div><div class="battle-history">The opposing Hieroglyphe used <strong>Air Slash</strong>!<br></div><div class="battle-history"><small>It's super effective!</small><br></div><div class="battle-history"><small>(Gallade lost <abbr title="−83/277">30.0%</abbr> of its health!)</small><br></div><div class="spacer battle-history"><br></div><div class="battle-history">Gallade fainted!<br></div><div class="spacer battle-history"><br></div><div class="battle-history">Go! <strong>Houndoom</strong>!<br></div><div class="spacer battle-history"><br></div><h2 class="battle-history">Turn 3</h2><div class="spacer battle-history"><br></div><div class="battle-history">EtienNU withdrew Hieroglyphe!<br></div><div class="battle-history">EtienNU sent out HardCorner (<strong>Rhyperior</strong>)!<br></div><div class="spacer battle-history"><br></div><div class="battle-history">Houndoom used <strong>Crunch</strong>!<br></div><div class="battle-history"><small>(The opposing HardCorner lost <abbr title="−61/372">16.4%</abbr> of its health!)</small><br></div><div class="spacer battle-history"><br></div><h2 class="battle-history">Turn 4</h2><div class="spacer battle-history"><br></div><div class="battle-history">Houndoom used <strong>Hidden Power</strong>!<br></div><div class="battle-history"><small>It doesn't affect the opposing HardCorner...</small><br></div><div class="spacer battle-history"><br></div><div class="battle-history">The opposing HardCorner used <strong>Rock Polish</strong>!<br></div><div class="battle-history"><small>The opposing HardCorner's Speed rose sharply!</small><br></div><div class="spacer battle-history"><br></div><h2 class="battle-history">Turn 5</h2><div class="spacer battle-history"><br></div><div class="battle-history">Houndoom, come back!<br></div><div class="battle-history">Go! <strong>Aggron</strong>!<br></div><div class="spacer battle-history"><br></div><div class="battle-history">The opposing HardCorner used <strong>Rock Polish</strong>!<br></div><div class="battle-history"><small>The opposing HardCorner's Speed rose sharply!</small><br></div><div class="spacer battle-history"><br></div><h2 class="battle-history">Turn 6</h2><div class="spacer battle-history"><br></div><div class="battle-history">The opposing HardCorner used <strong>Earthquake</strong>!<br></div><div class="battle-history"><small>It's super effective!</small><br></div><div class="battle-history"><small>[Aggron's Sturdy]</small><br><small>Aggron endured the hit!</small><br></div><div class="battle-history"><small>(Aggron lost <abbr title="−280/281">99.6%</abbr> of its health!)</small><br></div><div class="spacer battle-history"><br></div><div class="battle-history">Aggron used <strong>Earthquake</strong>!<br></div><div class="battle-history"><small>It's super effective!</small><br></div><div class="battle-history"><small>(The opposing HardCorner lost <abbr title="−90/372">24.2%</abbr> of its health!)</small><br></div><div class="battle-history"><small>(The opposing HardCorner used its Weakness Policy!)</small><br></div><div class="battle-history"><small>The opposing HardCorner's Attack rose sharply!</small><br></div><div class="battle-history"><small>The opposing HardCorner's Special Attack rose sharply!</small><br></div><div class="spacer battle-history"><br></div><h2 class="battle-history">Turn 7</h2><div class="spacer battle-history"><br></div><div class="battle-history">The opposing HardCorner used <strong>Earthquake</strong>!<br></div><div class="battle-history"><small>It's super effective!</small><br></div><div class="battle-history"><small>(Aggron lost <abbr title="−1/281">0.4%</abbr> of its health!)</small><br></div><div class="spacer battle-history"><br></div><div class="battle-history">Aggron fainted!<br></div><div class="spacer battle-history"><br></div><div class="battle-history">Go! <strong>Rhyperior</strong>!<br></div><div class="spacer battle-history"><br></div><h2 class="battle-history">Turn 8</h2><div class="spacer battle-history"><br></div><div class="battle-history">The opposing HardCorner used <strong>Earthquake</strong>!<br></div><div class="battle-history"><small>It's super effective!</small><br></div><div class="battle-history"><small>(Rhyperior lost <abbr title="−371/371">100%</abbr> of its health!)</small><br></div><div class="spacer battle-history"><br></div><div class="battle-history">Rhyperior fainted!<br></div><div class="spacer battle-history"><br></div><div class="battle-history">Go! <strong>Spiritomb</strong>!<br></div><div class="battle-history"><small>[Spiritomb's Pressure]</small><br><small>Spiritomb is exerting its pressure!</small><br></div><div class="spacer battle-history"><br></div><h2 class="battle-history">Turn 9</h2><div class="spacer battle-history"><br></div><div class="battle-history">The opposing HardCorner used <strong>Earthquake</strong>!<br></div><div class="battle-history"><small>(Spiritomb lost <abbr title="−241/241">100%</abbr> of its health!)</small><br></div><div class="spacer battle-history"><br></div><div class="battle-history">Spiritomb fainted!<br></div><div class="spacer battle-history"><br></div><div class="battle-history">Go! <strong>Electivire</strong>!<br></div><div class="spacer battle-history"><br></div><h2 class="battle-history">Turn 10</h2><div class="spacer battle-history"><br></div><div class="battle-history">The opposing HardCorner used <strong>Earthquake</strong>!<br></div><div class="battle-history"><small>It's super effective!</small><br></div><div class="battle-history"><small>(Electivire lost <abbr title="−291/291">100%</abbr> of its health!)</small><br></div><div class="spacer battle-history"><br></div><div class="battle-history">Electivire fainted!<br></div><div class="spacer battle-history"><br></div><div class="battle-history">Go! <strong>Houndoom</strong>!<br></div><div class="spacer battle-history"><br></div><h2 class="battle-history">Turn 11</h2><div class="spacer battle-history"><br></div><div class="battle-history">The opposing HardCorner used <strong>Earthquake</strong>!<br></div><div class="battle-history"><small>It's super effective!</small><br></div><div class="battle-history"><small>(Houndoom lost <abbr title="−291/291">100%</abbr> of its health!)</small><br></div><div class="spacer battle-history"><br></div><div class="battle-history">Houndoom fainted!<br></div><div class="spacer battle-history"><br></div><div class="battle-history"><strong>EtienNU</strong> won the battle!<br></div><div class="chat">haker 03's rating: 1000 → <strong>1000</strong><br>(+0 for losing)</div><div class="chat">EtienNU's rating: 1060 → <strong>1086</strong><br>(+26 for winning)</div><div class="chat chatmessage-etiennu"><strong style="color:hsl(64,86%,32.62671238509347%)"><small>★</small><span class="username" data-name="EtienNU">EtienNU</span>:</strong> <em>Gg</em></div></div><div class="inner-preempt"></div></div></div>
</div>
<script>
let daily = Math.floor(Date.now()/1000/60/60/24);document.write('<script src="https://play.pokemonshowdown.com/js/replay-embed.js?version'+daily+'"></'+'script>');
</script>
