<!DOCTYPE html>
<meta charset="utf-8" />
<!-- version 1 -->
<title>RU replay: Eliaas vs. Snugs315</title>
<style>
html,body {font-family:Verdana, sans-serif;font-size:10pt;margin:0;padding:0;}body{padding:12px 0;} .battle-log {font-family:Verdana, sans-serif;font-size:10pt;} .battle-log-inline {border:1px solid #AAAAAA;background:#EEF2F5;color:black;max-width:640px;margin:0 auto 80px;padding-bottom:5px;} .battle-log .inner {padding:4px 8px 0px 8px;} .battle-log .inner-preempt {padding:0 8px 4px 8px;} .battle-log .inner-after {margin-top:0.5em;} .battle-log h2 {margin:0.5em -8px;padding:4px 8px;border:1px solid #AAAAAA;background:#E0E7EA;border-left:0;border-right:0;font-family:Verdana, sans-serif;font-size:13pt;} .battle-log .chat {vertical-align:middle;padding:3px 0 3px 0;font-size:8pt;} .battle-log .chat strong {color:#40576A;} .battle-log .chat em {padding:1px 4px 1px 3px;color:#000000;font-style:normal;} .chat.mine {background:rgba(0,0,0,0.05);margin-left:-8px;margin-right:-8px;padding-left:8px;padding-right:8px;} .spoiler {color:#BBBBBB;background:#BBBBBB;padding:0px 3px;} .spoiler:hover, .spoiler:active, .spoiler-shown {color:#000000;background:#E2E2E2;padding:0px 3px;} .spoiler a {color:#BBBBBB;} .spoiler:hover a, .spoiler:active a, .spoiler-shown a {color:#2288CC;} .chat code, .chat .spoiler:hover code, .chat .spoiler:active code, .chat .spoiler-shown code {border:1px solid #C0C0C0;background:#EEEEEE;color:black;padding:0 2px;} .chat .spoiler code {border:1px solid #CCCCCC;background:#CCCCCC;color:#CCCCCC;} .battle-log .rated {padding:3px 4px;} .battle-log .rated strong {color:white;background:#89A;padding:1px 4px;border-radius:4px;} .spacer {margin-top:0.5em;} .message-announce {background:#6688AA;color:white;padding:1px 4px 2px;} .message-announce a, .broadcast-green a, .broadcast-blue a, .broadcast-red a {color:#DDEEFF;} .broadcast-green {background-color:#559955;color:white;padding:2px 4px;} .broadcast-blue {background-color:#6688AA;color:white;padding:2px 4px;} .infobox {border:1px solid #6688AA;padding:2px 4px;} .infobox-limited {max-height:200px;overflow:auto;overflow-x:hidden;} .broadcast-red {background-color:#AA5544;color:white;padding:2px 4px;} .message-learn-canlearn {font-weight:bold;color:#228822;text-decoration:underline;} .message-learn-cannotlearn {font-weight:bold;color:#CC2222;text-decoration:underline;} .message-effect-weak {font-weight:bold;color:#CC2222;} .message-effect-resist {font-weight:bold;color:#6688AA;} .message-effect-immune {font-weight:bold;color:#666666;} .message-learn-list {margin-top:0;margin-bottom:0;} .message-throttle-notice, .message-error {color:#992222;} .message-overflow, .chat small.message-overflow {font-size:0pt;} .message-overflow::before {font-size:9pt;content:'...';} .subtle {color:#3A4A66;}
</style>
<div class="wrapper replay-wrapper" style="max-width:1180px;margin:0 auto">
<input type="hidden" name="replayid" value="ru-504595125" />
<div class="battle"></div><div class="battle-log"></div><div class="replay-controls"></div><div class="replay-controls-2"></div>
<h1 style="font-weight:normal;text-align:center"><strong>RU</strong><br /><a href="http://pokemonshowdown.com/users/eliaas" class="subtle" target="_blank">Eliaas</a> vs. <a href="http://pokemonshowdown.com/users/snugs315" class="subtle" target="_blank">Snugs315</a></h1>
<script type="text/plain" class="battle-log-data">|j|Eliaas
|j|Snugs315
|player|p1|Eliaas|92
|player|p2|Snugs315|101
|gametype|singles
|gen|6
|tier|RU
|seed|54754,764,44697,14074
|rule|Sleep Clause Mod: Limit one foe put to sleep
|rule|Species Clause: Limit one of each Pokémon
|rule|OHKO Clause: OHKO moves are banned
|rule|Moody Clause: Moody is banned
|rule|Evasion Moves Clause: Evasion moves are banned
|rule|Endless Battle Clause: Forcing endless battles is banned
|rule|HP Percentage Mod: HP is shown in percentages
|clearpoke
|poke|p1|Banette, F|item
|poke|p1|Meloetta|item
|poke|p1|Poliwrath, M|item
|poke|p1|Registeel|item
|poke|p1|Garbodor, M|item
|poke|p1|Virizion|item
|poke|p2|Flygon, F|item
|poke|p2|Venusaur, M|item
|poke|p2|Slowking, M|item
|poke|p2|Diancie|item
|poke|p2|Magneton|item
|poke|p2|Hoopa|item
|rule|Swagger Clause: Swagger is banned
|rule|Baton Pass Clause: Limit one Baton Passer, can't pass Spe and other stats simultaneously
|teampreview
|c|★Snugs315|gl hf
|choice|team 4, team 2, team 3, team 1, team 5, team 6|team 1, team 2, team 3, team 4, team 5, team 6
|
|start
|switch|p1a: Titanium|Registeel|364\/364
|switch|p2a: Flygon|Flygon, F|329\/329
|turn|1
|choice|move stealthrock|move earthquake
|
|move|p2a: Flygon|Earthquake|p1a: Titanium
|-supereffective|p1a: Titanium
|-damage|p1a: Titanium|166\/364
|move|p1a: Titanium|Stealth Rock|p2a: Flygon
|-sidestart|p2: Snugs315|move: Stealth Rock
|
|-heal|p1a: Titanium|188\/364|[from] item: Leftovers
|upkeep
|turn|2
|choice|switch 6|move earthquake
|
|switch|p1a: Verdant Blade|Virizion|323\/323
|move|p2a: Flygon|Earthquake|p1a: Verdant Blade
|-resisted|p1a: Verdant Blade
|-damage|p1a: Verdant Blade|227\/323
|
|upkeep
|turn|3
|choice|move leafblade|move defog
|
|move|p1a: Verdant Blade|Leaf Blade|p2a: Flygon
|-damage|p2a: Flygon|187\/329
|move|p2a: Flygon|Defog|p1a: Verdant Blade
|-unboost|p1a: Verdant Blade|evasion|1
|-sideend|p2: Snugs315|Stealth Rock|[from] move: Defog|[of] p2a: Flygon
|
|-heal|p2a: Flygon|207\/329|[from] item: Leftovers
|upkeep
|turn|4
|c|★Snugs315|why are you timer stalling lol
|choice|move swordsdance|switch 2
|
|switch|p2a: Venusaur|Venusaur, M|363\/363
|move|p1a: Verdant Blade|Swords Dance|p1a: Verdant Blade
|-boost|p1a: Verdant Blade|atk|2
|
|upkeep
|turn|5
|c|★Eliaas|i had to go
|c|★Snugs315|oh okay lol
|c|★Eliaas|lmao
|c|★Eliaas|i ran
|choice|move zenheadbutt|move sludgebomb
|
|move|p1a: Verdant Blade|Zen Headbutt|p2a: Venusaur
|-supereffective|p2a: Venusaur
|-damage|p2a: Venusaur|125\/363
|move|p2a: Venusaur|Sludge Bomb|p1a: Verdant Blade
|-supereffective|p1a: Verdant Blade
|-damage|p1a: Verdant Blade|41\/323
|
|-heal|p2a: Venusaur|147\/363|[from] item: Black Sludge
|upkeep
|turn|6
|choice|move zenheadbutt|switch 5
|
|switch|p2a: Magneton|Magneton|241\/241
|move|p1a: Verdant Blade|Zen Headbutt|p2a: Magneton
|-resisted|p2a: Magneton
|-damage|p2a: Magneton|159\/241
|
|upkeep
|turn|7
|choice|move closecombat|switch 5
|
|switch|p2a: Venusaur|Venusaur, M|147\/363
|move|p1a: Verdant Blade|Close Combat|p2a: Venusaur
|-resisted|p2a: Venusaur
|-damage|p2a: Venusaur|0 fnt
|-unboost|p1a: Verdant Blade|def|1
|-unboost|p1a: Verdant Blade|spd|1
|faint|p2a: Venusaur
|
|upkeep
|choice||switch 4
|
|switch|p2a: Diancie|Diancie|304\/304
|turn|8
|choice|move leafblade|move moonblast
|
|move|p1a: Verdant Blade|Leaf Blade|p2a: Diancie
|-supereffective|p2a: Diancie
|-damage|p2a: Diancie|0 fnt
|faint|p2a: Diancie
|
|upkeep
|choice||switch 5
|
|switch|p2a: Magneton|Magneton|159\/241
|turn|9
|choice|move closecombat|move flashcannon
|
|move|p1a: Verdant Blade|Close Combat|p2a: Magneton
|-supereffective|p2a: Magneton
|-damage|p2a: Magneton|0 fnt
|-unboost|p1a: Verdant Blade|def|1
|-unboost|p1a: Verdant Blade|spd|1
|faint|p2a: Magneton
|
|upkeep
|choice||switch 6
|
|switch|p2a: Hoopa|Hoopa|301\/301
|turn|10
|choice|move leafblade|move shadowball
|
|move|p1a: Verdant Blade|Leaf Blade|p2a: Hoopa
|-damage|p2a: Hoopa|0 fnt
|faint|p2a: Hoopa
|
|upkeep
|choice||switch 3
|
|switch|p2a: Slowking|Slowking, M|393\/393
|turn|11
|choice|move leafblade|move psyshock
|
|move|p1a: Verdant Blade|Leaf Blade|p2a: Slowking
|-supereffective|p2a: Slowking
|-crit|p2a: Slowking
|-damage|p2a: Slowking|0 fnt
|faint|p2a: Slowking
|
|upkeep
|choice||switch 2
|
|switch|p2a: Flygon|Flygon, F|207\/329
|turn|12
|choice|move leafblade|move earthquake
|
|move|p1a: Verdant Blade|Leaf Blade|p2a: Flygon
|-damage|p2a: Flygon|0 fnt
|faint|p2a: Flygon
|
|win|Eliaas
|player|p1
|player|p2
|c|★Snugs315|gg
|c|★Eliaas|gg</script>
</div>
<div class="battle-log battle-log-inline"><div class="inner"><div class="battle-options"></div><div class="inner"><div class="chat"><small>Eliaas joined.</small></div><div class="chat"><small>Snugs315 joined.</small></div><div class=""><small>Format:</small> <br><strong>RU</strong></div><div class=""><small><em>Sleep Clause Mod:</em> Limit one foe put to sleep</small></div><div class=""><small><em>Species Clause:</em> Limit one of each Pokémon</small></div><div class=""><small><em>OHKO Clause:</em> OHKO moves are banned</small></div><div class=""><small><em>Moody Clause:</em> Moody is banned</small></div><div class=""><small><em>Evasion Moves Clause:</em> Evasion moves are banned</small></div><div class=""><small><em>Endless Battle Clause:</em> Forcing endless battles is banned</small></div><div class=""><small><em>HP Percentage Mod:</em> HP is shown in percentages</small></div><div class=""><small><em>Swagger Clause:</em> Swagger is banned</small></div><div class=""><small><em>Baton Pass Clause:</em> Limit one Baton Passer, can't pass Spe and other stats simultaneously</small></div><div class="chat battle-history"><strong>Eliaas's team:</strong> <em style="color:#445566;display:block;">Banette / Meloetta / Poliwrath / Registeel / Garbodor / Virizion</em></div><div class="chat battle-history"><strong>Snugs315's team:</strong> <em style="color:#445566;display:block;">Flygon / Venusaur / Slowking / Diancie / Magneton / Hoopa</em></div><div class="chat chatmessage-snugs315"><strong style="color:hsl(154,75%,31%)"><small>★</small><span class="username" data-name="Snugs315">Snugs315</span>:</strong> <em>gl hf</em></div><div class="spacer battle-history"><br></div><div class="battle-history">Battle started between Eliaas and Snugs315!<br></div><div class="spacer battle-history"><br></div><div class="battle-history">Go! Titanium (<strong>Registeel</strong>)!<br></div><div class="spacer battle-history"><br></div><div class="battle-history">Snugs315 sent out <strong>Flygon</strong>!<br></div><div class="spacer battle-history"><br></div><h2 class="battle-history">Turn 1</h2><div class="spacer battle-history"><br></div><div class="battle-history">The opposing Flygon used <strong>Earthquake</strong>!<br></div><div class="battle-history"><small>It's super effective!</small><br></div><div class="battle-history"><small>(Titanium lost <abbr title="−198/364">54.4%</abbr> of its health!)</small><br></div><div class="spacer battle-history"><br></div><div class="battle-history">Titanium used <strong>Stealth Rock</strong>!<br></div><div class="battle-history"><small>Pointed stones float in the air around the opposing team!</small><br></div><div class="spacer battle-history"><br></div><div class="battle-history"><small>Titanium restored a little HP using its Leftovers!</small><br></div><div class="spacer battle-history"><br></div><h2 class="battle-history">Turn 2</h2><div class="spacer battle-history"><br></div><div class="battle-history">Titanium, come back!<br></div><div class="battle-history">Go! Verdant Blade (<strong>Virizion</strong>)!<br></div><div class="spacer battle-history"><br></div><div class="battle-history">The opposing Flygon used <strong>Earthquake</strong>!<br></div><div class="battle-history"><small>It's not very effective...</small><br></div><div class="battle-history"><small>(Verdant Blade lost <abbr title="−96/323">29.7%</abbr> of its health!)</small><br></div><div class="spacer battle-history"><br></div><h2 class="battle-history">Turn 3</h2><div class="spacer battle-history"><br></div><div class="battle-history">Verdant Blade used <strong>Leaf Blade</strong>!<br></div><div class="battle-history"><small>(The opposing Flygon lost <abbr title="−142/329">43.2%</abbr> of its health!)</small><br></div><div class="spacer battle-history"><br></div><div class="battle-history">The opposing Flygon used <strong>Defog</strong>!<br></div><div class="battle-history"><small>Verdant Blade's evasiveness fell!</small><br></div><div class="battle-history"><small>The pointed stones disappeared from around the opposing team!</small><br></div><div class="spacer battle-history"><br></div><div class="battle-history"><small>The opposing Flygon restored a little HP using its Leftovers!</small><br></div><div class="spacer battle-history"><br></div><h2 class="battle-history">Turn 4</h2><div class="chat chatmessage-snugs315"><strong style="color:hsl(154,75%,31%)"><small>★</small><span class="username" data-name="Snugs315">Snugs315</span>:</strong> <em>why are you timer stalling lol</em></div><div class="spacer battle-history"><br></div><div class="battle-history">Snugs315 withdrew Flygon!<br></div><div class="battle-history">Snugs315 sent out <strong>Venusaur</strong>!<br></div><div class="spacer battle-history"><br></div><div class="battle-history">Verdant Blade used <strong>Swords Dance</strong>!<br></div><div class="battle-history"><small>Verdant Blade's Attack rose sharply!</small><br></div><div class="spacer battle-history"><br></div><h2 class="battle-history">Turn 5</h2><div class="chat chatmessage-eliaas"><strong style="color:hsl(118,88%,34.9010401789736%)"><small>★</small><span class="username" data-name="Eliaas">Eliaas</span>:</strong> <em>i had to go</em></div><div class="chat chatmessage-snugs315"><strong style="color:hsl(154,75%,31%)"><small>★</small><span class="username" data-name="Snugs315">Snugs315</span>:</strong> <em>oh okay lol</em></div><div class="chat chatmessage-eliaas"><strong style="color:hsl(118,88%,34.9010401789736%)"><small>★</small><span class="username" data-name="Eliaas">Eliaas</span>:</strong> <em>lmao</em></div><div class="chat chatmessage-eliaas"><strong style="color:hsl(118,88%,34.9010401789736%)"><small>★</small><span class="username" data-name="Eliaas">Eliaas</span>:</strong> <em>i ran</em></div><div class="spacer battle-history"><br></div><div class="battle-history">Verdant Blade used <strong>Zen Headbutt</strong>!<br></div><div class="battle-history"><small>It's super effective!</small><br></div><div class="battle-history"><small>(The opposing Venusaur lost <abbr title="−238/363">65.6%</abbr> of its health!)</small><br></div><div class="spacer battle-history"><br></div><div class="battle-history">The opposing Venusaur used <strong>Sludge Bomb</strong>!<br></div><div class="battle-history"><small>It's super effective!</small><br></div><div class="battle-history"><small>(Verdant Blade lost <abbr title="−186/323">57.6%</abbr> of its health!)</small><br></div><div class="spacer battle-history"><br></div><div class="battle-history"><small>The opposing Venusaur restored a little HP using its Black Sludge!</small><br></div><div class="spacer battle-history"><br></div><h2 class="battle-history">Turn 6</h2><div class="spacer battle-history"><br></div><div class="battle-history">Snugs315 withdrew Venusaur!<br></div><div class="battle-history">Snugs315 sent out <strong>Magneton</strong>!<br></div><div class="spacer battle-history"><br></div><div class="battle-history">Verdant Blade used <strong>Zen Headbutt</strong>!<br></div><div class="battle-history"><small>It's not very effective...</small><br></div><div class="battle-history"><small>(The opposing Magneton lost <abbr title="−82/241">34.0%</abbr> of its health!)</small><br></div><div class="spacer battle-history"><br></div><h2 class="battle-history">Turn 7</h2><div class="spacer battle-history"><br></div><div class="battle-history">Snugs315 withdrew Magneton!<br></div><div class="battle-history">Snugs315 sent out <strong>Venusaur</strong>!<br></div><div class="spacer battle-history"><br></div><div class="battle-history">Verdant Blade used <strong>Close Combat</strong>!<br></div><div class="battle-history"><small>It's not very effective...</small><br></div><div class="battle-history"><small>(The opposing Venusaur lost <abbr title="−147/363">40.5%</abbr> of its health!)</small><br></div><div class="battle-history"><small>Verdant Blade's Defense fell!</small><br></div><div class="battle-history"><small>Verdant Blade's Special Defense fell!</small><br></div><div class="spacer battle-history"><br></div><div class="battle-history">The opposing Venusaur fainted!<br></div><div class="spacer battle-history"><br></div><div class="battle-history">Snugs315 sent out <strong>Diancie</strong>!<br></div><div class="spacer battle-history"><br></div><h2 class="battle-history">Turn 8</h2><div class="spacer battle-history"><br></div><div class="battle-history">Verdant Blade used <strong>Leaf Blade</strong>!<br></div><div class="battle-history"><small>It's super effective!</small><br></div><div class="battle-history"><small>(The opposing Diancie lost <abbr title="−304/304">100%</abbr> of its health!)</small><br></div><div class="spacer battle-history"><br></div><div class="battle-history">The opposing Diancie fainted!<br></div><div class="spacer battle-history"><br></div><div class="battle-history">Snugs315 sent out <strong>Magneton</strong>!<br></div><div class="spacer battle-history"><br></div><h2 class="battle-history">Turn 9</h2><div class="spacer battle-history"><br></div><div class="battle-history">Verdant Blade used <strong>Close Combat</strong>!<br></div><div class="battle-history"><small>It's super effective!</small><br></div><div class="battle-history"><small>(The opposing Magneton lost <abbr title="−159/241">66.0%</abbr> of its health!)</small><br></div><div class="battle-history"><small>Verdant Blade's Defense fell!</small><br></div><div class="battle-history"><small>Verdant Blade's Special Defense fell!</small><br></div><div class="spacer battle-history"><br></div><div class="battle-history">The opposing Magneton fainted!<br></div><div class="spacer battle-history"><br></div><div class="battle-history">Snugs315 sent out <strong>Hoopa</strong>!<br></div><div class="spacer battle-history"><br></div><h2 class="battle-history">Turn 10</h2><div class="spacer battle-history"><br></div><div class="battle-history">Verdant Blade used <strong>Leaf Blade</strong>!<br></div><div class="battle-history"><small>(The opposing Hoopa lost <abbr title="−301/301">100%</abbr> of its health!)</small><br></div><div class="spacer battle-history"><br></div><div class="battle-history">The opposing Hoopa fainted!<br></div><div class="spacer battle-history"><br></div><div class="battle-history">Snugs315 sent out <strong>Slowking</strong>!<br></div><div class="spacer battle-history"><br></div><h2 class="battle-history">Turn 11</h2><div class="spacer battle-history"><br></div><div class="battle-history">Verdant Blade used <strong>Leaf Blade</strong>!<br></div><div class="battle-history"><small>It's super effective!</small><br></div><div class="battle-history"><small>A critical hit!</small><br></div><div class="battle-history"><small>(The opposing Slowking lost <abbr title="−393/393">100%</abbr> of its health!)</small><br></div><div class="spacer battle-history"><br></div><div class="battle-history">The opposing Slowking fainted!<br></div><div class="spacer battle-history"><br></div><div class="battle-history">Snugs315 sent out <strong>Flygon</strong>!<br></div><div class="spacer battle-history"><br></div><h2 class="battle-history">Turn 12</h2><div class="spacer battle-history"><br></div><div class="battle-history">Verdant Blade used <strong>Leaf Blade</strong>!<br></div><div class="battle-history"><small>(The opposing Flygon lost <abbr title="−207/329">62.9%</abbr> of its health!)</small><br></div><div class="spacer battle-history"><br></div><div class="battle-history">The opposing Flygon fainted!<br></div><div class="spacer battle-history"><br></div><div class="battle-history"><strong>Eliaas</strong> won the battle!<br></div><div class="chat chatmessage-snugs315"><strong style="color:hsl(154,75%,31%)"><small>★</small><span class="username" data-name="Snugs315">Snugs315</span>:</strong> <em>gg</em></div><div class="chat chatmessage-eliaas"><strong style="color:hsl(118,88%,34.9010401789736%)"><small>★</small><span class="username" data-name="Eliaas">Eliaas</span>:</strong> <em>gg</em></div></div><div class="inner-preempt"></div></div></div>
</div>
<script>
let daily = Math.floor(Date.now()/1000/60/60/24);document.write('<script src="https://play.pokemonshowdown.com/js/replay-embed.js?version'+daily+'"></'+'script>');
</script>
