<!DOCTYPE html>
<meta charset="utf-8" />
<!-- version 1 -->
<title>RU replay: LCezasfuck vs. BreachingTrout</title>
<style>
html,body {font-family:Verdana, sans-serif;font-size:10pt;margin:0;padding:0;}body{padding:12px 0;} .battle-log {font-family:Verdana, sans-serif;font-size:10pt;} .battle-log-inline {border:1px solid #AAAAAA;background:#EEF2F5;color:black;max-width:640px;margin:0 auto 80px;padding-bottom:5px;} .battle-log .inner {padding:4px 8px 0px 8px;} .battle-log .inner-preempt {padding:0 8px 4px 8px;} .battle-log .inner-after {margin-top:0.5em;} .battle-log h2 {margin:0.5em -8px;padding:4px 8px;border:1px solid #AAAAAA;background:#E0E7EA;border-left:0;border-right:0;font-family:Verdana, sans-serif;font-size:13pt;} .battle-log .chat {vertical-align:middle;padding:3px 0 3px 0;font-size:8pt;} .battle-log .chat strong {color:#40576A;} .battle-log .chat em {padding:1px 4px 1px 3px;color:#000000;font-style:normal;} .chat.mine {background:rgba(0,0,0,0.05);margin-left:-8px;margin-right:-8px;padding-left:8px;padding-right:8px;} .spoiler {color:#BBBBBB;background:#BBBBBB;padding:0px 3px;} .spoiler:hover, .spoiler:active, .spoiler-shown {color:#000000;background:#E2E2E2;padding:0px 3px;} .spoiler a {color:#BBBBBB;} .spoiler:hover a, .spoiler:active a, .spoiler-shown a {color:#2288CC;} .chat code, .chat .spoiler:hover code, .chat .spoiler:active code, .chat .spoiler-shown code {border:1px solid #C0C0C0;background:#EEEEEE;color:black;padding:0 2px;} .chat .spoiler code {border:1px solid #CCCCCC;background:#CCCCCC;color:#CCCCCC;} .battle-log .rated {padding:3px 4px;} .battle-log .rated strong {color:white;background:#89A;padding:1px 4px;border-radius:4px;} .spacer {margin-top:0.5em;} .message-announce {background:#6688AA;color:white;padding:1px 4px 2px;} .message-announce a, .broadcast-green a, .broadcast-blue a, .broadcast-red a {color:#DDEEFF;} .broadcast-green {background-color:#559955;color:white;padding:2px 4px;} .broadcast-blue {background-color:#6688AA;color:white;padding:2px 4px;} .infobox {border:1px solid #6688AA;padding:2px 4px;} .infobox-limited {max-height:200px;overflow:auto;overflow-x:hidden;} .broadcast-red {background-color:#AA5544;color:white;padding:2px 4px;} .message-learn-canlearn {font-weight:bold;color:#228822;text-decoration:underline;} .message-learn-cannotlearn {font-weight:bold;color:#CC2222;text-decoration:underline;} .message-effect-weak {font-weight:bold;color:#CC2222;} .message-effect-resist {font-weight:bold;color:#6688AA;} .message-effect-immune {font-weight:bold;color:#666666;} .message-learn-list {margin-top:0;margin-bottom:0;} .message-throttle-notice, .message-error {color:#992222;} .message-overflow, .chat small.message-overflow {font-size:0pt;} .message-overflow::before {font-size:9pt;content:'...';} .subtle {color:#3A4A66;}
</style>
<div class="wrapper replay-wrapper" style="max-width:1180px;margin:0 auto">
<input type="hidden" name="replayid" value="ru-499124561" />
<div class="battle"></div><div class="battle-log"></div><div class="replay-controls"></div><div class="replay-controls-2"></div>
<h1 style="font-weight:normal;text-align:center"><strong>RU</strong><br /><a href="http://pokemonshowdown.com/users/lcezasfuck" class="subtle" target="_blank">LCezasfuck</a> vs. <a href="http://pokemonshowdown.com/users/breachingtrout" class="subtle" target="_blank">BreachingTrout</a></h1>
<script type="text/plain" class="battle-log-data">|j|LCezasfuck
|j|BreachingTrout
|player|p1|LCezasfuck|184
|player|p2|BreachingTrout|102
|gametype|singles
|gen|6
|tier|RU
|rated
|seed|9389,753,24854,27867
|rule|Sleep Clause Mod: Limit one foe put to sleep
|rule|Species Clause: Limit one of each Pokémon
|rule|OHKO Clause: OHKO moves are banned
|rule|Moody Clause: Moody is banned
|rule|Evasion Moves Clause: Evasion moves are banned
|rule|Endless Battle Clause: Forcing endless battles is banned
|rule|HP Percentage Mod: HP is shown in percentages
|clearpoke
|poke|p1|Alomomola, F|item
|poke|p1|Togetic, F|item
|poke|p1|Cofagrigus, M|item
|poke|p1|Virizion|item
|poke|p1|Glalie, F|item
|poke|p1|Hitmontop, M|item
|poke|p2|Magneton|item
|poke|p2|Flygon, M|item
|poke|p2|Gallade, M|item
|poke|p2|Scyther, M|item
|poke|p2|Drapion, F|item
|poke|p2|Slowking, M|item
|rule|Swagger Clause: Swagger is banned
|rule|Baton Pass Clause: Limit one Baton Passer, can't pass Spe and other stats simultaneously
|teampreview
|choice|team 5, team 2, team 3, team 4, team 1, team 6|team 5, team 2, team 3, team 4, team 1, team 6
|
|start
|switch|p1a: Glalie|Glalie, F|301\/301
|switch|p2a: Drapion|Drapion, F|282\/282
|turn|1
|choice|move earthquake mega|move poisonjab
|
|detailschange|p1a: Glalie|Glalie-Mega, F
|-mega|p1a: Glalie|Glalie|Glalitite
|move|p1a: Glalie|Earthquake|p2a: Drapion
|-supereffective|p2a: Drapion
|-damage|p2a: Drapion|126\/282
|move|p2a: Drapion|Poison Jab|p1a: Glalie
|-damage|p1a: Glalie|148\/301
|-status|p1a: Glalie|psn
|
|-heal|p2a: Drapion|143\/282|[from] item: Black Sludge
|-damage|p1a: Glalie|111\/301 psn|[from] psn
|upkeep
|turn|2
|choice|switch 5|switch 6
|
|switch|p1a: Alomomola|Alomomola, F|534\/534
|switch|p2a: Slowking|Slowking, M|394\/394
|
|upkeep
|turn|3
|choice|move wish|move nastyplot
|
|move|p1a: Alomomola|Wish|p1a: Alomomola
|move|p2a: Slowking|Nasty Plot|p2a: Slowking
|-boost|p2a: Slowking|spa|2
|
|upkeep
|turn|4
|choice|switch 3|move futuresight
|
|switch|p1a: Cofagrigus|Cofagrigus, M|320\/320
|move|p2a: Slowking|Future Sight|p1a: Cofagrigus
|-start|p2a: Slowking|move: Future Sight
|
|upkeep
|turn|5
|choice|move haze|move scald
|
|move|p2a: Slowking|Scald|p1a: Cofagrigus
|-damage|p1a: Cofagrigus|143\/320
|move|p1a: Cofagrigus|Haze|p1a: Cofagrigus
|-clearallboost
|
|-heal|p1a: Cofagrigus|163\/320|[from] item: Leftovers
|upkeep
|turn|6
|choice|move haze|switch 6
|
|switch|p2a: Drapion|Drapion, F|143\/282
|move|p1a: Cofagrigus|Haze|p1a: Cofagrigus
|-clearallboost
|
|-end|p1a: Cofagrigus|move: Future Sight
|-damage|p1a: Cofagrigus|46\/320
|-heal|p2a: Drapion|160\/282|[from] item: Black Sludge
|-heal|p1a: Cofagrigus|66\/320|[from] item: Leftovers
|upkeep
|turn|7
|choice|switch 3|move knockoff
|
|switch|p1a: Alomomola|Alomomola, F|534\/534
|move|p2a: Drapion|Knock Off|p1a: Alomomola
|-damage|p1a: Alomomola|417\/534
|-damage|p2a: Drapion|113\/282|[from] item: Rocky Helmet|[of] p1a: Alomomola
|-enditem|p1a: Alomomola|Rocky Helmet|[from] move: Knock Off|[of] p2a: Drapion
|
|-heal|p2a: Drapion|130\/282|[from] item: Black Sludge
|upkeep
|turn|8
|choice|move wish|move poisonjab
|
|move|p2a: Drapion|Poison Jab|p1a: Alomomola
|-damage|p1a: Alomomola|306\/534
|move|p1a: Alomomola|Wish|p1a: Alomomola
|
|-heal|p2a: Drapion|147\/282|[from] item: Black Sludge
|upkeep
|turn|9
|choice|move scald|move knockoff
|
|move|p2a: Drapion|Knock Off|p1a: Alomomola
|-damage|p1a: Alomomola|230\/534
|move|p1a: Alomomola|Scald|p2a: Drapion
|-damage|p2a: Drapion|92\/282
|-status|p2a: Drapion|brn
|
|-heal|p1a: Alomomola|497\/534|[from] move: Wish|[wisher] Alomomola
|-heal|p2a: Drapion|109\/282 brn|[from] item: Black Sludge
|-damage|p2a: Drapion|74\/282 brn|[from] brn
|upkeep
|turn|10
|choice|move wish|move poisonjab
|
|move|p2a: Drapion|Poison Jab|p1a: Alomomola
|-damage|p1a: Alomomola|444\/534
|move|p1a: Alomomola|Wish|p1a: Alomomola
|
|-heal|p2a: Drapion|91\/282 brn|[from] item: Black Sludge
|-damage|p2a: Drapion|56\/282 brn|[from] brn
|upkeep
|turn|11
|choice|switch 5|move knockoff
|
|switch|p1a: Glalie|Glalie-Mega, F|111\/301 psn
|move|p2a: Drapion|Knock Off|p1a: Glalie
|-damage|p1a: Glalie|49\/301 psn
|
|-heal|p1a: Glalie|301\/301 psn|[from] move: Wish|[wisher] Alomomola
|-heal|p2a: Drapion|73\/282 brn|[from] item: Black Sludge
|-damage|p1a: Glalie|264\/301 psn|[from] psn
|-damage|p2a: Drapion|38\/282 brn|[from] brn
|upkeep
|turn|12
|choice|switch 2|move poisonjab
|
|switch|p1a: Togetic|Togetic, F|314\/314
|move|p2a: Drapion|Poison Jab|p1a: Togetic
|-supereffective|p1a: Togetic
|-damage|p1a: Togetic|217\/314
|
|-heal|p2a: Drapion|55\/282 brn|[from] item: Black Sludge
|-damage|p2a: Drapion|20\/282 brn|[from] brn
|upkeep
|turn|13
|choice|move roost|move knockoff
|
|move|p2a: Drapion|Knock Off|p1a: Togetic
|-resisted|p1a: Togetic
|-damage|p1a: Togetic|190\/314
|-enditem|p1a: Togetic|Eviolite|[from] move: Knock Off|[of] p2a: Drapion
|move|p1a: Togetic|Roost|p1a: Togetic
|-heal|p1a: Togetic|314\/314
|
|-heal|p2a: Drapion|37\/282 brn|[from] item: Black Sludge
|-damage|p2a: Drapion|2\/282 brn|[from] brn
|upkeep
|turn|14
|choice|move healbell|move poisonjab
|
|move|p2a: Drapion|Poison Jab|p1a: Togetic
|-supereffective|p1a: Togetic
|-damage|p1a: Togetic|179\/314
|move|p1a: Togetic|Heal Bell|p1a: Togetic
|-activate|p1a: Togetic|move: Heal Bell
|-curestatus|p1: Glalie|psn|[msg]
|
|-heal|p2a: Drapion|19\/282 brn|[from] item: Black Sludge
|-damage|p2a: Drapion|0 fnt|[from] brn
|upkeep
|faint|p2a: Drapion
|choice||switch 5
|
|switch|p2a: Magneton|Magneton|260\/260
|turn|15
|choice|switch 4|move voltswitch
|
|switch|p1a: Virizion|Virizion|323\/323
|move|p2a: Magneton|Volt Switch|p1a: Virizion
|-resisted|p1a: Virizion
|-damage|p1a: Virizion|252\/323
|choice||switch 3
|
|switch|p2a: Gallade|Gallade, M|297\/297
|
|upkeep
|turn|16
|choice|switch 5|move zenheadbutt
|
|switch|p1a: Alomomola|Alomomola, F|534\/534
|move|p2a: Gallade|Zen Headbutt|p1a: Alomomola
|-damage|p1a: Alomomola|413\/534
|
|upkeep
|turn|17
|choice|move wish|switch 3
|
|switch|p2a: Magneton|Magneton|260\/260
|move|p1a: Alomomola|Wish|p1a: Alomomola
|
|upkeep
|turn|18
|choice|switch 5|move thunderbolt
|
|switch|p1a: Virizion|Virizion|252\/323
|move|p2a: Magneton|Thunderbolt|p1a: Virizion
|-resisted|p1a: Virizion
|-crit|p1a: Virizion
|-damage|p1a: Virizion|117\/323
|
|-heal|p1a: Virizion|323\/323|[from] move: Wish|[wisher] Alomomola
|upkeep
|turn|19
|choice|move leafblade|switch 2
|
|switch|p2a: Flygon|Flygon, M|329\/329
|move|p1a: Virizion|Leaf Blade|p2a: Flygon
|-damage|p2a: Flygon|190\/329
|
|-heal|p2a: Flygon|210\/329|[from] item: Leftovers
|upkeep
|turn|20
|choice|switch 5|move toxic
|
|switch|p1a: Alomomola|Alomomola, F|534\/534
|move|p2a: Flygon|Toxic|p1a: Alomomola
|-status|p1a: Alomomola|tox
|
|-heal|p2a: Flygon|230\/329|[from] item: Leftovers
|-damage|p1a: Alomomola|501\/534 tox|[from] psn
|upkeep
|turn|21
|choice|move wish|move uturn
|
|move|p2a: Flygon|U-turn|p1a: Alomomola
|-damage|p1a: Alomomola|448\/534 tox
|choice||switch 2
|
|switch|p2a: Magneton|Magneton|260\/260
|move|p1a: Alomomola|Wish|p1a: Alomomola
|
|-damage|p1a: Alomomola|382\/534 tox|[from] psn
|upkeep
|turn|22
|choice|switch 5|move thunderbolt
|
|switch|p1a: Virizion|Virizion|323\/323
|move|p2a: Magneton|Thunderbolt|p1a: Virizion
|-resisted|p1a: Virizion
|-damage|p1a: Virizion|238\/323
|
|-heal|p1a: Virizion|323\/323|[from] move: Wish|[wisher] Alomomola
|upkeep
|turn|23
|choice|move closecombat|switch 2
|
|switch|p2a: Flygon|Flygon, M|230\/329
|move|p1a: Virizion|Close Combat|p2a: Flygon
|-damage|p2a: Flygon|26\/329
|-unboost|p1a: Virizion|def|1
|-unboost|p1a: Virizion|spd|1
|
|-heal|p2a: Flygon|46\/329|[from] item: Leftovers
|upkeep
|turn|24
|choice|move closecombat|move uturn
|
|move|p1a: Virizion|Close Combat|p2a: Flygon
|-damage|p2a: Flygon|0 fnt
|-unboost|p1a: Virizion|def|1
|-unboost|p1a: Virizion|spd|1
|faint|p2a: Flygon
|
|upkeep
|choice||switch 3
|
|switch|p2a: Gallade|Gallade, M|297\/297
|turn|25
|choice|switch 5|switch 2
|
|switch|p2a: Magneton|Magneton|260\/260
|switch|p1a: Alomomola|Alomomola, F|534\/534 tox
|
|-damage|p1a: Alomomola|501\/534 tox|[from] psn
|upkeep
|turn|26
|choice|switch 5|move flashcannon
|
|switch|p1a: Virizion|Virizion|323\/323
|move|p2a: Magneton|Flash Cannon|p1a: Virizion
|-damage|p1a: Virizion|184\/323
|
|upkeep
|turn|27
|choice|move leafblade|move flashcannon
|
|move|p1a: Virizion|Leaf Blade|p2a: Magneton
|-resisted|p2a: Magneton
|-damage|p2a: Magneton|224\/260
|move|p2a: Magneton|Flash Cannon|p1a: Virizion
|-damage|p1a: Virizion|34\/323
|
|upkeep
|turn|28
|choice|move closecombat|move thunderbolt
|
|move|p1a: Virizion|Close Combat|p2a: Magneton
|-supereffective|p2a: Magneton
|-damage|p2a: Magneton|0 fnt
|-unboost|p1a: Virizion|def|1
|-unboost|p1a: Virizion|spd|1
|faint|p2a: Magneton
|
|upkeep
|choice||switch 4
|
|switch|p2a: Scyther|Scyther, M|281\/281
|turn|29
|choice|move stoneedge|move swordsdance
|
|move|p1a: Virizion|Stone Edge|p2a: Scyther
|-supereffective|p2a: Scyther
|-damage|p2a: Scyther|0 fnt
|faint|p2a: Scyther
|
|upkeep
|choice||switch 2
|
|switch|p2a: Gallade|Gallade, M|297\/297
|turn|30
|choice|switch 5|move zenheadbutt
|
|switch|p1a: Alomomola|Alomomola, F|534\/534 tox
|move|p2a: Gallade|Zen Headbutt|p1a: Alomomola
|-damage|p1a: Alomomola|420\/534 tox
|
|-damage|p1a: Alomomola|387\/534 tox|[from] psn
|upkeep
|turn|31
|choice|move toxic|move zenheadbutt
|
|move|p2a: Gallade|Zen Headbutt|p1a: Alomomola
|-damage|p1a: Alomomola|278\/534 tox
|cant|p1a: Alomomola|flinch
|
|-damage|p1a: Alomomola|212\/534 tox|[from] psn
|upkeep
|turn|32
|choice|switch 6|move zenheadbutt
|
|switch|p1a: Hitmontop|Hitmontop, M|304\/304
|-ability|p1a: Hitmontop|Intimidate|boost
|-unboost|p2a: Gallade|atk|1
|move|p2a: Gallade|Zen Headbutt|p1a: Hitmontop
|-supereffective|p1a: Hitmontop
|-damage|p1a: Hitmontop|160\/304
|
|-heal|p1a: Hitmontop|179\/304|[from] item: Leftovers
|upkeep
|turn|33
|choice|move toxic|move zenheadbutt
|
|move|p2a: Gallade|Zen Headbutt|p1a: Hitmontop
|-supereffective|p1a: Hitmontop
|-damage|p1a: Hitmontop|41\/304
|move|p1a: Hitmontop|Toxic|p2a: Gallade
|-status|p2a: Gallade|tox
|
|-heal|p1a: Hitmontop|60\/304|[from] item: Leftovers
|-damage|p2a: Gallade|279\/297 tox|[from] psn
|upkeep
|turn|34
|choice|switch 6|move zenheadbutt
|
|switch|p1a: Alomomola|Alomomola, F|390\/534 tox
|move|p2a: Gallade|Zen Headbutt|p1a: Alomomola
|-damage|p1a: Alomomola|311\/534 tox
|
|-damage|p2a: Gallade|243\/297 tox|[from] psn
|-damage|p1a: Alomomola|278\/534 tox|[from] psn
|upkeep
|turn|35
|choice|switch 6|move zenheadbutt
|
|switch|p1a: Hitmontop|Hitmontop, M|60\/304
|-ability|p1a: Hitmontop|Intimidate|boost
|-unboost|p2a: Gallade|atk|1
|move|p2a: Gallade|Zen Headbutt|p1a: Hitmontop
|-supereffective|p1a: Hitmontop
|-damage|p1a: Hitmontop|0 fnt
|faint|p1a: Hitmontop
|
|-damage|p2a: Gallade|189\/297 tox|[from] psn
|upkeep
|choice|switch 4|
|
|switch|p1a: Togetic|Togetic, F|179\/314
|turn|36
|choice|move healbell|switch 6
|
|switch|p2a: Slowking|Slowking, M|394\/394
|move|p1a: Togetic|Heal Bell|p1a: Togetic
|-activate|p1a: Togetic|move: Heal Bell
|-curestatus|p1: Alomomola|tox|[msg]
|
|upkeep
|turn|37
|choice|move roost|move scald
|
|move|p1a: Togetic|Roost|p1a: Togetic
|-heal|p1a: Togetic|314\/314
|move|p2a: Slowking|Scald|p1a: Togetic
|-damage|p1a: Togetic|236\/314
|
|upkeep
|turn|38
|choice|switch 3|move nastyplot
|
|switch|p1a: Cofagrigus|Cofagrigus, M|66\/320
|move|p2a: Slowking|Nasty Plot|p2a: Slowking
|-boost|p2a: Slowking|spa|2
|
|-heal|p1a: Cofagrigus|86\/320|[from] item: Leftovers
|upkeep
|turn|39
|choice|move painsplit|move futuresight
|
|move|p2a: Slowking|Future Sight|p1a: Cofagrigus
|-start|p2a: Slowking|move: Future Sight
|move|p1a: Cofagrigus|Pain Split|p2a: Slowking
|-sethp|p2a: Slowking|240\/394|p1a: Cofagrigus|240\/320|[from] move: Pain Split
|
|-heal|p2a: Slowking|264\/394|[from] item: Leftovers
|-heal|p1a: Cofagrigus|260\/320|[from] item: Leftovers
|upkeep
|turn|40
|choice|move haze|move scald
|
|move|p2a: Slowking|Scald|p1a: Cofagrigus
|-damage|p1a: Cofagrigus|88\/320
|move|p1a: Cofagrigus|Haze|p1a: Cofagrigus
|-clearallboost
|
|-heal|p2a: Slowking|288\/394|[from] item: Leftovers
|-heal|p1a: Cofagrigus|108\/320|[from] item: Leftovers
|upkeep
|turn|41
|j|AkemiStyles
|choice|move painsplit|move nastyplot
|
|move|p2a: Slowking|Nasty Plot|p2a: Slowking
|-boost|p2a: Slowking|spa|2
|move|p1a: Cofagrigus|Pain Split|p2a: Slowking
|-sethp|p2a: Slowking|198\/394|p1a: Cofagrigus|198\/320|[from] move: Pain Split
|
|-end|p1a: Cofagrigus|move: Future Sight
|-damage|p1a: Cofagrigus|0 fnt
|-heal|p2a: Slowking|222\/394|[from] item: Leftovers
|upkeep
|faint|p1a: Cofagrigus
|choice|switch 5|
|
|switch|p1a: Virizion|Virizion|34\/323
|turn|42
|choice|move leafblade|move scald
|
|move|p1a: Virizion|Leaf Blade|p2a: Slowking
|-supereffective|p2a: Slowking
|-damage|p2a: Slowking|0 fnt
|faint|p2a: Slowking
|
|upkeep
|choice||switch 6
|
|switch|p2a: Gallade|Gallade, M|189\/297 tox
|turn|43
|choice|switch 6|move zenheadbutt
|
|switch|p1a: Alomomola|Alomomola, F|456\/534
|move|p2a: Gallade|Zen Headbutt|p1a: Alomomola
|-damage|p1a: Alomomola|332\/534
|
|-damage|p2a: Gallade|171\/297 tox|[from] psn
|upkeep
|turn|44
|choice|move protect|move zenheadbutt
|
|move|p1a: Alomomola|Protect|p1a: Alomomola
|-singleturn|p1a: Alomomola|Protect
|move|p2a: Gallade|Zen Headbutt|p1a: Alomomola
|-activate|p1a: Alomomola|move: Protect
|
|-damage|p2a: Gallade|135\/297 tox|[from] psn
|upkeep
|turn|45
|choice|move wish|move zenheadbutt
|
|move|p2a: Gallade|Zen Headbutt|p1a: Alomomola
|-damage|p1a: Alomomola|215\/534
|move|p1a: Alomomola|Wish|p1a: Alomomola
|
|-damage|p2a: Gallade|81\/297 tox|[from] psn
|upkeep
|turn|46
|choice|move protect|move zenheadbutt
|
|move|p1a: Alomomola|Protect|p1a: Alomomola
|-singleturn|p1a: Alomomola|Protect
|move|p2a: Gallade|Zen Headbutt|p1a: Alomomola
|-activate|p1a: Alomomola|move: Protect
|
|-heal|p1a: Alomomola|482\/534|[from] move: Wish|[wisher] Alomomola
|-damage|p2a: Gallade|9\/297 tox|[from] psn
|upkeep
|turn|47
|choice|move scald|move zenheadbutt
|
|move|p2a: Gallade|Zen Headbutt|p1a: Alomomola
|-damage|p1a: Alomomola|362\/534
|move|p1a: Alomomola|Scald|p2a: Gallade
|-damage|p2a: Gallade|0 fnt
|faint|p2a: Gallade
|
|win|LCezasfuck
|player|p1
|player|p2
|l|AkemiStyles
|l|BreachingTrout</script>
</div>
<div class="battle-log battle-log-inline"><div class="inner"><div class="battle-options"></div><div class="inner"><div class="chat"><small>LCezasfuck joined.</small></div><div class="chat"><small>BreachingTrout joined.</small></div><div class=""><small>Format:</small> <br><strong>RU</strong></div><div class="rated"><strong>Rated battle</strong></div><div class=""><small><em>Sleep Clause Mod:</em> Limit one foe put to sleep</small></div><div class=""><small><em>Species Clause:</em> Limit one of each Pokémon</small></div><div class=""><small><em>OHKO Clause:</em> OHKO moves are banned</small></div><div class=""><small><em>Moody Clause:</em> Moody is banned</small></div><div class=""><small><em>Evasion Moves Clause:</em> Evasion moves are banned</small></div><div class=""><small><em>Endless Battle Clause:</em> Forcing endless battles is banned</small></div><div class=""><small><em>HP Percentage Mod:</em> HP is shown in percentages</small></div><div class=""><small><em>Swagger Clause:</em> Swagger is banned</small></div><div class=""><small><em>Baton Pass Clause:</em> Limit one Baton Passer, can't pass Spe and other stats simultaneously</small></div><div class="chat battle-history"><strong>LCezasfuck's team:</strong> <em style="color:#445566;display:block;">Alomomola / Togetic / Cofagrigus / Virizion / Glalie / Hitmontop</em></div><div class="chat battle-history"><strong>BreachingTrout's team:</strong> <em style="color:#445566;display:block;">Magneton / Flygon / Gallade / Scyther / Drapion / Slowking</em></div><div class="spacer battle-history"><br></div><div class="battle-history">Battle started between LCezasfuck and BreachingTrout!<br></div><div class="spacer battle-history"><br></div><div class="battle-history">Go! <strong>Glalie</strong>!<br></div><div class="spacer battle-history"><br></div><div class="battle-history">BreachingTrout sent out <strong>Drapion</strong>!<br></div><div class="spacer battle-history"><br></div><h2 class="battle-history">Turn 1</h2><div class="spacer battle-history"><br></div><div class="battle-history"><small>Glalie's Glalitite is reacting to LCezasfuck's Mega Bracelet!</small><br>Glalie has Mega Evolved into Mega Glalie!<br></div><div class="spacer battle-history"><br></div><div class="battle-history">Glalie used <strong>Earthquake</strong>!<br></div><div class="battle-history"><small>It's super effective!</small><br></div><div class="battle-history"><small>(The opposing Drapion lost <abbr title="−156/282">55.3%</abbr> of its health!)</small><br></div><div class="spacer battle-history"><br></div><div class="battle-history">The opposing Drapion used <strong>Poison Jab</strong>!<br></div><div class="battle-history"><small>(Glalie lost <abbr title="−153/301">50.8%</abbr> of its health!)</small><br></div><div class="battle-history"><small>Glalie was poisoned!</small><br></div><div class="spacer battle-history"><br></div><div class="battle-history"><small>The opposing Drapion restored a little HP using its Black Sludge!</small><br></div><div class="battle-history"><small>Glalie was hurt by poison!</small><br></div><div class="spacer battle-history"><br></div><h2 class="battle-history">Turn 2</h2><div class="spacer battle-history"><br></div><div class="battle-history">Glalie, come back!<br></div><div class="battle-history">Go! <strong>Alomomola</strong>!<br></div><div class="spacer battle-history"><br></div><div class="battle-history">BreachingTrout withdrew Drapion!<br></div><div class="battle-history">BreachingTrout sent out <strong>Slowking</strong>!<br></div><div class="spacer battle-history"><br></div><h2 class="battle-history">Turn 3</h2><div class="spacer battle-history"><br></div><div class="battle-history">Alomomola used <strong>Wish</strong>!<br></div><div class="spacer battle-history"><br></div><div class="battle-history">The opposing Slowking used <strong>Nasty Plot</strong>!<br></div><div class="battle-history"><small>The opposing Slowking's Special Attack rose sharply!</small><br></div><div class="spacer battle-history"><br></div><h2 class="battle-history">Turn 4</h2><div class="spacer battle-history"><br></div><div class="battle-history">Alomomola, come back!<br></div><div class="battle-history">Go! <strong>Cofagrigus</strong>!<br></div><div class="spacer battle-history"><br></div><div class="battle-history">The opposing Slowking used <strong>Future Sight</strong>!<br></div><div class="battle-history"><small>The opposing Slowking foresaw an attack!</small><br></div><div class="spacer battle-history"><br></div><h2 class="battle-history">Turn 5</h2><div class="spacer battle-history"><br></div><div class="battle-history">The opposing Slowking used <strong>Scald</strong>!<br></div><div class="battle-history"><small>(Cofagrigus lost <abbr title="−177/320">55.3%</abbr> of its health!)</small><br></div><div class="spacer battle-history"><br></div><div class="battle-history">Cofagrigus used <strong>Haze</strong>!<br></div><div class="battle-history"><small>All stat changes were eliminated!</small><br></div><div class="spacer battle-history"><br></div><div class="battle-history"><small>Cofagrigus restored a little HP using its Leftovers!</small><br></div><div class="spacer battle-history"><br></div><h2 class="battle-history">Turn 6</h2><div class="spacer battle-history"><br></div><div class="battle-history">BreachingTrout withdrew Slowking!<br></div><div class="battle-history">BreachingTrout sent out <strong>Drapion</strong>!<br></div><div class="spacer battle-history"><br></div><div class="battle-history">Cofagrigus used <strong>Haze</strong>!<br></div><div class="battle-history"><small>All stat changes were eliminated!</small><br></div><div class="spacer battle-history"><br></div><div class="battle-history"><small>Cofagrigus took the Future Sight attack!</small><br></div><div class="battle-history"><small>(Cofagrigus lost <abbr title="−117/320">36.6%</abbr> of its health!)</small><br></div><div class="battle-history"><small>The opposing Drapion restored a little HP using its Black Sludge!</small><br></div><div class="battle-history"><small>Cofagrigus restored a little HP using its Leftovers!</small><br></div><div class="spacer battle-history"><br></div><h2 class="battle-history">Turn 7</h2><div class="spacer battle-history"><br></div><div class="battle-history">Cofagrigus, come back!<br></div><div class="battle-history">Go! <strong>Alomomola</strong>!<br></div><div class="spacer battle-history"><br></div><div class="battle-history">The opposing Drapion used <strong>Knock Off</strong>!<br></div><div class="battle-history"><small>(Alomomola lost <abbr title="−117/534">21.9%</abbr> of its health!)</small><br></div><div class="battle-history"><small>The opposing Drapion was hurt by the Rocky Helmet!</small><br></div><div class="battle-history"><small>The opposing Drapion knocked off Alomomola's Rocky Helmet!</small><br></div><div class="spacer battle-history"><br></div><div class="battle-history"><small>The opposing Drapion restored a little HP using its Black Sludge!</small><br></div><div class="spacer battle-history"><br></div><h2 class="battle-history">Turn 8</h2><div class="spacer battle-history"><br></div><div class="battle-history">The opposing Drapion used <strong>Poison Jab</strong>!<br></div><div class="battle-history"><small>(Alomomola lost <abbr title="−111/534">20.8%</abbr> of its health!)</small><br></div><div class="spacer battle-history"><br></div><div class="battle-history">Alomomola used <strong>Wish</strong>!<br></div><div class="spacer battle-history"><br></div><div class="battle-history"><small>The opposing Drapion restored a little HP using its Black Sludge!</small><br></div><div class="spacer battle-history"><br></div><h2 class="battle-history">Turn 9</h2><div class="spacer battle-history"><br></div><div class="battle-history">The opposing Drapion used <strong>Knock Off</strong>!<br></div><div class="battle-history"><small>(Alomomola lost <abbr title="−76/534">14.2%</abbr> of its health!)</small><br></div><div class="spacer battle-history"><br></div><div class="battle-history">Alomomola used <strong>Scald</strong>!<br></div><div class="battle-history"><small>(The opposing Drapion lost <abbr title="−55/282">19.5%</abbr> of its health!)</small><br></div><div class="battle-history"><small>The opposing Drapion was burned!</small><br></div><div class="spacer battle-history"><br></div><div class="battle-history"><small>Alomomola's wish came true!</small><br></div><div class="battle-history"><small>The opposing Drapion restored a little HP using its Black Sludge!</small><br></div><div class="battle-history"><small>The opposing Drapion was hurt by its burn!</small><br></div><div class="spacer battle-history"><br></div><h2 class="battle-history">Turn 10</h2><div class="spacer battle-history"><br></div><div class="battle-history">The opposing Drapion used <strong>Poison Jab</strong>!<br></div><div class="battle-history"><small>(Alomomola lost <abbr title="−53/534">9.9%</abbr> of its health!)</small><br></div><div class="spacer battle-history"><br></div><div class="battle-history">Alomomola used <strong>Wish</strong>!<br></div><div class="spacer battle-history"><br></div><div class="battle-history"><small>The opposing Drapion restored a little HP using its Black Sludge!</small><br></div><div class="battle-history"><small>The opposing Drapion was hurt by its burn!</small><br></div><div class="spacer battle-history"><br></div><h2 class="battle-history">Turn 11</h2><div class="spacer battle-history"><br></div><div class="battle-history">Alomomola, come back!<br></div><div class="battle-history">Go! Glalie (<strong>Glalie-Mega</strong>)!<br></div><div class="spacer battle-history"><br></div><div class="battle-history">The opposing Drapion used <strong>Knock Off</strong>!<br></div><div class="battle-history"><small>(Glalie lost <abbr title="−62/301">20.6%</abbr> of its health!)</small><br></div><div class="spacer battle-history"><br></div><div class="battle-history"><small>Alomomola's wish came true!</small><br></div><div class="battle-history"><small>The opposing Drapion restored a little HP using its Black Sludge!</small><br></div><div class="battle-history"><small>Glalie was hurt by poison!</small><br></div><div class="battle-history"><small>The opposing Drapion was hurt by its burn!</small><br></div><div class="spacer battle-history"><br></div><h2 class="battle-history">Turn 12</h2><div class="spacer battle-history"><br></div><div class="battle-history">Glalie, come back!<br></div><div class="battle-history">Go! <strong>Togetic</strong>!<br></div><div class="spacer battle-history"><br></div><div class="battle-history">The opposing Drapion used <strong>Poison Jab</strong>!<br></div><div class="battle-history"><small>It's super effective!</small><br></div><div class="battle-history"><small>(Togetic lost <abbr title="−97/314">30.9%</abbr> of its health!)</small><br></div><div class="spacer battle-history"><br></div><div class="battle-history"><small>The opposing Drapion restored a little HP using its Black Sludge!</small><br></div><div class="battle-history"><small>The opposing Drapion was hurt by its burn!</small><br></div><div class="spacer battle-history"><br></div><h2 class="battle-history">Turn 13</h2><div class="spacer battle-history"><br></div><div class="battle-history">The opposing Drapion used <strong>Knock Off</strong>!<br></div><div class="battle-history"><small>It's not very effective...</small><br></div><div class="battle-history"><small>(Togetic lost <abbr title="−27/314">8.6%</abbr> of its health!)</small><br></div><div class="battle-history"><small>The opposing Drapion knocked off Togetic's Eviolite!</small><br></div><div class="spacer battle-history"><br></div><div class="battle-history">Togetic used <strong>Roost</strong>!<br></div><div class="battle-history"><small>Togetic restored its HP.</small><br></div><div class="spacer battle-history"><br></div><div class="battle-history"><small>The opposing Drapion restored a little HP using its Black Sludge!</small><br></div><div class="battle-history"><small>The opposing Drapion was hurt by its burn!</small><br></div><div class="spacer battle-history"><br></div><h2 class="battle-history">Turn 14</h2><div class="spacer battle-history"><br></div><div class="battle-history">The opposing Drapion used <strong>Poison Jab</strong>!<br></div><div class="battle-history"><small>It's super effective!</small><br></div><div class="battle-history"><small>(Togetic lost <abbr title="−135/314">43.0%</abbr> of its health!)</small><br></div><div class="spacer battle-history"><br></div><div class="battle-history">Togetic used <strong>Heal Bell</strong>!<br></div><div class="battle-history"><small>A bell chimed!</small><br></div><div class="battle-history"><small>Glalie was cured of its poisoning.</small><br></div><div class="spacer battle-history"><br></div><div class="battle-history"><small>The opposing Drapion restored a little HP using its Black Sludge!</small><br></div><div class="battle-history"><small>The opposing Drapion was hurt by its burn!</small><br></div><div class="spacer battle-history"><br></div><div class="battle-history">The opposing Drapion fainted!<br></div><div class="spacer battle-history"><br></div><div class="battle-history">BreachingTrout sent out <strong>Magneton</strong>!<br></div><div class="spacer battle-history"><br></div><h2 class="battle-history">Turn 15</h2><div class="spacer battle-history"><br></div><div class="battle-history">Togetic, come back!<br></div><div class="battle-history">Go! <strong>Virizion</strong>!<br></div><div class="spacer battle-history"><br></div><div class="battle-history">The opposing Magneton used <strong>Volt Switch</strong>!<br></div><div class="battle-history"><small>It's not very effective...</small><br></div><div class="battle-history"><small>(Virizion lost <abbr title="−71/323">22.0%</abbr> of its health!)</small><br></div><div class="spacer battle-history"><br></div><div class="battle-history">The opposing Magneton went back to BreachingTrout!<br></div><div class="battle-history">BreachingTrout sent out <strong>Gallade</strong>!<br></div><div class="spacer battle-history"><br></div><h2 class="battle-history">Turn 16</h2><div class="spacer battle-history"><br></div><div class="battle-history">Virizion, come back!<br></div><div class="battle-history">Go! <strong>Alomomola</strong>!<br></div><div class="spacer battle-history"><br></div><div class="battle-history">The opposing Gallade used <strong>Zen Headbutt</strong>!<br></div><div class="battle-history"><small>(Alomomola lost <abbr title="−121/534">22.7%</abbr> of its health!)</small><br></div><div class="spacer battle-history"><br></div><h2 class="battle-history">Turn 17</h2><div class="spacer battle-history"><br></div><div class="battle-history">BreachingTrout withdrew Gallade!<br></div><div class="battle-history">BreachingTrout sent out <strong>Magneton</strong>!<br></div><div class="spacer battle-history"><br></div><div class="battle-history">Alomomola used <strong>Wish</strong>!<br></div><div class="spacer battle-history"><br></div><h2 class="battle-history">Turn 18</h2><div class="spacer battle-history"><br></div><div class="battle-history">Alomomola, come back!<br></div><div class="battle-history">Go! <strong>Virizion</strong>!<br></div><div class="spacer battle-history"><br></div><div class="battle-history">The opposing Magneton used <strong>Thunderbolt</strong>!<br></div><div class="battle-history"><small>It's not very effective...</small><br></div><div class="battle-history"><small>A critical hit!</small><br></div><div class="battle-history"><small>(Virizion lost <abbr title="−135/323">41.8%</abbr> of its health!)</small><br></div><div class="spacer battle-history"><br></div><div class="battle-history"><small>Alomomola's wish came true!</small><br></div><div class="spacer battle-history"><br></div><h2 class="battle-history">Turn 19</h2><div class="spacer battle-history"><br></div><div class="battle-history">BreachingTrout withdrew Magneton!<br></div><div class="battle-history">BreachingTrout sent out <strong>Flygon</strong>!<br></div><div class="spacer battle-history"><br></div><div class="battle-history">Virizion used <strong>Leaf Blade</strong>!<br></div><div class="battle-history"><small>(The opposing Flygon lost <abbr title="−139/329">42.2%</abbr> of its health!)</small><br></div><div class="spacer battle-history"><br></div><div class="battle-history"><small>The opposing Flygon restored a little HP using its Leftovers!</small><br></div><div class="spacer battle-history"><br></div><h2 class="battle-history">Turn 20</h2><div class="spacer battle-history"><br></div><div class="battle-history">Virizion, come back!<br></div><div class="battle-history">Go! <strong>Alomomola</strong>!<br></div><div class="spacer battle-history"><br></div><div class="battle-history">The opposing Flygon used <strong>Toxic</strong>!<br></div><div class="battle-history"><small>Alomomola was badly poisoned!</small><br></div><div class="spacer battle-history"><br></div><div class="battle-history"><small>The opposing Flygon restored a little HP using its Leftovers!</small><br></div><div class="battle-history"><small>Alomomola was hurt by poison!</small><br></div><div class="spacer battle-history"><br></div><h2 class="battle-history">Turn 21</h2><div class="spacer battle-history"><br></div><div class="battle-history">The opposing Flygon used <strong>U-turn</strong>!<br></div><div class="battle-history"><small>(Alomomola lost <abbr title="−53/534">9.9%</abbr> of its health!)</small><br></div><div class="spacer battle-history"><br></div><div class="battle-history">The opposing Flygon went back to BreachingTrout!<br></div><div class="battle-history">BreachingTrout sent out <strong>Magneton</strong>!<br></div><div class="spacer battle-history"><br></div><div class="battle-history">Alomomola used <strong>Wish</strong>!<br></div><div class="spacer battle-history"><br></div><div class="battle-history"><small>Alomomola was hurt by poison!</small><br></div><div class="spacer battle-history"><br></div><h2 class="battle-history">Turn 22</h2><div class="spacer battle-history"><br></div><div class="battle-history">Alomomola, come back!<br></div><div class="battle-history">Go! <strong>Virizion</strong>!<br></div><div class="spacer battle-history"><br></div><div class="battle-history">The opposing Magneton used <strong>Thunderbolt</strong>!<br></div><div class="battle-history"><small>It's not very effective...</small><br></div><div class="battle-history"><small>(Virizion lost <abbr title="−85/323">26.3%</abbr> of its health!)</small><br></div><div class="spacer battle-history"><br></div><div class="battle-history"><small>Alomomola's wish came true!</small><br></div><div class="spacer battle-history"><br></div><h2 class="battle-history">Turn 23</h2><div class="spacer battle-history"><br></div><div class="battle-history">BreachingTrout withdrew Magneton!<br></div><div class="battle-history">BreachingTrout sent out <strong>Flygon</strong>!<br></div><div class="spacer battle-history"><br></div><div class="battle-history">Virizion used <strong>Close Combat</strong>!<br></div><div class="battle-history"><small>(The opposing Flygon lost <abbr title="−204/329">62.0%</abbr> of its health!)</small><br></div><div class="battle-history"><small>Virizion's Defense fell!</small><br></div><div class="battle-history"><small>Virizion's Special Defense fell!</small><br></div><div class="spacer battle-history"><br></div><div class="battle-history"><small>The opposing Flygon restored a little HP using its Leftovers!</small><br></div><div class="spacer battle-history"><br></div><h2 class="battle-history">Turn 24</h2><div class="spacer battle-history"><br></div><div class="battle-history">Virizion used <strong>Close Combat</strong>!<br></div><div class="battle-history"><small>(The opposing Flygon lost <abbr title="−46/329">14.0%</abbr> of its health!)</small><br></div><div class="battle-history"><small>Virizion's Defense fell!</small><br></div><div class="battle-history"><small>Virizion's Special Defense fell!</small><br></div><div class="spacer battle-history"><br></div><div class="battle-history">The opposing Flygon fainted!<br></div><div class="spacer battle-history"><br></div><div class="battle-history">BreachingTrout sent out <strong>Gallade</strong>!<br></div><div class="spacer battle-history"><br></div><h2 class="battle-history">Turn 25</h2><div class="spacer battle-history"><br></div><div class="battle-history">BreachingTrout withdrew Gallade!<br></div><div class="battle-history">BreachingTrout sent out <strong>Magneton</strong>!<br></div><div class="spacer battle-history"><br></div><div class="battle-history">Virizion, come back!<br></div><div class="battle-history">Go! <strong>Alomomola</strong>!<br></div><div class="spacer battle-history"><br></div><div class="battle-history"><small>Alomomola was hurt by poison!</small><br></div><div class="spacer battle-history"><br></div><h2 class="battle-history">Turn 26</h2><div class="spacer battle-history"><br></div><div class="battle-history">Alomomola, come back!<br></div><div class="battle-history">Go! <strong>Virizion</strong>!<br></div><div class="spacer battle-history"><br></div><div class="battle-history">The opposing Magneton used <strong>Flash Cannon</strong>!<br></div><div class="battle-history"><small>(Virizion lost <abbr title="−139/323">43.0%</abbr> of its health!)</small><br></div><div class="spacer battle-history"><br></div><h2 class="battle-history">Turn 27</h2><div class="spacer battle-history"><br></div><div class="battle-history">Virizion used <strong>Leaf Blade</strong>!<br></div><div class="battle-history"><small>It's not very effective...</small><br></div><div class="battle-history"><small>(The opposing Magneton lost <abbr title="−36/260">13.8%</abbr> of its health!)</small><br></div><div class="spacer battle-history"><br></div><div class="battle-history">The opposing Magneton used <strong>Flash Cannon</strong>!<br></div><div class="battle-history"><small>(Virizion lost <abbr title="−150/323">46.4%</abbr> of its health!)</small><br></div><div class="spacer battle-history"><br></div><h2 class="battle-history">Turn 28</h2><div class="spacer battle-history"><br></div><div class="battle-history">Virizion used <strong>Close Combat</strong>!<br></div><div class="battle-history"><small>It's super effective!</small><br></div><div class="battle-history"><small>(The opposing Magneton lost <abbr title="−224/260">86.2%</abbr> of its health!)</small><br></div><div class="battle-history"><small>Virizion's Defense fell!</small><br></div><div class="battle-history"><small>Virizion's Special Defense fell!</small><br></div><div class="spacer battle-history"><br></div><div class="battle-history">The opposing Magneton fainted!<br></div><div class="spacer battle-history"><br></div><div class="battle-history">BreachingTrout sent out <strong>Scyther</strong>!<br></div><div class="spacer battle-history"><br></div><h2 class="battle-history">Turn 29</h2><div class="spacer battle-history"><br></div><div class="battle-history">Virizion used <strong>Stone Edge</strong>!<br></div><div class="battle-history"><small>It's super effective!</small><br></div><div class="battle-history"><small>(The opposing Scyther lost <abbr title="−281/281">100%</abbr> of its health!)</small><br></div><div class="spacer battle-history"><br></div><div class="battle-history">The opposing Scyther fainted!<br></div><div class="spacer battle-history"><br></div><div class="battle-history">BreachingTrout sent out <strong>Gallade</strong>!<br></div><div class="spacer battle-history"><br></div><h2 class="battle-history">Turn 30</h2><div class="spacer battle-history"><br></div><div class="battle-history">Virizion, come back!<br></div><div class="battle-history">Go! <strong>Alomomola</strong>!<br></div><div class="spacer battle-history"><br></div><div class="battle-history">The opposing Gallade used <strong>Zen Headbutt</strong>!<br></div><div class="battle-history"><small>(Alomomola lost <abbr title="−114/534">21.3%</abbr> of its health!)</small><br></div><div class="spacer battle-history"><br></div><div class="battle-history"><small>Alomomola was hurt by poison!</small><br></div><div class="spacer battle-history"><br></div><h2 class="battle-history">Turn 31</h2><div class="spacer battle-history"><br></div><div class="battle-history">The opposing Gallade used <strong>Zen Headbutt</strong>!<br></div><div class="battle-history"><small>(Alomomola lost <abbr title="−109/534">20.4%</abbr> of its health!)</small><br></div><div class="spacer battle-history"><br></div><div class="battle-history">Alomomola flinched and couldn't move!<br></div><div class="spacer battle-history"><br></div><div class="battle-history"><small>Alomomola was hurt by poison!</small><br></div><div class="spacer battle-history"><br></div><h2 class="battle-history">Turn 32</h2><div class="spacer battle-history"><br></div><div class="battle-history">Alomomola, come back!<br></div><div class="battle-history">Go! <strong>Hitmontop</strong>!<br></div><div class="battle-history"><small>[Hitmontop's Intimidate]</small><br></div><div class="battle-history"><small>The opposing Gallade's Attack fell!</small><br></div><div class="spacer battle-history"><br></div><div class="battle-history">The opposing Gallade used <strong>Zen Headbutt</strong>!<br></div><div class="battle-history"><small>It's super effective!</small><br></div><div class="battle-history"><small>(Hitmontop lost <abbr title="−144/304">47.4%</abbr> of its health!)</small><br></div><div class="spacer battle-history"><br></div><div class="battle-history"><small>Hitmontop restored a little HP using its Leftovers!</small><br></div><div class="spacer battle-history"><br></div><h2 class="battle-history">Turn 33</h2><div class="spacer battle-history"><br></div><div class="battle-history">The opposing Gallade used <strong>Zen Headbutt</strong>!<br></div><div class="battle-history"><small>It's super effective!</small><br></div><div class="battle-history"><small>(Hitmontop lost <abbr title="−138/304">45.4%</abbr> of its health!)</small><br></div><div class="spacer battle-history"><br></div><div class="battle-history">Hitmontop used <strong>Toxic</strong>!<br></div><div class="battle-history"><small>The opposing Gallade was badly poisoned!</small><br></div><div class="spacer battle-history"><br></div><div class="battle-history"><small>Hitmontop restored a little HP using its Leftovers!</small><br></div><div class="battle-history"><small>The opposing Gallade was hurt by poison!</small><br></div><div class="spacer battle-history"><br></div><h2 class="battle-history">Turn 34</h2><div class="spacer battle-history"><br></div><div class="battle-history">Hitmontop, come back!<br></div><div class="battle-history">Go! <strong>Alomomola</strong>!<br></div><div class="spacer battle-history"><br></div><div class="battle-history">The opposing Gallade used <strong>Zen Headbutt</strong>!<br></div><div class="battle-history"><small>(Alomomola lost <abbr title="−79/534">14.8%</abbr> of its health!)</small><br></div><div class="spacer battle-history"><br></div><div class="battle-history"><small>The opposing Gallade was hurt by poison!</small><br></div><div class="battle-history"><small>Alomomola was hurt by poison!</small><br></div><div class="spacer battle-history"><br></div><h2 class="battle-history">Turn 35</h2><div class="spacer battle-history"><br></div><div class="battle-history">Alomomola, come back!<br></div><div class="battle-history">Go! <strong>Hitmontop</strong>!<br></div><div class="battle-history"><small>[Hitmontop's Intimidate]</small><br></div><div class="battle-history"><small>The opposing Gallade's Attack fell!</small><br></div><div class="spacer battle-history"><br></div><div class="battle-history">The opposing Gallade used <strong>Zen Headbutt</strong>!<br></div><div class="battle-history"><small>It's super effective!</small><br></div><div class="battle-history"><small>(Hitmontop lost <abbr title="−60/304">19.7%</abbr> of its health!)</small><br></div><div class="spacer battle-history"><br></div><div class="battle-history">Hitmontop fainted!<br></div><div class="spacer battle-history"><br></div><div class="battle-history"><small>The opposing Gallade was hurt by poison!</small><br></div><div class="spacer battle-history"><br></div><div class="battle-history">Go! <strong>Togetic</strong>!<br></div><div class="spacer battle-history"><br></div><h2 class="battle-history">Turn 36</h2><div class="spacer battle-history"><br></div><div class="battle-history">BreachingTrout withdrew Gallade!<br></div><div class="battle-history">BreachingTrout sent out <strong>Slowking</strong>!<br></div><div class="spacer battle-history"><br></div><div class="battle-history">Togetic used <strong>Heal Bell</strong>!<br></div><div class="battle-history"><small>A bell chimed!</small><br></div><div class="battle-history"><small>Alomomola was cured of its poisoning.</small><br></div><div class="spacer battle-history"><br></div><h2 class="battle-history">Turn 37</h2><div class="spacer battle-history"><br></div><div class="battle-history">Togetic used <strong>Roost</strong>!<br></div><div class="battle-history"><small>Togetic restored its HP.</small><br></div><div class="spacer battle-history"><br></div><div class="battle-history">The opposing Slowking used <strong>Scald</strong>!<br></div><div class="battle-history"><small>(Togetic lost <abbr title="−78/314">24.8%</abbr> of its health!)</small><br></div><div class="spacer battle-history"><br></div><h2 class="battle-history">Turn 38</h2><div class="spacer battle-history"><br></div><div class="battle-history">Togetic, come back!<br></div><div class="battle-history">Go! <strong>Cofagrigus</strong>!<br></div><div class="spacer battle-history"><br></div><div class="battle-history">The opposing Slowking used <strong>Nasty Plot</strong>!<br></div><div class="battle-history"><small>The opposing Slowking's Special Attack rose sharply!</small><br></div><div class="spacer battle-history"><br></div><div class="battle-history"><small>Cofagrigus restored a little HP using its Leftovers!</small><br></div><div class="spacer battle-history"><br></div><h2 class="battle-history">Turn 39</h2><div class="spacer battle-history"><br></div><div class="battle-history">The opposing Slowking used <strong>Future Sight</strong>!<br></div><div class="battle-history"><small>The opposing Slowking foresaw an attack!</small><br></div><div class="spacer battle-history"><br></div><div class="battle-history">Cofagrigus used <strong>Pain Split</strong>!<br></div><div class="battle-history"><small>The battlers shared their pain!</small><br></div><div class="spacer battle-history"><br></div><div class="battle-history"><small>The opposing Slowking restored a little HP using its Leftovers!</small><br></div><div class="battle-history"><small>Cofagrigus restored a little HP using its Leftovers!</small><br></div><div class="spacer battle-history"><br></div><h2 class="battle-history">Turn 40</h2><div class="spacer battle-history"><br></div><div class="battle-history">The opposing Slowking used <strong>Scald</strong>!<br></div><div class="battle-history"><small>(Cofagrigus lost <abbr title="−172/320">53.8%</abbr> of its health!)</small><br></div><div class="spacer battle-history"><br></div><div class="battle-history">Cofagrigus used <strong>Haze</strong>!<br></div><div class="battle-history"><small>All stat changes were eliminated!</small><br></div><div class="spacer battle-history"><br></div><div class="battle-history"><small>The opposing Slowking restored a little HP using its Leftovers!</small><br></div><div class="battle-history"><small>Cofagrigus restored a little HP using its Leftovers!</small><br></div><div class="spacer battle-history"><br></div><h2 class="battle-history">Turn 41</h2><div class="chat"><small>AkemiStyles joined.</small></div><div class="spacer battle-history"><br></div><div class="battle-history">The opposing Slowking used <strong>Nasty Plot</strong>!<br></div><div class="battle-history"><small>The opposing Slowking's Special Attack rose sharply!</small><br></div><div class="spacer battle-history"><br></div><div class="battle-history">Cofagrigus used <strong>Pain Split</strong>!<br></div><div class="battle-history"><small>The battlers shared their pain!</small><br></div><div class="spacer battle-history"><br></div><div class="battle-history"><small>Cofagrigus took the Future Sight attack!</small><br></div><div class="battle-history"><small>(Cofagrigus lost <abbr title="−198/320">61.9%</abbr> of its health!)</small><br></div><div class="battle-history"><small>The opposing Slowking restored a little HP using its Leftovers!</small><br></div><div class="spacer battle-history"><br></div><div class="battle-history">Cofagrigus fainted!<br></div><div class="spacer battle-history"><br></div><div class="battle-history">Go! <strong>Virizion</strong>!<br></div><div class="spacer battle-history"><br></div><h2 class="battle-history">Turn 42</h2><div class="spacer battle-history"><br></div><div class="battle-history">Virizion used <strong>Leaf Blade</strong>!<br></div><div class="battle-history"><small>It's super effective!</small><br></div><div class="battle-history"><small>(The opposing Slowking lost <abbr title="−222/394">56.3%</abbr> of its health!)</small><br></div><div class="spacer battle-history"><br></div><div class="battle-history">The opposing Slowking fainted!<br></div><div class="spacer battle-history"><br></div><div class="battle-history">BreachingTrout sent out <strong>Gallade</strong>!<br></div><div class="spacer battle-history"><br></div><h2 class="battle-history">Turn 43</h2><div class="spacer battle-history"><br></div><div class="battle-history">Virizion, come back!<br></div><div class="battle-history">Go! <strong>Alomomola</strong>!<br></div><div class="spacer battle-history"><br></div><div class="battle-history">The opposing Gallade used <strong>Zen Headbutt</strong>!<br></div><div class="battle-history"><small>(Alomomola lost <abbr title="−124/534">23.2%</abbr> of its health!)</small><br></div><div class="spacer battle-history"><br></div><div class="battle-history"><small>The opposing Gallade was hurt by poison!</small><br></div><div class="spacer battle-history"><br></div><h2 class="battle-history">Turn 44</h2><div class="spacer battle-history"><br></div><div class="battle-history">Alomomola used <strong>Protect</strong>!<br></div><div class="battle-history"><small>Alomomola protected itself!</small><br></div><div class="spacer battle-history"><br></div><div class="battle-history">The opposing Gallade used <strong>Zen Headbutt</strong>!<br></div><div class="battle-history"><small>Alomomola protected itself!</small><br></div><div class="spacer battle-history"><br></div><div class="battle-history"><small>The opposing Gallade was hurt by poison!</small><br></div><div class="spacer battle-history"><br></div><h2 class="battle-history">Turn 45</h2><div class="spacer battle-history"><br></div><div class="battle-history">The opposing Gallade used <strong>Zen Headbutt</strong>!<br></div><div class="battle-history"><small>(Alomomola lost <abbr title="−117/534">21.9%</abbr> of its health!)</small><br></div><div class="spacer battle-history"><br></div><div class="battle-history">Alomomola used <strong>Wish</strong>!<br></div><div class="spacer battle-history"><br></div><div class="battle-history"><small>The opposing Gallade was hurt by poison!</small><br></div><div class="spacer battle-history"><br></div><h2 class="battle-history">Turn 46</h2><div class="spacer battle-history"><br></div><div class="battle-history">Alomomola used <strong>Protect</strong>!<br></div><div class="battle-history"><small>Alomomola protected itself!</small><br></div><div class="spacer battle-history"><br></div><div class="battle-history">The opposing Gallade used <strong>Zen Headbutt</strong>!<br></div><div class="battle-history"><small>Alomomola protected itself!</small><br></div><div class="spacer battle-history"><br></div><div class="battle-history"><small>Alomomola's wish came true!</small><br></div><div class="battle-history"><small>The opposing Gallade was hurt by poison!</small><br></div><div class="spacer battle-history"><br></div><h2 class="battle-history">Turn 47</h2><div class="spacer battle-history"><br></div><div class="battle-history">The opposing Gallade used <strong>Zen Headbutt</strong>!<br></div><div class="battle-history"><small>(Alomomola lost <abbr title="−120/534">22.5%</abbr> of its health!)</small><br></div><div class="spacer battle-history"><br></div><div class="battle-history">Alomomola used <strong>Scald</strong>!<br></div><div class="battle-history"><small>(The opposing Gallade lost <abbr title="−9/297">3.0%</abbr> of its health!)</small><br></div><div class="spacer battle-history"><br></div><div class="battle-history">The opposing Gallade fainted!<br></div><div class="spacer battle-history"><br></div><div class="battle-history"><strong>LCezasfuck</strong> won the battle!<br></div><div class="chat"><small>AkemiStyles left.</small></div><div class="chat"><small>BreachingTrout left.</small></div></div><div class="inner-preempt"></div></div></div>
</div>
<script>
let daily = Math.floor(Date.now()/1000/60/60/24);document.write('<script src="https://play.pokemonshowdown.com/js/replay-embed.js?version'+daily+'"></'+'script>');
</script>
