<!DOCTYPE html>
<meta charset="utf-8" />
<!-- version 1 -->
<title>RU replay: soTsoT vs. Altar of evil</title>
<style>
html,body {font-family:Verdana, sans-serif;font-size:10pt;margin:0;padding:0;}body{padding:12px 0;} .battle-log {font-family:Verdana, sans-serif;font-size:10pt;} .battle-log-inline {border:1px solid #AAAAAA;background:#EEF2F5;color:black;max-width:640px;margin:0 auto 80px;padding-bottom:5px;} .battle-log .inner {padding:4px 8px 0px 8px;} .battle-log .inner-preempt {padding:0 8px 4px 8px;} .battle-log .inner-after {margin-top:0.5em;} .battle-log h2 {margin:0.5em -8px;padding:4px 8px;border:1px solid #AAAAAA;background:#E0E7EA;border-left:0;border-right:0;font-family:Verdana, sans-serif;font-size:13pt;} .battle-log .chat {vertical-align:middle;padding:3px 0 3px 0;font-size:8pt;} .battle-log .chat strong {color:#40576A;} .battle-log .chat em {padding:1px 4px 1px 3px;color:#000000;font-style:normal;} .chat.mine {background:rgba(0,0,0,0.05);margin-left:-8px;margin-right:-8px;padding-left:8px;padding-right:8px;} .spoiler {color:#BBBBBB;background:#BBBBBB;padding:0px 3px;} .spoiler:hover, .spoiler:active, .spoiler-shown {color:#000000;background:#E2E2E2;padding:0px 3px;} .spoiler a {color:#BBBBBB;} .spoiler:hover a, .spoiler:active a, .spoiler-shown a {color:#2288CC;} .chat code, .chat .spoiler:hover code, .chat .spoiler:active code, .chat .spoiler-shown code {border:1px solid #C0C0C0;background:#EEEEEE;color:black;padding:0 2px;} .chat .spoiler code {border:1px solid #CCCCCC;background:#CCCCCC;color:#CCCCCC;} .battle-log .rated {padding:3px 4px;} .battle-log .rated strong {color:white;background:#89A;padding:1px 4px;border-radius:4px;} .spacer {margin-top:0.5em;} .message-announce {background:#6688AA;color:white;padding:1px 4px 2px;} .message-announce a, .broadcast-green a, .broadcast-blue a, .broadcast-red a {color:#DDEEFF;} .broadcast-green {background-color:#559955;color:white;padding:2px 4px;} .broadcast-blue {background-color:#6688AA;color:white;padding:2px 4px;} .infobox {border:1px solid #6688AA;padding:2px 4px;} .infobox-limited {max-height:200px;overflow:auto;overflow-x:hidden;} .broadcast-red {background-color:#AA5544;color:white;padding:2px 4px;} .message-learn-canlearn {font-weight:bold;color:#228822;text-decoration:underline;} .message-learn-cannotlearn {font-weight:bold;color:#CC2222;text-decoration:underline;} .message-effect-weak {font-weight:bold;color:#CC2222;} .message-effect-resist {font-weight:bold;color:#6688AA;} .message-effect-immune {font-weight:bold;color:#666666;} .message-learn-list {margin-top:0;margin-bottom:0;} .message-throttle-notice, .message-error {color:#992222;} .message-overflow, .chat small.message-overflow {font-size:0pt;} .message-overflow::before {font-size:9pt;content:'...';} .subtle {color:#3A4A66;}
</style>
<div class="wrapper replay-wrapper" style="max-width:1180px;margin:0 auto">
<input type="hidden" name="replayid" value="ru-504609066" />
<div class="battle"></div><div class="battle-log"></div><div class="replay-controls"></div><div class="replay-controls-2"></div>
<h1 style="font-weight:normal;text-align:center"><strong>RU</strong><br /><a href="http://pokemonshowdown.com/users/sotsot" class="subtle" target="_blank">soTsoT</a> vs. <a href="http://pokemonshowdown.com/users/altarofevil" class="subtle" target="_blank">Altar of evil</a></h1>
<script type="text/plain" class="battle-log-data">|j|soTsoT
|j|Altar of evil
|player|p1|soTsoT|274
|player|p2|Altar of evil|187
|gametype|singles
|gen|6
|tier|RU
|seed|57233,4054,11863,58915
|rule|Sleep Clause Mod: Limit one foe put to sleep
|rule|Species Clause: Limit one of each Pokémon
|rule|OHKO Clause: OHKO moves are banned
|rule|Moody Clause: Moody is banned
|rule|Evasion Moves Clause: Evasion moves are banned
|rule|Endless Battle Clause: Forcing endless battles is banned
|rule|HP Percentage Mod: HP is shown in percentages
|clearpoke
|poke|p1|Aromatisse, M|item
|poke|p1|Glalie, F|item
|poke|p1|Flygon, M|item
|poke|p1|Registeel|item
|poke|p1|Druddigon, F|item
|poke|p1|Malamar, M|item
|poke|p2|Granbull, F|item
|poke|p2|Flygon, M|item
|poke|p2|Alomomola, F|item
|poke|p2|Drapion, F|item
|poke|p2|Altaria, M|item
|poke|p2|Registeel|item
|rule|Swagger Clause: Swagger is banned
|rule|Baton Pass Clause: Limit one Baton Passer, can't pass Spe and other stats simultaneously
|teampreview
|c|★Altar of evil|Hf
|c|★soTsoT|u2
|choice|team 2, team 1, team 3, team 4, team 5, team 6|team 1, team 2, team 3, team 4, team 5, team 6
|
|start
|switch|p1a: Glalie|Glalie, F|301\/301
|switch|p2a: Granbull|Granbull, F|384\/384
|-ability|p2a: Granbull|Intimidate|boost
|-unboost|p1a: Glalie|atk|1
|turn|1
|choice|switch 2|switch 6
|
|switch|p1a: Aromatisse|Aromatisse, M|406\/406
|switch|p2a: Registeel|Registeel|364\/364
|
|upkeep
|turn|2
|j|locofgdfg
|choice|switch 6|move stealthrock
|
|switch|p1a: Malamar|Malamar, M|375\/375
|move|p2a: Registeel|Stealth Rock|p1a: Malamar
|-sidestart|p1: soTsoT|move: Stealth Rock
|
|upkeep
|turn|3
|choice|move knockoff|switch 6
|
|switch|p2a: Granbull|Granbull, F|384\/384
|-ability|p2a: Granbull|Intimidate|boost
|-boost|p1a: Malamar|atk|1
|move|p1a: Malamar|Knock Off|p2a: Granbull
|-resisted|p2a: Granbull
|-damage|p2a: Granbull|311\/384
|-damage|p1a: Malamar|313\/375|[from] item: Rocky Helmet|[of] p2a: Granbull
|-enditem|p2a: Granbull|Rocky Helmet|[from] move: Knock Off|[of] p1a: Malamar
|
|-heal|p1a: Malamar|336\/375|[from] item: Leftovers
|upkeep
|turn|4
|l|locofgdfg
|choice|switch 4|move playrough
|
|switch|p1a: Registeel|Registeel|364\/364
|-damage|p1a: Registeel|342\/364|[from] Stealth Rock
|move|p2a: Granbull|Play Rough|p1a: Registeel
|-resisted|p1a: Registeel
|-damage|p1a: Registeel|299\/364
|
|-heal|p1a: Registeel|321\/364|[from] item: Leftovers
|upkeep
|turn|5
|choice|move stealthrock|move earthquake
|
|move|p1a: Registeel|Stealth Rock|p2a: Granbull
|-sidestart|p2: Altar of evil|move: Stealth Rock
|move|p2a: Granbull|Earthquake|p1a: Registeel
|-supereffective|p1a: Registeel
|-damage|p1a: Registeel|195\/364
|
|-heal|p1a: Registeel|217\/364|[from] item: Leftovers
|upkeep
|turn|6
|choice|move protect|move earthquake
|
|move|p1a: Registeel|Protect|p1a: Registeel
|-singleturn|p1a: Registeel|Protect
|move|p2a: Granbull|Earthquake|p1a: Registeel
|-activate|p1a: Registeel|move: Protect
|
|-heal|p1a: Registeel|239\/364|[from] item: Leftovers
|upkeep
|turn|7
|choice|switch 6|move earthquake
|
|switch|p1a: Aromatisse|Aromatisse, M|406\/406
|-damage|p1a: Aromatisse|356\/406|[from] Stealth Rock
|move|p2a: Granbull|Earthquake|p1a: Aromatisse
|-damage|p1a: Aromatisse|280\/406
|
|-heal|p1a: Aromatisse|305\/406|[from] item: Leftovers
|upkeep
|turn|8
|choice|move moonblast|move roar
|
|move|p1a: Aromatisse|Moonblast|p2a: Granbull
|-damage|p2a: Granbull|137\/384
|-unboost|p2a: Granbull|spa|1
|move|p2a: Granbull|Roar|p1a: Aromatisse
|drag|p1a: Flygon|Flygon, M|301\/301
|-damage|p1a: Flygon|283\/301|[from] Stealth Rock
|
|upkeep
|turn|9
|choice|switch 4|switch 2
|
|switch|p1a: Malamar|Malamar, M|336\/375
|-damage|p1a: Malamar|290\/375|[from] Stealth Rock
|switch|p2a: Flygon|Flygon, M|329\/329
|-damage|p2a: Flygon|309\/329|[from] Stealth Rock
|
|-heal|p2a: Flygon|329\/329|[from] item: Leftovers
|-heal|p1a: Malamar|313\/375|[from] item: Leftovers
|upkeep
|turn|10
|choice|switch 3|move uturn
|
|switch|p1a: Aromatisse|Aromatisse, M|305\/406
|-damage|p1a: Aromatisse|255\/406|[from] Stealth Rock
|move|p2a: Flygon|U-turn|p1a: Aromatisse
|-resisted|p1a: Aromatisse
|-damage|p1a: Aromatisse|227\/406
|choice||switch 2
|
|switch|p2a: Granbull|Granbull, F|137\/384
|-damage|p2a: Granbull|89\/384|[from] Stealth Rock
|-ability|p2a: Granbull|Intimidate|boost
|-unboost|p1a: Aromatisse|atk|1
|
|-heal|p1a: Aromatisse|252\/406|[from] item: Leftovers
|upkeep
|turn|11
|choice|move wish|move rest
|
|move|p2a: Granbull|Rest|p2a: Granbull
|-status|p2a: Granbull|slp
|-heal|p2a: Granbull|384\/384 slp|[silent]
|-status|p2a: Granbull|slp|[from] move: Rest
|move|p1a: Aromatisse|Wish|p1a: Aromatisse
|
|-heal|p1a: Aromatisse|277\/406|[from] item: Leftovers
|upkeep
|turn|12
|choice|switch 3|switch 3
|
|switch|p2a: Alomomola|Alomomola, F|501\/501
|-damage|p2a: Alomomola|439\/501|[from] Stealth Rock
|switch|p1a: Malamar|Malamar, M|313\/375
|-damage|p1a: Malamar|267\/375|[from] Stealth Rock
|
|-heal|p1a: Malamar|375\/375|[from] move: Wish|[wisher] Aromatisse
|-heal|p2a: Alomomola|470\/501|[from] item: Leftovers
|upkeep
|turn|13
|choice|move superpower|move knockoff
|
|move|p1a: Malamar|Superpower|p2a: Alomomola
|-damage|p2a: Alomomola|386\/501
|-boost|p1a: Malamar|atk|1
|-boost|p1a: Malamar|def|1
|move|p2a: Alomomola|Knock Off|p1a: Malamar
|-damage|p1a: Malamar|337\/375
|-enditem|p1a: Malamar|Leftovers|[from] move: Knock Off|[of] p2a: Alomomola
|
|-heal|p2a: Alomomola|417\/501|[from] item: Leftovers
|upkeep
|turn|14
|choice|move superpower|move wish
|
|move|p1a: Malamar|Superpower|p2a: Alomomola
|-damage|p2a: Alomomola|284\/501
|-boost|p1a: Malamar|atk|1
|-boost|p1a: Malamar|def|1
|move|p2a: Alomomola|Wish|p2a: Alomomola
|
|-heal|p2a: Alomomola|315\/501|[from] item: Leftovers
|upkeep
|turn|15
|choice|move superpower|switch 5
|
|switch|p2a: Altaria|Altaria, M|353\/353
|-damage|p2a: Altaria|265\/353|[from] Stealth Rock
|move|p1a: Malamar|Superpower|p2a: Altaria
|-resisted|p2a: Altaria
|-damage|p2a: Altaria|192\/353
|-boost|p1a: Malamar|atk|1
|-boost|p1a: Malamar|def|1
|
|-heal|p2a: Altaria|353\/353|[from] move: Wish|[wisher] Alomomola
|upkeep
|turn|16
|choice|move knockoff|move healbell
|
|move|p2a: Altaria|Heal Bell|p2a: Altaria
|-activate|p2a: Altaria|move: Heal Bell
|-curestatus|p2: Granbull|slp|[msg]
|move|p1a: Malamar|Knock Off|p2a: Altaria
|-damage|p2a: Altaria|148\/353
|-enditem|p2a: Altaria|Leftovers|[from] move: Knock Off|[of] p1a: Malamar
|
|upkeep
|turn|17
|choice|move superpower|move roost
|
|move|p2a: Altaria|Roost|p2a: Altaria
|-heal|p2a: Altaria|325\/353
|move|p1a: Malamar|Superpower|p2a: Altaria
|-damage|p2a: Altaria|155\/353
|-boost|p1a: Malamar|atk|1
|-boost|p1a: Malamar|def|1
|
|upkeep
|turn|18
|choice|move knockoff|switch 3
|
|switch|p2a: Granbull|Granbull, F|384\/384
|-damage|p2a: Granbull|336\/384|[from] Stealth Rock
|-ability|p2a: Granbull|Intimidate|boost
|-boost|p1a: Malamar|atk|1
|move|p1a: Malamar|Knock Off|p2a: Granbull
|-resisted|p2a: Granbull
|-damage|p2a: Granbull|223\/384
|
|upkeep
|turn|19
|choice|move superpower|move roar
|
|move|p1a: Malamar|Superpower|p2a: Granbull
|-resisted|p2a: Granbull
|-damage|p2a: Granbull|96\/384
|-boost|p1a: Malamar|atk|1
|-boost|p1a: Malamar|def|1
|move|p2a: Granbull|Roar|p1a: Malamar
|drag|p1a: Aromatisse|Aromatisse, M|277\/406
|-damage|p1a: Aromatisse|227\/406|[from] Stealth Rock
|
|-heal|p1a: Aromatisse|252\/406|[from] item: Leftovers
|upkeep
|turn|20
|choice|move moonblast|move rest
|
|move|p2a: Granbull|Rest|p2a: Granbull
|-status|p2a: Granbull|slp
|-heal|p2a: Granbull|384\/384 slp|[silent]
|-status|p2a: Granbull|slp|[from] move: Rest
|move|p1a: Aromatisse|Moonblast|p2a: Granbull
|-damage|p2a: Granbull|206\/384 slp
|
|-heal|p1a: Aromatisse|277\/406|[from] item: Leftovers
|upkeep
|turn|21
|choice|switch 2|switch 5
|
|switch|p2a: Alomomola|Alomomola, F|482\/501
|-damage|p2a: Alomomola|420\/501|[from] Stealth Rock
|switch|p1a: Glalie|Glalie, F|301\/301
|-damage|p1a: Glalie|226\/301|[from] Stealth Rock
|
|-heal|p2a: Alomomola|451\/501|[from] item: Leftovers
|upkeep
|turn|22
|choice|move spikes mega|switch 6
|
|switch|p2a: Registeel|Registeel|364\/364
|-damage|p2a: Registeel|342\/364|[from] Stealth Rock
|detailschange|p1a: Glalie|Glalie-Mega, F
|-mega|p1a: Glalie|Glalie|Glalitite
|move|p1a: Glalie|Spikes|p2a: Registeel
|-sidestart|p2: Altar of evil|Spikes
|
|-heal|p2a: Registeel|364\/364|[from] item: Leftovers
|upkeep
|turn|23
|choice|switch 3|move toxic
|
|switch|p1a: Malamar|Malamar, M|337\/375
|-damage|p1a: Malamar|291\/375|[from] Stealth Rock
|move|p2a: Registeel|Toxic|p1a: Malamar
|-status|p1a: Malamar|tox
|
|-damage|p1a: Malamar|268\/375 tox|[from] psn
|upkeep
|turn|24
|choice|move rest|switch 2
|
|switch|p2a: Flygon|Flygon, M|329\/329
|-damage|p2a: Flygon|309\/329|[from] Stealth Rock
|move|p1a: Malamar|Rest|p1a: Malamar
|-status|p1a: Malamar|slp
|-heal|p1a: Malamar|375\/375 slp|[silent]
|-status|p1a: Malamar|slp|[from] move: Rest
|
|-heal|p2a: Flygon|329\/329|[from] item: Leftovers
|upkeep
|turn|25
|choice|switch 4|move defog
|
|switch|p1a: Flygon|Flygon, M|283\/301
|-damage|p1a: Flygon|265\/301|[from] Stealth Rock
|move|p2a: Flygon|Defog|p1a: Flygon
|-unboost|p1a: Flygon|evasion|1
|-sideend|p1: soTsoT|Stealth Rock|[from] move: Defog|[of] p1a: Flygon
|-sideend|p2: Altar of evil|Spikes|[from] move: Defog|[of] p2a: Flygon
|-sideend|p2: Altar of evil|Stealth Rock|[from] move: Defog|[of] p2a: Flygon
|
|upkeep
|turn|26
|choice|move earthpower|move uturn
|
|move|p1a: Flygon|Earth Power|p2a: Flygon
|-immune|p2a: Flygon|[msg]|[from] ability: Levitate
|move|p2a: Flygon|U-turn|p1a: Flygon
|-damage|p1a: Flygon|192\/301
|choice||switch 6
|
|switch|p2a: Alomomola|Alomomola, F|501\/501
|
|upkeep
|turn|27
|choice|switch 6|move wish
|
|switch|p1a: Registeel|Registeel|239\/364
|move|p2a: Alomomola|Wish|p2a: Alomomola
|
|-heal|p1a: Registeel|261\/364|[from] item: Leftovers
|upkeep
|turn|28
|choice|move stealthrock|switch 3
|
|switch|p2a: Altaria|Altaria, M|155\/353
|move|p1a: Registeel|Stealth Rock|p2a: Altaria
|-sidestart|p2: Altar of evil|move: Stealth Rock
|
|-heal|p2a: Altaria|353\/353|[from] move: Wish|[wisher] Alomomola
|-heal|p1a: Registeel|283\/364|[from] item: Leftovers
|upkeep
|turn|29
|choice|move toxic|move healbell
|
|move|p2a: Altaria|Heal Bell|p2a: Altaria
|-activate|p2a: Altaria|move: Heal Bell
|-curestatus|p2: Granbull|slp|[msg]
|move|p1a: Registeel|Toxic|p2a: Altaria
|-status|p2a: Altaria|tox
|
|-heal|p1a: Registeel|305\/364|[from] item: Leftovers
|-damage|p2a: Altaria|331\/353 tox|[from] psn
|upkeep
|turn|30
|choice|move seismictoss|switch 2
|
|-curestatus|p2a: Altaria|tox|[from] ability: Natural Cure
|switch|p2a: Registeel|Registeel|364\/364
|-damage|p2a: Registeel|342\/364|[from] Stealth Rock
|move|p1a: Registeel|Seismic Toss|p2a: Registeel
|-damage|p2a: Registeel|242\/364
|
|-heal|p1a: Registeel|327\/364|[from] item: Leftovers
|-heal|p2a: Registeel|264\/364|[from] item: Leftovers
|upkeep
|turn|31
|choice|switch 5|move stealthrock
|
|switch|p1a: Druddigon|Druddigon, F|354\/354
|move|p2a: Registeel|Stealth Rock|p1a: Druddigon
|-sidestart|p1: soTsoT|move: Stealth Rock
|
|-heal|p2a: Registeel|286\/364|[from] item: Leftovers
|upkeep
|turn|32
|choice|move firepunch|move protect
|
|move|p2a: Registeel|Protect|p2a: Registeel
|-singleturn|p2a: Registeel|Protect
|move|p1a: Druddigon|Fire Punch|p2a: Registeel
|-activate|p2a: Registeel|move: Protect
|
|-heal|p2a: Registeel|308\/364|[from] item: Leftovers
|upkeep
|turn|33
|choice|move firepunch|switch 6
|
|switch|p2a: Flygon|Flygon, M|329\/329
|-damage|p2a: Flygon|309\/329|[from] Stealth Rock
|move|p1a: Druddigon|Fire Punch|p2a: Flygon
|-resisted|p2a: Flygon
|-damage|p2a: Flygon|206\/329
|
|-heal|p2a: Flygon|226\/329|[from] item: Leftovers
|upkeep
|turn|34
|choice|move gunkshot|move uturn
|
|move|p2a: Flygon|U-turn|p1a: Druddigon
|-damage|p1a: Druddigon|283\/354
|choice||switch 3
|
|switch|p2a: Alomomola|Alomomola, F|501\/501
|-damage|p2a: Alomomola|439\/501|[from] Stealth Rock
|move|p1a: Druddigon|Gunk Shot|p2a: Alomomola|[miss]
|-miss|p1a: Druddigon|p2a: Alomomola
|
|-heal|p2a: Alomomola|470\/501|[from] item: Leftovers
|upkeep
|turn|35
|choice|switch 2|move knockoff
|
|switch|p1a: Aromatisse|Aromatisse, M|277\/406
|-damage|p1a: Aromatisse|227\/406|[from] Stealth Rock
|move|p2a: Alomomola|Knock Off|p1a: Aromatisse
|-resisted|p1a: Aromatisse
|-damage|p1a: Aromatisse|203\/406
|-enditem|p1a: Aromatisse|Leftovers|[from] move: Knock Off|[of] p2a: Alomomola
|
|-heal|p2a: Alomomola|501\/501|[from] item: Leftovers
|upkeep
|turn|36
|choice|move wish|move scald
|
|move|p2a: Alomomola|Scald|p1a: Aromatisse
|-damage|p1a: Aromatisse|151\/406
|-status|p1a: Aromatisse|brn
|move|p1a: Aromatisse|Wish|p1a: Aromatisse
|
|-damage|p1a: Aromatisse|101\/406 brn|[from] brn
|upkeep
|turn|37
|choice|move aromatherapy|switch 6
|
|switch|p2a: Registeel|Registeel|308\/364
|-damage|p2a: Registeel|286\/364|[from] Stealth Rock
|move|p1a: Aromatisse|Aromatherapy|p1a: Aromatisse
|-activate|p1a: Aromatisse|move: Aromatherapy
|-curestatus|p1a: Aromatisse|brn|[msg]
|-curestatus|p1: Malamar|slp|[msg]
|
|-heal|p1a: Aromatisse|304\/406|[from] move: Wish|[wisher] Aromatisse
|-heal|p2a: Registeel|308\/364|[from] item: Leftovers
|upkeep
|turn|38
|choice|switch 4|move seismictoss
|
|switch|p1a: Malamar|Malamar, M|375\/375
|-damage|p1a: Malamar|329\/375|[from] Stealth Rock
|move|p2a: Registeel|Seismic Toss|p1a: Malamar
|-damage|p1a: Malamar|229\/375
|
|-heal|p2a: Registeel|330\/364|[from] item: Leftovers
|upkeep
|turn|39
|choice|move knockoff|switch 5
|
|switch|p2a: Granbull|Granbull, F|206\/384
|-damage|p2a: Granbull|158\/384|[from] Stealth Rock
|-ability|p2a: Granbull|Intimidate|boost
|-boost|p1a: Malamar|atk|1
|move|p1a: Malamar|Knock Off|p2a: Granbull
|-resisted|p2a: Granbull
|-damage|p2a: Granbull|113\/384
|
|upkeep
|turn|40
|choice|switch 5|move rest
|
|switch|p1a: Registeel|Registeel|327\/364
|-damage|p1a: Registeel|305\/364|[from] Stealth Rock
|move|p2a: Granbull|Rest|p2a: Granbull
|-status|p2a: Granbull|slp
|-heal|p2a: Granbull|384\/384 slp|[silent]
|-status|p2a: Granbull|slp|[from] move: Rest
|
|-heal|p1a: Registeel|327\/364|[from] item: Leftovers
|upkeep
|turn|41
|choice|move seismictoss|switch 5
|
|switch|p2a: Registeel|Registeel|330\/364
|-damage|p2a: Registeel|308\/364|[from] Stealth Rock
|move|p1a: Registeel|Seismic Toss|p2a: Registeel
|-damage|p2a: Registeel|208\/364
|
|-heal|p2a: Registeel|230\/364|[from] item: Leftovers
|-heal|p1a: Registeel|349\/364|[from] item: Leftovers
|upkeep
|turn|42
|choice|move seismictoss|move protect
|
|move|p2a: Registeel|Protect|p2a: Registeel
|-singleturn|p2a: Registeel|Protect
|move|p1a: Registeel|Seismic Toss|p2a: Registeel
|-activate|p2a: Registeel|move: Protect
|
|-heal|p2a: Registeel|252\/364|[from] item: Leftovers
|-heal|p1a: Registeel|364\/364|[from] item: Leftovers
|upkeep
|turn|43
|choice|move seismictoss|switch 6
|
|switch|p2a: Alomomola|Alomomola, F|501\/501
|-damage|p2a: Alomomola|439\/501|[from] Stealth Rock
|move|p1a: Registeel|Seismic Toss|p2a: Alomomola
|-damage|p2a: Alomomola|339\/501
|
|-heal|p2a: Alomomola|370\/501|[from] item: Leftovers
|upkeep
|turn|44
|choice|move toxic|move knockoff
|
|move|p2a: Alomomola|Knock Off|p1a: Registeel
|-damage|p1a: Registeel|328\/364
|-enditem|p1a: Registeel|Leftovers|[from] move: Knock Off|[of] p2a: Alomomola
|move|p1a: Registeel|Toxic|p2a: Alomomola
|-status|p2a: Alomomola|tox
|
|-heal|p2a: Alomomola|401\/501 tox|[from] item: Leftovers
|-damage|p2a: Alomomola|370\/501 tox|[from] psn
|upkeep
|turn|45
|choice|switch 3|move scald
|
|switch|p1a: Glalie|Glalie-Mega, F|226\/301
|-damage|p1a: Glalie|151\/301|[from] Stealth Rock
|move|p2a: Alomomola|Scald|p1a: Glalie
|-damage|p1a: Glalie|90\/301
|-status|p1a: Glalie|brn
|
|-heal|p2a: Alomomola|401\/501 tox|[from] item: Leftovers
|-damage|p1a: Glalie|53\/301 brn|[from] brn
|-damage|p2a: Alomomola|339\/501 tox|[from] psn
|upkeep
|turn|46
|choice|move spikes|switch 6
|
|switch|p2a: Registeel|Registeel|252\/364
|-damage|p2a: Registeel|230\/364|[from] Stealth Rock
|move|p1a: Glalie|Spikes|p2a: Registeel
|-sidestart|p2: Altar of evil|Spikes
|
|-heal|p2a: Registeel|252\/364|[from] item: Leftovers
|-damage|p1a: Glalie|16\/301 brn|[from] brn
|upkeep
|turn|47
|choice|switch 5|move seismictoss
|
|switch|p1a: Malamar|Malamar, M|229\/375
|-damage|p1a: Malamar|183\/375|[from] Stealth Rock
|move|p2a: Registeel|Seismic Toss|p1a: Malamar
|-damage|p1a: Malamar|83\/375
|
|-heal|p2a: Registeel|274\/364|[from] item: Leftovers
|upkeep
|turn|48
|choice|move rest|switch 3
|
|switch|p2a: Flygon|Flygon, M|226\/329
|-damage|p2a: Flygon|206\/329|[from] Stealth Rock
|move|p1a: Malamar|Rest|p1a: Malamar
|-status|p1a: Malamar|slp
|-heal|p1a: Malamar|375\/375 slp|[silent]
|-status|p1a: Malamar|slp|[from] move: Rest
|
|-heal|p2a: Flygon|226\/329|[from] item: Leftovers
|upkeep
|turn|49
|choice|move sleeptalk|move defog
|
|move|p2a: Flygon|Defog|p1a: Malamar
|-boost|p1a: Malamar|evasion|1
|-sideend|p1: soTsoT|Stealth Rock|[from] move: Defog|[of] p1a: Malamar
|-sideend|p2: Altar of evil|Spikes|[from] move: Defog|[of] p2a: Flygon
|-sideend|p2: Altar of evil|Stealth Rock|[from] move: Defog|[of] p2a: Flygon
|cant|p1a: Malamar|slp
|move|p1a: Malamar|Sleep Talk|p1a: Malamar
|move|p1a: Malamar|Rest|p1a: Malamar|[from]Sleep Talk
|-fail|p1a: Malamar
|
|-heal|p2a: Flygon|246\/329|[from] item: Leftovers
|upkeep
|turn|50
|choice|move sleeptalk|move uturn
|
|move|p2a: Flygon|U-turn|p1a: Malamar
|-supereffective|p1a: Malamar
|-damage|p1a: Malamar|67\/375 slp
|choice||switch 4
|
|switch|p2a: Drapion|Drapion, F|281\/281
|cant|p1a: Malamar|slp
|move|p1a: Malamar|Sleep Talk|p1a: Malamar
|move|p1a: Malamar|Superpower|p2a: Drapion|[from]Sleep Talk
|-damage|p2a: Drapion|205\/281
|-boost|p1a: Malamar|atk|1
|-boost|p1a: Malamar|def|1
|
|upkeep
|turn|51
|choice|move rest|move knockoff
|
|move|p2a: Drapion|Knock Off|p1a: Malamar|[miss]
|-miss|p2a: Drapion|p1a: Malamar
|-curestatus|p1a: Malamar|slp|[msg]
|move|p1a: Malamar|Rest|p1a: Malamar
|-status|p1a: Malamar|slp
|-heal|p1a: Malamar|375\/375 slp|[silent]
|-status|p1a: Malamar|slp|[from] move: Rest
|
|upkeep
|turn|52
|choice|move sleeptalk|switch 5
|
|switch|p2a: Granbull|Granbull, F|384\/384 slp
|-ability|p2a: Granbull|Intimidate|boost
|-boost|p1a: Malamar|atk|1
|cant|p1a: Malamar|slp
|move|p1a: Malamar|Sleep Talk|p1a: Malamar
|move|p1a: Malamar|Superpower|p2a: Granbull|[from]Sleep Talk
|-resisted|p2a: Granbull
|-damage|p2a: Granbull|309\/384 slp
|-boost|p1a: Malamar|atk|1
|-boost|p1a: Malamar|def|1
|
|upkeep
|turn|53
|choice|move sleeptalk|move playrough
|
|cant|p1a: Malamar|slp
|move|p1a: Malamar|Sleep Talk|p1a: Malamar
|move|p1a: Malamar|Knock Off|p2a: Granbull|[from]Sleep Talk
|-resisted|p2a: Granbull
|-damage|p2a: Granbull|230\/384 slp
|cant|p2a: Granbull|slp
|
|upkeep
|turn|54
|choice|move superpower|move roar
|
|-curestatus|p1a: Malamar|slp|[msg]
|move|p1a: Malamar|Superpower|p2a: Granbull
|-resisted|p2a: Granbull
|-damage|p2a: Granbull|140\/384 slp
|-boost|p1a: Malamar|atk|1
|-boost|p1a: Malamar|def|1
|cant|p2a: Granbull|slp
|
|upkeep
|turn|55
|choice|move knockoff|move roar
|
|move|p1a: Malamar|Knock Off|p2a: Granbull
|-resisted|p2a: Granbull
|-damage|p2a: Granbull|50\/384 slp
|-curestatus|p2a: Granbull|slp|[msg]
|move|p2a: Granbull|Roar|p1a: Malamar
|drag|p1a: Registeel|Registeel|328\/364
|
|upkeep
|turn|56
|choice|move seismictoss|switch 4
|
|switch|p2a: Flygon|Flygon, M|246\/329
|move|p1a: Registeel|Seismic Toss|p2a: Flygon
|-damage|p2a: Flygon|146\/329
|
|-heal|p2a: Flygon|166\/329|[from] item: Leftovers
|upkeep
|turn|57
|choice|move toxic|move earthquake
|
|move|p2a: Flygon|Earthquake|p1a: Registeel
|-supereffective|p1a: Registeel
|-damage|p1a: Registeel|128\/364
|move|p1a: Registeel|Toxic|p2a: Flygon
|-status|p2a: Flygon|tox
|
|-heal|p2a: Flygon|186\/329 tox|[from] item: Leftovers
|-damage|p2a: Flygon|166\/329 tox|[from] psn
|upkeep
|turn|58
|choice|switch 2|move roost
|
|switch|p1a: Druddigon|Druddigon, F|283\/354
|move|p2a: Flygon|Roost|p2a: Flygon
|-heal|p2a: Flygon|329\/329 tox
|
|-damage|p2a: Flygon|289\/329 tox|[from] psn
|upkeep
|turn|59
|choice|move dragonclaw|switch 6
|
|switch|p2a: Alomomola|Alomomola, F|501\/501 tox
|move|p1a: Druddigon|Dragon Claw|p2a: Alomomola
|-crit|p2a: Alomomola
|-damage|p2a: Alomomola|227\/501 tox
|-damage|p1a: Druddigon|248\/354|[from] item: Life Orb
|
|-heal|p2a: Alomomola|258\/501 tox|[from] item: Leftovers
|-damage|p2a: Alomomola|227\/501 tox|[from] psn
|upkeep
|turn|60
|choice|move gunkshot|switch 3
|
|switch|p2a: Registeel|Registeel|274\/364
|move|p1a: Druddigon|Gunk Shot|p2a: Registeel
|-immune|p2a: Registeel|[msg]
|
|-heal|p2a: Registeel|296\/364|[from] item: Leftovers
|upkeep
|turn|61
|choice|move firepunch|move protect
|
|move|p2a: Registeel|Protect|p2a: Registeel
|-singleturn|p2a: Registeel|Protect
|move|p1a: Druddigon|Fire Punch|p2a: Registeel
|-activate|p2a: Registeel|move: Protect
|
|-heal|p2a: Registeel|318\/364|[from] item: Leftovers
|upkeep
|turn|62
|choice|move firepunch|move seismictoss
|
|move|p1a: Druddigon|Fire Punch|p2a: Registeel
|-supereffective|p2a: Registeel
|-crit|p2a: Registeel
|-damage|p2a: Registeel|0 fnt
|faint|p2a: Registeel
|
|upkeep
|c|★soTsoT|sorry
|c|★Altar of evil|lol
|choice||switch 3
|
|switch|p2a: Alomomola|Alomomola, F|394\/501 tox
|turn|63
|choice|move gunkshot|move wish
|
|move|p2a: Alomomola|Wish|p2a: Alomomola
|move|p1a: Druddigon|Gunk Shot|p2a: Alomomola
|-damage|p2a: Alomomola|173\/501 tox
|
|-heal|p2a: Alomomola|204\/501 tox|[from] item: Leftovers
|-damage|p2a: Alomomola|173\/501 tox|[from] psn
|upkeep
|turn|64
|choice|move firepunch|move knockoff
|
|move|p2a: Alomomola|Knock Off|p1a: Druddigon
|-damage|p1a: Druddigon|186\/354
|-enditem|p1a: Druddigon|Life Orb|[from] move: Knock Off|[of] p2a: Alomomola
|move|p1a: Druddigon|Fire Punch|p2a: Alomomola
|-resisted|p2a: Alomomola
|-damage|p2a: Alomomola|118\/501 tox
|
|-heal|p2a: Alomomola|368\/501 tox|[from] move: Wish|[wisher] Alomomola
|-heal|p2a: Alomomola|399\/501 tox|[from] item: Leftovers
|-damage|p2a: Alomomola|337\/501 tox|[from] psn
|upkeep
|turn|65
|choice|move gunkshot|move wish
|
|move|p2a: Alomomola|Wish|p2a: Alomomola
|move|p1a: Druddigon|Gunk Shot|p2a: Alomomola
|-damage|p2a: Alomomola|157\/501 tox
|
|-heal|p2a: Alomomola|188\/501 tox|[from] item: Leftovers
|-damage|p2a: Alomomola|95\/501 tox|[from] psn
|upkeep
|turn|66
|choice|move dragonclaw|switch 5
|
|switch|p2a: Drapion|Drapion, F|205\/281
|move|p1a: Druddigon|Dragon Claw|p2a: Drapion
|-damage|p2a: Drapion|60\/281
|
|-heal|p2a: Drapion|281\/281|[from] move: Wish|[wisher] Alomomola
|upkeep
|turn|67
|choice|move dragonclaw|move pursuit
|
|move|p2a: Drapion|Pursuit|p1a: Druddigon
|-damage|p1a: Druddigon|129\/354
|move|p1a: Druddigon|Dragon Claw|p2a: Drapion
|-damage|p2a: Drapion|136\/281
|
|upkeep
|turn|68
|choice|move firepunch|switch 4
|
|switch|p2a: Granbull|Granbull, F|50\/384
|-ability|p2a: Granbull|Intimidate|boost
|-unboost|p1a: Druddigon|atk|1
|move|p1a: Druddigon|Fire Punch|p2a: Granbull
|-damage|p2a: Granbull|0 fnt
|faint|p2a: Granbull
|
|upkeep
|c|★Altar of evil|Yh gg
|-message|Altar of evil forfeited.
|
|win|soTsoT
|player|p1
|player|p2
|l|Altar of evil
|c|★soTsoT|gg</script>
</div>
<div class="battle-log battle-log-inline"><div class="inner"><div class="battle-options"></div><div class="inner"><div class="chat"><small>soTsoT joined.</small></div><div class="chat"><small>Altar of evil joined.</small></div><div class=""><small>Format:</small> <br><strong>RU</strong></div><div class=""><small><em>Sleep Clause Mod:</em> Limit one foe put to sleep</small></div><div class=""><small><em>Species Clause:</em> Limit one of each Pokémon</small></div><div class=""><small><em>OHKO Clause:</em> OHKO moves are banned</small></div><div class=""><small><em>Moody Clause:</em> Moody is banned</small></div><div class=""><small><em>Evasion Moves Clause:</em> Evasion moves are banned</small></div><div class=""><small><em>Endless Battle Clause:</em> Forcing endless battles is banned</small></div><div class=""><small><em>HP Percentage Mod:</em> HP is shown in percentages</small></div><div class=""><small><em>Swagger Clause:</em> Swagger is banned</small></div><div class=""><small><em>Baton Pass Clause:</em> Limit one Baton Passer, can't pass Spe and other stats simultaneously</small></div><div class="chat battle-history"><strong>soTsoT's team:</strong> <em style="color:#445566;display:block;">Aromatisse / Glalie / Flygon / Registeel / Druddigon / Malamar</em></div><div class="chat battle-history"><strong>Altar of evil's team:</strong> <em style="color:#445566;display:block;">Granbull / Flygon / Alomomola / Drapion / Altaria / Registeel</em></div><div class="chat chatmessage-altarofevil"><strong style="color:hsl(352,56%,50.80591301027059%)"><small>★</small><span class="username" data-name="Altar of evil">Altar of evil</span>:</strong> <em>Hf</em></div><div class="chat chatmessage-sotsot"><strong style="color:hsl(262,40%,57.969621826280196%)"><small>★</small><span class="username" data-name="soTsoT">soTsoT</span>:</strong> <em>u2</em></div><div class="spacer battle-history"><br></div><div class="battle-history">Battle started between soTsoT and Altar of evil!<br></div><div class="spacer battle-history"><br></div><div class="battle-history">Go! <strong>Glalie</strong>!<br></div><div class="spacer battle-history"><br></div><div class="battle-history">Altar of evil sent out <strong>Granbull</strong>!<br></div><div class="battle-history"><small>[The opposing Granbull's Intimidate]</small><br></div><div class="battle-history"><small>Glalie's Attack fell!</small><br></div><div class="spacer battle-history"><br></div><h2 class="battle-history">Turn 1</h2><div class="spacer battle-history"><br></div><div class="battle-history">Glalie, come back!<br></div><div class="battle-history">Go! <strong>Aromatisse</strong>!<br></div><div class="spacer battle-history"><br></div><div class="battle-history">Altar of evil withdrew Granbull!<br></div><div class="battle-history">Altar of evil sent out <strong>Registeel</strong>!<br></div><div class="spacer battle-history"><br></div><h2 class="battle-history">Turn 2</h2><div class="chat"><small>locofgdfg joined.</small></div><div class="spacer battle-history"><br></div><div class="battle-history">Aromatisse, come back!<br></div><div class="battle-history">Go! <strong>Malamar</strong>!<br></div><div class="spacer battle-history"><br></div><div class="battle-history">The opposing Registeel used <strong>Stealth Rock</strong>!<br></div><div class="battle-history"><small>Pointed stones float in the air around your team!</small><br></div><div class="spacer battle-history"><br></div><h2 class="battle-history">Turn 3</h2><div class="spacer battle-history"><br></div><div class="battle-history">Altar of evil withdrew Registeel!<br></div><div class="battle-history">Altar of evil sent out <strong>Granbull</strong>!<br></div><div class="battle-history"><small>[The opposing Granbull's Intimidate]</small><br></div><div class="battle-history"><small>Malamar's Attack rose!</small><br></div><div class="spacer battle-history"><br></div><div class="battle-history">Malamar used <strong>Knock Off</strong>!<br></div><div class="battle-history"><small>It's not very effective...</small><br></div><div class="battle-history"><small>(The opposing Granbull lost <abbr title="−73/384">19.0%</abbr> of its health!)</small><br></div><div class="battle-history"><small>Malamar was hurt by the Rocky Helmet!</small><br></div><div class="battle-history"><small>Malamar knocked off the opposing Granbull's Rocky Helmet!</small><br></div><div class="spacer battle-history"><br></div><div class="battle-history"><small>Malamar restored a little HP using its Leftovers!</small><br></div><div class="spacer battle-history"><br></div><h2 class="battle-history">Turn 4</h2><div class="chat"><small>locofgdfg left.</small></div><div class="spacer battle-history"><br></div><div class="battle-history">Malamar, come back!<br></div><div class="battle-history">Go! <strong>Registeel</strong>!<br></div><div class="battle-history"><small>Pointed stones dug into Registeel!</small><br></div><div class="spacer battle-history"><br></div><div class="battle-history">The opposing Granbull used <strong>Play Rough</strong>!<br></div><div class="battle-history"><small>It's not very effective...</small><br></div><div class="battle-history"><small>(Registeel lost <abbr title="−43/364">11.8%</abbr> of its health!)</small><br></div><div class="spacer battle-history"><br></div><div class="battle-history"><small>Registeel restored a little HP using its Leftovers!</small><br></div><div class="spacer battle-history"><br></div><h2 class="battle-history">Turn 5</h2><div class="spacer battle-history"><br></div><div class="battle-history">Registeel used <strong>Stealth Rock</strong>!<br></div><div class="battle-history"><small>Pointed stones float in the air around the opposing team!</small><br></div><div class="spacer battle-history"><br></div><div class="battle-history">The opposing Granbull used <strong>Earthquake</strong>!<br></div><div class="battle-history"><small>It's super effective!</small><br></div><div class="battle-history"><small>(Registeel lost <abbr title="−126/364">34.6%</abbr> of its health!)</small><br></div><div class="spacer battle-history"><br></div><div class="battle-history"><small>Registeel restored a little HP using its Leftovers!</small><br></div><div class="spacer battle-history"><br></div><h2 class="battle-history">Turn 6</h2><div class="spacer battle-history"><br></div><div class="battle-history">Registeel used <strong>Protect</strong>!<br></div><div class="battle-history"><small>Registeel protected itself!</small><br></div><div class="spacer battle-history"><br></div><div class="battle-history">The opposing Granbull used <strong>Earthquake</strong>!<br></div><div class="battle-history"><small>Registeel protected itself!</small><br></div><div class="spacer battle-history"><br></div><div class="battle-history"><small>Registeel restored a little HP using its Leftovers!</small><br></div><div class="spacer battle-history"><br></div><h2 class="battle-history">Turn 7</h2><div class="spacer battle-history"><br></div><div class="battle-history">Registeel, come back!<br></div><div class="battle-history">Go! <strong>Aromatisse</strong>!<br></div><div class="battle-history"><small>Pointed stones dug into Aromatisse!</small><br></div><div class="spacer battle-history"><br></div><div class="battle-history">The opposing Granbull used <strong>Earthquake</strong>!<br></div><div class="battle-history"><small>(Aromatisse lost <abbr title="−76/406">18.7%</abbr> of its health!)</small><br></div><div class="spacer battle-history"><br></div><div class="battle-history"><small>Aromatisse restored a little HP using its Leftovers!</small><br></div><div class="spacer battle-history"><br></div><h2 class="battle-history">Turn 8</h2><div class="spacer battle-history"><br></div><div class="battle-history">Aromatisse used <strong>Moonblast</strong>!<br></div><div class="battle-history"><small>(The opposing Granbull lost <abbr title="−174/384">45.3%</abbr> of its health!)</small><br></div><div class="battle-history"><small>The opposing Granbull's Special Attack fell!</small><br></div><div class="spacer battle-history"><br></div><div class="battle-history">The opposing Granbull used <strong>Roar</strong>!<br></div><div class="spacer battle-history"><br></div><div class="battle-history"><strong>Flygon</strong> was dragged out!<br></div><div class="battle-history"><small>Pointed stones dug into Flygon!</small><br></div><div class="spacer battle-history"><br></div><h2 class="battle-history">Turn 9</h2><div class="spacer battle-history"><br></div><div class="battle-history">Flygon, come back!<br></div><div class="battle-history">Go! <strong>Malamar</strong>!<br></div><div class="battle-history"><small>Pointed stones dug into Malamar!</small><br></div><div class="spacer battle-history"><br></div><div class="battle-history">Altar of evil withdrew Granbull!<br></div><div class="battle-history">Altar of evil sent out <strong>Flygon</strong>!<br></div><div class="battle-history"><small>Pointed stones dug into the opposing Flygon!</small><br></div><div class="spacer battle-history"><br></div><div class="battle-history"><small>The opposing Flygon restored a little HP using its Leftovers!</small><br></div><div class="battle-history"><small>Malamar restored a little HP using its Leftovers!</small><br></div><div class="spacer battle-history"><br></div><h2 class="battle-history">Turn 10</h2><div class="spacer battle-history"><br></div><div class="battle-history">Malamar, come back!<br></div><div class="battle-history">Go! <strong>Aromatisse</strong>!<br></div><div class="battle-history"><small>Pointed stones dug into Aromatisse!</small><br></div><div class="spacer battle-history"><br></div><div class="battle-history">The opposing Flygon used <strong>U-turn</strong>!<br></div><div class="battle-history"><small>It's not very effective...</small><br></div><div class="battle-history"><small>(Aromatisse lost <abbr title="−28/406">6.9%</abbr> of its health!)</small><br></div><div class="spacer battle-history"><br></div><div class="battle-history">The opposing Flygon went back to Altar of evil!<br></div><div class="battle-history">Altar of evil sent out <strong>Granbull</strong>!<br></div><div class="battle-history"><small>Pointed stones dug into the opposing Granbull!</small><br></div><div class="battle-history"><small>[The opposing Granbull's Intimidate]</small><br></div><div class="battle-history"><small>Aromatisse's Attack fell!</small><br></div><div class="spacer battle-history"><br></div><div class="battle-history"><small>Aromatisse restored a little HP using its Leftovers!</small><br></div><div class="spacer battle-history"><br></div><h2 class="battle-history">Turn 11</h2><div class="spacer battle-history"><br></div><div class="battle-history">The opposing Granbull used <strong>Rest</strong>!<br></div><div class="battle-history"><small>The opposing Granbull fell asleep!</small><br></div><div class="battle-history"><small>The opposing Granbull slept and became healthy!</small><br></div><div class="spacer battle-history"><br></div><div class="battle-history">Aromatisse used <strong>Wish</strong>!<br></div><div class="spacer battle-history"><br></div><div class="battle-history"><small>Aromatisse restored a little HP using its Leftovers!</small><br></div><div class="spacer battle-history"><br></div><h2 class="battle-history">Turn 12</h2><div class="spacer battle-history"><br></div><div class="battle-history">Altar of evil withdrew Granbull!<br></div><div class="battle-history">Altar of evil sent out <strong>Alomomola</strong>!<br></div><div class="battle-history"><small>Pointed stones dug into the opposing Alomomola!</small><br></div><div class="spacer battle-history"><br></div><div class="battle-history">Aromatisse, come back!<br></div><div class="battle-history">Go! <strong>Malamar</strong>!<br></div><div class="battle-history"><small>Pointed stones dug into Malamar!</small><br></div><div class="spacer battle-history"><br></div><div class="battle-history"><small>Aromatisse's wish came true!</small><br></div><div class="battle-history"><small>The opposing Alomomola restored a little HP using its Leftovers!</small><br></div><div class="spacer battle-history"><br></div><h2 class="battle-history">Turn 13</h2><div class="spacer battle-history"><br></div><div class="battle-history">Malamar used <strong>Superpower</strong>!<br></div><div class="battle-history"><small>(The opposing Alomomola lost <abbr title="−84/501">16.8%</abbr> of its health!)</small><br></div><div class="battle-history"><small>Malamar's Attack rose!</small><br></div><div class="battle-history"><small>Malamar's Defense rose!</small><br></div><div class="spacer battle-history"><br></div><div class="battle-history">The opposing Alomomola used <strong>Knock Off</strong>!<br></div><div class="battle-history"><small>(Malamar lost <abbr title="−38/375">10.1%</abbr> of its health!)</small><br></div><div class="battle-history"><small>The opposing Alomomola knocked off Malamar's Leftovers!</small><br></div><div class="spacer battle-history"><br></div><div class="battle-history"><small>The opposing Alomomola restored a little HP using its Leftovers!</small><br></div><div class="spacer battle-history"><br></div><h2 class="battle-history">Turn 14</h2><div class="spacer battle-history"><br></div><div class="battle-history">Malamar used <strong>Superpower</strong>!<br></div><div class="battle-history"><small>(The opposing Alomomola lost <abbr title="−133/501">26.5%</abbr> of its health!)</small><br></div><div class="battle-history"><small>Malamar's Attack rose!</small><br></div><div class="battle-history"><small>Malamar's Defense rose!</small><br></div><div class="spacer battle-history"><br></div><div class="battle-history">The opposing Alomomola used <strong>Wish</strong>!<br></div><div class="spacer battle-history"><br></div><div class="battle-history"><small>The opposing Alomomola restored a little HP using its Leftovers!</small><br></div><div class="spacer battle-history"><br></div><h2 class="battle-history">Turn 15</h2><div class="spacer battle-history"><br></div><div class="battle-history">Altar of evil withdrew Alomomola!<br></div><div class="battle-history">Altar of evil sent out <strong>Altaria</strong>!<br></div><div class="battle-history"><small>Pointed stones dug into the opposing Altaria!</small><br></div><div class="spacer battle-history"><br></div><div class="battle-history">Malamar used <strong>Superpower</strong>!<br></div><div class="battle-history"><small>It's not very effective...</small><br></div><div class="battle-history"><small>(The opposing Altaria lost <abbr title="−73/353">20.7%</abbr> of its health!)</small><br></div><div class="battle-history"><small>Malamar's Attack rose!</small><br></div><div class="battle-history"><small>Malamar's Defense rose!</small><br></div><div class="spacer battle-history"><br></div><div class="battle-history"><small>Alomomola's wish came true!</small><br></div><div class="spacer battle-history"><br></div><h2 class="battle-history">Turn 16</h2><div class="spacer battle-history"><br></div><div class="battle-history">The opposing Altaria used <strong>Heal Bell</strong>!<br></div><div class="battle-history"><small>A bell chimed!</small><br></div><div class="battle-history"><small>The opposing Granbull woke up!</small><br></div><div class="spacer battle-history"><br></div><div class="battle-history">Malamar used <strong>Knock Off</strong>!<br></div><div class="battle-history"><small>(The opposing Altaria lost <abbr title="−205/353">58.1%</abbr> of its health!)</small><br></div><div class="battle-history"><small>Malamar knocked off the opposing Altaria's Leftovers!</small><br></div><div class="spacer battle-history"><br></div><h2 class="battle-history">Turn 17</h2><div class="spacer battle-history"><br></div><div class="battle-history">The opposing Altaria used <strong>Roost</strong>!<br></div><div class="battle-history"><small>The opposing Altaria restored its HP.</small><br></div><div class="spacer battle-history"><br></div><div class="battle-history">Malamar used <strong>Superpower</strong>!<br></div><div class="battle-history"><small>(The opposing Altaria lost <abbr title="−170/353">48.2%</abbr> of its health!)</small><br></div><div class="battle-history"><small>Malamar's Attack rose!</small><br></div><div class="battle-history"><small>Malamar's Defense rose!</small><br></div><div class="spacer battle-history"><br></div><h2 class="battle-history">Turn 18</h2><div class="spacer battle-history"><br></div><div class="battle-history">Altar of evil withdrew Altaria!<br></div><div class="battle-history">Altar of evil sent out <strong>Granbull</strong>!<br></div><div class="battle-history"><small>Pointed stones dug into the opposing Granbull!</small><br></div><div class="battle-history"><small>[The opposing Granbull's Intimidate]</small><br></div><div class="battle-history"><small>Malamar's Attack rose!</small><br></div><div class="spacer battle-history"><br></div><div class="battle-history">Malamar used <strong>Knock Off</strong>!<br></div><div class="battle-history"><small>It's not very effective...</small><br></div><div class="battle-history"><small>(The opposing Granbull lost <abbr title="−113/384">29.4%</abbr> of its health!)</small><br></div><div class="spacer battle-history"><br></div><h2 class="battle-history">Turn 19</h2><div class="spacer battle-history"><br></div><div class="battle-history">Malamar used <strong>Superpower</strong>!<br></div><div class="battle-history"><small>It's not very effective...</small><br></div><div class="battle-history"><small>(The opposing Granbull lost <abbr title="−127/384">33.1%</abbr> of its health!)</small><br></div><div class="battle-history"><small>Malamar's Attack rose!</small><br></div><div class="battle-history"><small>Malamar's Defense rose!</small><br></div><div class="spacer battle-history"><br></div><div class="battle-history">The opposing Granbull used <strong>Roar</strong>!<br></div><div class="spacer battle-history"><br></div><div class="battle-history"><strong>Aromatisse</strong> was dragged out!<br></div><div class="battle-history"><small>Pointed stones dug into Aromatisse!</small><br></div><div class="spacer battle-history"><br></div><div class="battle-history"><small>Aromatisse restored a little HP using its Leftovers!</small><br></div><div class="spacer battle-history"><br></div><h2 class="battle-history">Turn 20</h2><div class="spacer battle-history"><br></div><div class="battle-history">The opposing Granbull used <strong>Rest</strong>!<br></div><div class="battle-history"><small>The opposing Granbull fell asleep!</small><br></div><div class="battle-history"><small>The opposing Granbull slept and became healthy!</small><br></div><div class="spacer battle-history"><br></div><div class="battle-history">Aromatisse used <strong>Moonblast</strong>!<br></div><div class="battle-history"><small>(The opposing Granbull lost <abbr title="−178/384">46.4%</abbr> of its health!)</small><br></div><div class="spacer battle-history"><br></div><div class="battle-history"><small>Aromatisse restored a little HP using its Leftovers!</small><br></div><div class="spacer battle-history"><br></div><h2 class="battle-history">Turn 21</h2><div class="spacer battle-history"><br></div><div class="battle-history">Altar of evil withdrew Granbull!<br></div><div class="battle-history">Altar of evil sent out <strong>Alomomola</strong>!<br></div><div class="battle-history"><small>Pointed stones dug into the opposing Alomomola!</small><br></div><div class="spacer battle-history"><br></div><div class="battle-history">Aromatisse, come back!<br></div><div class="battle-history">Go! <strong>Glalie</strong>!<br></div><div class="battle-history"><small>Pointed stones dug into Glalie!</small><br></div><div class="spacer battle-history"><br></div><div class="battle-history"><small>The opposing Alomomola restored a little HP using its Leftovers!</small><br></div><div class="spacer battle-history"><br></div><h2 class="battle-history">Turn 22</h2><div class="spacer battle-history"><br></div><div class="battle-history">Altar of evil withdrew Alomomola!<br></div><div class="battle-history">Altar of evil sent out <strong>Registeel</strong>!<br></div><div class="battle-history"><small>Pointed stones dug into the opposing Registeel!</small><br></div><div class="spacer battle-history"><br></div><div class="battle-history"><small>Glalie's Glalitite is reacting to soTsoT's Mega Bracelet!</small><br>Glalie has Mega Evolved into Mega Glalie!<br></div><div class="spacer battle-history"><br></div><div class="battle-history">Glalie used <strong>Spikes</strong>!<br></div><div class="battle-history"><small>Spikes were scattered on the ground all around the opposing team!</small><br></div><div class="spacer battle-history"><br></div><div class="battle-history"><small>The opposing Registeel restored a little HP using its Leftovers!</small><br></div><div class="spacer battle-history"><br></div><h2 class="battle-history">Turn 23</h2><div class="spacer battle-history"><br></div><div class="battle-history">Glalie, come back!<br></div><div class="battle-history">Go! <strong>Malamar</strong>!<br></div><div class="battle-history"><small>Pointed stones dug into Malamar!</small><br></div><div class="spacer battle-history"><br></div><div class="battle-history">The opposing Registeel used <strong>Toxic</strong>!<br></div><div class="battle-history"><small>Malamar was badly poisoned!</small><br></div><div class="spacer battle-history"><br></div><div class="battle-history"><small>Malamar was hurt by poison!</small><br></div><div class="spacer battle-history"><br></div><h2 class="battle-history">Turn 24</h2><div class="spacer battle-history"><br></div><div class="battle-history">Altar of evil withdrew Registeel!<br></div><div class="battle-history">Altar of evil sent out <strong>Flygon</strong>!<br></div><div class="battle-history"><small>Pointed stones dug into the opposing Flygon!</small><br></div><div class="spacer battle-history"><br></div><div class="battle-history">Malamar used <strong>Rest</strong>!<br></div><div class="battle-history"><small>Malamar fell asleep!</small><br></div><div class="battle-history"><small>Malamar slept and became healthy!</small><br></div><div class="spacer battle-history"><br></div><div class="battle-history"><small>The opposing Flygon restored a little HP using its Leftovers!</small><br></div><div class="spacer battle-history"><br></div><h2 class="battle-history">Turn 25</h2><div class="spacer battle-history"><br></div><div class="battle-history">Malamar, come back!<br></div><div class="battle-history">Go! <strong>Flygon</strong>!<br></div><div class="battle-history"><small>Pointed stones dug into Flygon!</small><br></div><div class="spacer battle-history"><br></div><div class="battle-history">The opposing Flygon used <strong>Defog</strong>!<br></div><div class="battle-history"><small>Flygon's evasiveness fell!</small><br></div><div class="battle-history"><small>The pointed stones disappeared from around your team!</small><br></div><div class="battle-history"><small>The spikes disappeared from the ground around the opposing team!</small><br></div><div class="battle-history"><small>The pointed stones disappeared from around the opposing team!</small><br></div><div class="spacer battle-history"><br></div><h2 class="battle-history">Turn 26</h2><div class="spacer battle-history"><br></div><div class="battle-history">Flygon used <strong>Earth Power</strong>!<br></div><div class="battle-history"><small>[The opposing Flygon's Levitate]</small><br><small>It doesn't affect the opposing Flygon...</small><br></div><div class="spacer battle-history"><br></div><div class="battle-history">The opposing Flygon used <strong>U-turn</strong>!<br></div><div class="battle-history"><small>(Flygon lost <abbr title="−73/301">24.3%</abbr> of its health!)</small><br></div><div class="spacer battle-history"><br></div><div class="battle-history">The opposing Flygon went back to Altar of evil!<br></div><div class="battle-history">Altar of evil sent out <strong>Alomomola</strong>!<br></div><div class="spacer battle-history"><br></div><h2 class="battle-history">Turn 27</h2><div class="spacer battle-history"><br></div><div class="battle-history">Flygon, come back!<br></div><div class="battle-history">Go! <strong>Registeel</strong>!<br></div><div class="spacer battle-history"><br></div><div class="battle-history">The opposing Alomomola used <strong>Wish</strong>!<br></div><div class="spacer battle-history"><br></div><div class="battle-history"><small>Registeel restored a little HP using its Leftovers!</small><br></div><div class="spacer battle-history"><br></div><h2 class="battle-history">Turn 28</h2><div class="spacer battle-history"><br></div><div class="battle-history">Altar of evil withdrew Alomomola!<br></div><div class="battle-history">Altar of evil sent out <strong>Altaria</strong>!<br></div><div class="spacer battle-history"><br></div><div class="battle-history">Registeel used <strong>Stealth Rock</strong>!<br></div><div class="battle-history"><small>Pointed stones float in the air around the opposing team!</small><br></div><div class="spacer battle-history"><br></div><div class="battle-history"><small>Alomomola's wish came true!</small><br></div><div class="battle-history"><small>Registeel restored a little HP using its Leftovers!</small><br></div><div class="spacer battle-history"><br></div><h2 class="battle-history">Turn 29</h2><div class="spacer battle-history"><br></div><div class="battle-history">The opposing Altaria used <strong>Heal Bell</strong>!<br></div><div class="battle-history"><small>A bell chimed!</small><br></div><div class="battle-history"><small>The opposing Granbull woke up!</small><br></div><div class="spacer battle-history"><br></div><div class="battle-history">Registeel used <strong>Toxic</strong>!<br></div><div class="battle-history"><small>The opposing Altaria was badly poisoned!</small><br></div><div class="spacer battle-history"><br></div><div class="battle-history"><small>Registeel restored a little HP using its Leftovers!</small><br></div><div class="battle-history"><small>The opposing Altaria was hurt by poison!</small><br></div><div class="spacer battle-history"><br></div><h2 class="battle-history">Turn 30</h2><div class="spacer battle-history"><br></div><div class="battle-history"><small>(The opposing Altaria is cured by its Natural Cure!)</small><br></div><div class="battle-history">Altar of evil withdrew Altaria!<br></div><div class="battle-history">Altar of evil sent out <strong>Registeel</strong>!<br></div><div class="battle-history"><small>Pointed stones dug into the opposing Registeel!</small><br></div><div class="spacer battle-history"><br></div><div class="battle-history">Registeel used <strong>Seismic Toss</strong>!<br></div><div class="battle-history"><small>(The opposing Registeel lost <abbr title="−100/364">27.5%</abbr> of its health!)</small><br></div><div class="spacer battle-history"><br></div><div class="battle-history"><small>Registeel restored a little HP using its Leftovers!</small><br></div><div class="battle-history"><small>The opposing Registeel restored a little HP using its Leftovers!</small><br></div><div class="spacer battle-history"><br></div><h2 class="battle-history">Turn 31</h2><div class="spacer battle-history"><br></div><div class="battle-history">Registeel, come back!<br></div><div class="battle-history">Go! <strong>Druddigon</strong>!<br></div><div class="spacer battle-history"><br></div><div class="battle-history">The opposing Registeel used <strong>Stealth Rock</strong>!<br></div><div class="battle-history"><small>Pointed stones float in the air around your team!</small><br></div><div class="spacer battle-history"><br></div><div class="battle-history"><small>The opposing Registeel restored a little HP using its Leftovers!</small><br></div><div class="spacer battle-history"><br></div><h2 class="battle-history">Turn 32</h2><div class="spacer battle-history"><br></div><div class="battle-history">The opposing Registeel used <strong>Protect</strong>!<br></div><div class="battle-history"><small>The opposing Registeel protected itself!</small><br></div><div class="spacer battle-history"><br></div><div class="battle-history">Druddigon used <strong>Fire Punch</strong>!<br></div><div class="battle-history"><small>The opposing Registeel protected itself!</small><br></div><div class="spacer battle-history"><br></div><div class="battle-history"><small>The opposing Registeel restored a little HP using its Leftovers!</small><br></div><div class="spacer battle-history"><br></div><h2 class="battle-history">Turn 33</h2><div class="spacer battle-history"><br></div><div class="battle-history">Altar of evil withdrew Registeel!<br></div><div class="battle-history">Altar of evil sent out <strong>Flygon</strong>!<br></div><div class="battle-history"><small>Pointed stones dug into the opposing Flygon!</small><br></div><div class="spacer battle-history"><br></div><div class="battle-history">Druddigon used <strong>Fire Punch</strong>!<br></div><div class="battle-history"><small>It's not very effective...</small><br></div><div class="battle-history"><small>(The opposing Flygon lost <abbr title="−103/329">31.3%</abbr> of its health!)</small><br></div><div class="spacer battle-history"><br></div><div class="battle-history"><small>The opposing Flygon restored a little HP using its Leftovers!</small><br></div><div class="spacer battle-history"><br></div><h2 class="battle-history">Turn 34</h2><div class="spacer battle-history"><br></div><div class="battle-history">The opposing Flygon used <strong>U-turn</strong>!<br></div><div class="battle-history"><small>(Druddigon lost <abbr title="−71/354">20.1%</abbr> of its health!)</small><br></div><div class="spacer battle-history"><br></div><div class="battle-history">The opposing Flygon went back to Altar of evil!<br></div><div class="battle-history">Altar of evil sent out <strong>Alomomola</strong>!<br></div><div class="battle-history"><small>Pointed stones dug into the opposing Alomomola!</small><br></div><div class="spacer battle-history"><br></div><div class="battle-history">Druddigon used <strong>Gunk Shot</strong>!<br></div><div class="battle-history"><small>The opposing Alomomola avoided the attack!</small><br></div><div class="spacer battle-history"><br></div><div class="battle-history"><small>The opposing Alomomola restored a little HP using its Leftovers!</small><br></div><div class="spacer battle-history"><br></div><h2 class="battle-history">Turn 35</h2><div class="spacer battle-history"><br></div><div class="battle-history">Druddigon, come back!<br></div><div class="battle-history">Go! <strong>Aromatisse</strong>!<br></div><div class="battle-history"><small>Pointed stones dug into Aromatisse!</small><br></div><div class="spacer battle-history"><br></div><div class="battle-history">The opposing Alomomola used <strong>Knock Off</strong>!<br></div><div class="battle-history"><small>It's not very effective...</small><br></div><div class="battle-history"><small>(Aromatisse lost <abbr title="−24/406">5.9%</abbr> of its health!)</small><br></div><div class="battle-history"><small>The opposing Alomomola knocked off Aromatisse's Leftovers!</small><br></div><div class="spacer battle-history"><br></div><div class="battle-history"><small>The opposing Alomomola restored a little HP using its Leftovers!</small><br></div><div class="spacer battle-history"><br></div><h2 class="battle-history">Turn 36</h2><div class="spacer battle-history"><br></div><div class="battle-history">The opposing Alomomola used <strong>Scald</strong>!<br></div><div class="battle-history"><small>(Aromatisse lost <abbr title="−52/406">12.8%</abbr> of its health!)</small><br></div><div class="battle-history"><small>Aromatisse was burned!</small><br></div><div class="spacer battle-history"><br></div><div class="battle-history">Aromatisse used <strong>Wish</strong>!<br></div><div class="spacer battle-history"><br></div><div class="battle-history"><small>Aromatisse was hurt by its burn!</small><br></div><div class="spacer battle-history"><br></div><h2 class="battle-history">Turn 37</h2><div class="spacer battle-history"><br></div><div class="battle-history">Altar of evil withdrew Alomomola!<br></div><div class="battle-history">Altar of evil sent out <strong>Registeel</strong>!<br></div><div class="battle-history"><small>Pointed stones dug into the opposing Registeel!</small><br></div><div class="spacer battle-history"><br></div><div class="battle-history">Aromatisse used <strong>Aromatherapy</strong>!<br></div><div class="battle-history"><small>A soothing aroma wafted through the area!</small><br></div><div class="battle-history"><small>Aromatisse's burn was healed.</small><br></div><div class="battle-history"><small>Malamar woke up!</small><br></div><div class="spacer battle-history"><br></div><div class="battle-history"><small>Aromatisse's wish came true!</small><br></div><div class="battle-history"><small>The opposing Registeel restored a little HP using its Leftovers!</small><br></div><div class="spacer battle-history"><br></div><h2 class="battle-history">Turn 38</h2><div class="spacer battle-history"><br></div><div class="battle-history">Aromatisse, come back!<br></div><div class="battle-history">Go! <strong>Malamar</strong>!<br></div><div class="battle-history"><small>Pointed stones dug into Malamar!</small><br></div><div class="spacer battle-history"><br></div><div class="battle-history">The opposing Registeel used <strong>Seismic Toss</strong>!<br></div><div class="battle-history"><small>(Malamar lost <abbr title="−100/375">26.7%</abbr> of its health!)</small><br></div><div class="spacer battle-history"><br></div><div class="battle-history"><small>The opposing Registeel restored a little HP using its Leftovers!</small><br></div><div class="spacer battle-history"><br></div><h2 class="battle-history">Turn 39</h2><div class="spacer battle-history"><br></div><div class="battle-history">Altar of evil withdrew Registeel!<br></div><div class="battle-history">Altar of evil sent out <strong>Granbull</strong>!<br></div><div class="battle-history"><small>Pointed stones dug into the opposing Granbull!</small><br></div><div class="battle-history"><small>[The opposing Granbull's Intimidate]</small><br></div><div class="battle-history"><small>Malamar's Attack rose!</small><br></div><div class="spacer battle-history"><br></div><div class="battle-history">Malamar used <strong>Knock Off</strong>!<br></div><div class="battle-history"><small>It's not very effective...</small><br></div><div class="battle-history"><small>(The opposing Granbull lost <abbr title="−45/384">11.7%</abbr> of its health!)</small><br></div><div class="spacer battle-history"><br></div><h2 class="battle-history">Turn 40</h2><div class="spacer battle-history"><br></div><div class="battle-history">Malamar, come back!<br></div><div class="battle-history">Go! <strong>Registeel</strong>!<br></div><div class="battle-history"><small>Pointed stones dug into Registeel!</small><br></div><div class="spacer battle-history"><br></div><div class="battle-history">The opposing Granbull used <strong>Rest</strong>!<br></div><div class="battle-history"><small>The opposing Granbull fell asleep!</small><br></div><div class="battle-history"><small>The opposing Granbull slept and became healthy!</small><br></div><div class="spacer battle-history"><br></div><div class="battle-history"><small>Registeel restored a little HP using its Leftovers!</small><br></div><div class="spacer battle-history"><br></div><h2 class="battle-history">Turn 41</h2><div class="spacer battle-history"><br></div><div class="battle-history">Altar of evil withdrew Granbull!<br></div><div class="battle-history">Altar of evil sent out <strong>Registeel</strong>!<br></div><div class="battle-history"><small>Pointed stones dug into the opposing Registeel!</small><br></div><div class="spacer battle-history"><br></div><div class="battle-history">Registeel used <strong>Seismic Toss</strong>!<br></div><div class="battle-history"><small>(The opposing Registeel lost <abbr title="−100/364">27.5%</abbr> of its health!)</small><br></div><div class="spacer battle-history"><br></div><div class="battle-history"><small>The opposing Registeel restored a little HP using its Leftovers!</small><br></div><div class="battle-history"><small>Registeel restored a little HP using its Leftovers!</small><br></div><div class="spacer battle-history"><br></div><h2 class="battle-history">Turn 42</h2><div class="spacer battle-history"><br></div><div class="battle-history">The opposing Registeel used <strong>Protect</strong>!<br></div><div class="battle-history"><small>The opposing Registeel protected itself!</small><br></div><div class="spacer battle-history"><br></div><div class="battle-history">Registeel used <strong>Seismic Toss</strong>!<br></div><div class="battle-history"><small>The opposing Registeel protected itself!</small><br></div><div class="spacer battle-history"><br></div><div class="battle-history"><small>The opposing Registeel restored a little HP using its Leftovers!</small><br></div><div class="battle-history"><small>Registeel restored a little HP using its Leftovers!</small><br></div><div class="spacer battle-history"><br></div><h2 class="battle-history">Turn 43</h2><div class="spacer battle-history"><br></div><div class="battle-history">Altar of evil withdrew Registeel!<br></div><div class="battle-history">Altar of evil sent out <strong>Alomomola</strong>!<br></div><div class="battle-history"><small>Pointed stones dug into the opposing Alomomola!</small><br></div><div class="spacer battle-history"><br></div><div class="battle-history">Registeel used <strong>Seismic Toss</strong>!<br></div><div class="battle-history"><small>(The opposing Alomomola lost <abbr title="−100/501">20.0%</abbr> of its health!)</small><br></div><div class="spacer battle-history"><br></div><div class="battle-history"><small>The opposing Alomomola restored a little HP using its Leftovers!</small><br></div><div class="spacer battle-history"><br></div><h2 class="battle-history">Turn 44</h2><div class="spacer battle-history"><br></div><div class="battle-history">The opposing Alomomola used <strong>Knock Off</strong>!<br></div><div class="battle-history"><small>(Registeel lost <abbr title="−36/364">9.9%</abbr> of its health!)</small><br></div><div class="battle-history"><small>The opposing Alomomola knocked off Registeel's Leftovers!</small><br></div><div class="spacer battle-history"><br></div><div class="battle-history">Registeel used <strong>Toxic</strong>!<br></div><div class="battle-history"><small>The opposing Alomomola was badly poisoned!</small><br></div><div class="spacer battle-history"><br></div><div class="battle-history"><small>The opposing Alomomola restored a little HP using its Leftovers!</small><br></div><div class="battle-history"><small>The opposing Alomomola was hurt by poison!</small><br></div><div class="spacer battle-history"><br></div><h2 class="battle-history">Turn 45</h2><div class="spacer battle-history"><br></div><div class="battle-history">Registeel, come back!<br></div><div class="battle-history">Go! Glalie (<strong>Glalie-Mega</strong>)!<br></div><div class="battle-history"><small>Pointed stones dug into Glalie!</small><br></div><div class="spacer battle-history"><br></div><div class="battle-history">The opposing Alomomola used <strong>Scald</strong>!<br></div><div class="battle-history"><small>(Glalie lost <abbr title="−61/301">20.3%</abbr> of its health!)</small><br></div><div class="battle-history"><small>Glalie was burned!</small><br></div><div class="spacer battle-history"><br></div><div class="battle-history"><small>The opposing Alomomola restored a little HP using its Leftovers!</small><br></div><div class="battle-history"><small>Glalie was hurt by its burn!</small><br></div><div class="battle-history"><small>The opposing Alomomola was hurt by poison!</small><br></div><div class="spacer battle-history"><br></div><h2 class="battle-history">Turn 46</h2><div class="spacer battle-history"><br></div><div class="battle-history">Altar of evil withdrew Alomomola!<br></div><div class="battle-history">Altar of evil sent out <strong>Registeel</strong>!<br></div><div class="battle-history"><small>Pointed stones dug into the opposing Registeel!</small><br></div><div class="spacer battle-history"><br></div><div class="battle-history">Glalie used <strong>Spikes</strong>!<br></div><div class="battle-history"><small>Spikes were scattered on the ground all around the opposing team!</small><br></div><div class="spacer battle-history"><br></div><div class="battle-history"><small>The opposing Registeel restored a little HP using its Leftovers!</small><br></div><div class="battle-history"><small>Glalie was hurt by its burn!</small><br></div><div class="spacer battle-history"><br></div><h2 class="battle-history">Turn 47</h2><div class="spacer battle-history"><br></div><div class="battle-history">Glalie, come back!<br></div><div class="battle-history">Go! <strong>Malamar</strong>!<br></div><div class="battle-history"><small>Pointed stones dug into Malamar!</small><br></div><div class="spacer battle-history"><br></div><div class="battle-history">The opposing Registeel used <strong>Seismic Toss</strong>!<br></div><div class="battle-history"><small>(Malamar lost <abbr title="−100/375">26.7%</abbr> of its health!)</small><br></div><div class="spacer battle-history"><br></div><div class="battle-history"><small>The opposing Registeel restored a little HP using its Leftovers!</small><br></div><div class="spacer battle-history"><br></div><h2 class="battle-history">Turn 48</h2><div class="spacer battle-history"><br></div><div class="battle-history">Altar of evil withdrew Registeel!<br></div><div class="battle-history">Altar of evil sent out <strong>Flygon</strong>!<br></div><div class="battle-history"><small>Pointed stones dug into the opposing Flygon!</small><br></div><div class="spacer battle-history"><br></div><div class="battle-history">Malamar used <strong>Rest</strong>!<br></div><div class="battle-history"><small>Malamar fell asleep!</small><br></div><div class="battle-history"><small>Malamar slept and became healthy!</small><br></div><div class="spacer battle-history"><br></div><div class="battle-history"><small>The opposing Flygon restored a little HP using its Leftovers!</small><br></div><div class="spacer battle-history"><br></div><h2 class="battle-history">Turn 49</h2><div class="spacer battle-history"><br></div><div class="battle-history">The opposing Flygon used <strong>Defog</strong>!<br></div><div class="battle-history"><small>Malamar's evasiveness rose!</small><br></div><div class="battle-history"><small>The pointed stones disappeared from around your team!</small><br></div><div class="battle-history"><small>The spikes disappeared from the ground around the opposing team!</small><br></div><div class="battle-history"><small>The pointed stones disappeared from around the opposing team!</small><br></div><div class="spacer battle-history"><br></div><div class="battle-history">Malamar is fast asleep.<br></div><div class="spacer battle-history"><br></div><div class="battle-history">Malamar used <strong>Sleep Talk</strong>!<br></div><div class="spacer battle-history"><br></div><div class="battle-history">Malamar used <strong>Rest</strong>!<br></div><div class="battle-history"><small>But it failed!</small><br></div><div class="spacer battle-history"><br></div><div class="battle-history"><small>The opposing Flygon restored a little HP using its Leftovers!</small><br></div><div class="spacer battle-history"><br></div><h2 class="battle-history">Turn 50</h2><div class="spacer battle-history"><br></div><div class="battle-history">The opposing Flygon used <strong>U-turn</strong>!<br></div><div class="battle-history"><small>It's super effective!</small><br></div><div class="battle-history"><small>(Malamar lost <abbr title="−308/375">82.1%</abbr> of its health!)</small><br></div><div class="spacer battle-history"><br></div><div class="battle-history">The opposing Flygon went back to Altar of evil!<br></div><div class="battle-history">Altar of evil sent out <strong>Drapion</strong>!<br></div><div class="spacer battle-history"><br></div><div class="battle-history">Malamar is fast asleep.<br></div><div class="spacer battle-history"><br></div><div class="battle-history">Malamar used <strong>Sleep Talk</strong>!<br></div><div class="spacer battle-history"><br></div><div class="battle-history">Malamar used <strong>Superpower</strong>!<br></div><div class="battle-history"><small>(The opposing Drapion lost <abbr title="−76/281">27.0%</abbr> of its health!)</small><br></div><div class="battle-history"><small>Malamar's Attack rose!</small><br></div><div class="battle-history"><small>Malamar's Defense rose!</small><br></div><div class="spacer battle-history"><br></div><h2 class="battle-history">Turn 51</h2><div class="spacer battle-history"><br></div><div class="battle-history">The opposing Drapion used <strong>Knock Off</strong>!<br></div><div class="battle-history"><small>Malamar avoided the attack!</small><br></div><div class="battle-history"><small>Malamar woke up!</small><br></div><div class="spacer battle-history"><br></div><div class="battle-history">Malamar used <strong>Rest</strong>!<br></div><div class="battle-history"><small>Malamar fell asleep!</small><br></div><div class="battle-history"><small>Malamar slept and became healthy!</small><br></div><div class="spacer battle-history"><br></div><h2 class="battle-history">Turn 52</h2><div class="spacer battle-history"><br></div><div class="battle-history">Altar of evil withdrew Drapion!<br></div><div class="battle-history">Altar of evil sent out <strong>Granbull</strong>!<br></div><div class="battle-history"><small>[The opposing Granbull's Intimidate]</small><br></div><div class="battle-history"><small>Malamar's Attack rose!</small><br></div><div class="spacer battle-history"><br></div><div class="battle-history">Malamar is fast asleep.<br></div><div class="spacer battle-history"><br></div><div class="battle-history">Malamar used <strong>Sleep Talk</strong>!<br></div><div class="spacer battle-history"><br></div><div class="battle-history">Malamar used <strong>Superpower</strong>!<br></div><div class="battle-history"><small>It's not very effective...</small><br></div><div class="battle-history"><small>(The opposing Granbull lost <abbr title="−75/384">19.5%</abbr> of its health!)</small><br></div><div class="battle-history"><small>Malamar's Attack rose!</small><br></div><div class="battle-history"><small>Malamar's Defense rose!</small><br></div><div class="spacer battle-history"><br></div><h2 class="battle-history">Turn 53</h2><div class="spacer battle-history"><br></div><div class="battle-history">Malamar is fast asleep.<br></div><div class="spacer battle-history"><br></div><div class="battle-history">Malamar used <strong>Sleep Talk</strong>!<br></div><div class="spacer battle-history"><br></div><div class="battle-history">Malamar used <strong>Knock Off</strong>!<br></div><div class="battle-history"><small>It's not very effective...</small><br></div><div class="battle-history"><small>(The opposing Granbull lost <abbr title="−79/384">20.6%</abbr> of its health!)</small><br></div><div class="spacer battle-history"><br></div><div class="battle-history">The opposing Granbull is fast asleep.<br></div><div class="spacer battle-history"><br></div><h2 class="battle-history">Turn 54</h2><div class="spacer battle-history"><br></div><div class="battle-history"><small>Malamar woke up!</small><br></div><div class="spacer battle-history"><br></div><div class="battle-history">Malamar used <strong>Superpower</strong>!<br></div><div class="battle-history"><small>It's not very effective...</small><br></div><div class="battle-history"><small>(The opposing Granbull lost <abbr title="−90/384">23.4%</abbr> of its health!)</small><br></div><div class="battle-history"><small>Malamar's Attack rose!</small><br></div><div class="battle-history"><small>Malamar's Defense rose!</small><br></div><div class="spacer battle-history"><br></div><div class="battle-history">The opposing Granbull is fast asleep.<br></div><div class="spacer battle-history"><br></div><h2 class="battle-history">Turn 55</h2><div class="spacer battle-history"><br></div><div class="battle-history">Malamar used <strong>Knock Off</strong>!<br></div><div class="battle-history"><small>It's not very effective...</small><br></div><div class="battle-history"><small>(The opposing Granbull lost <abbr title="−90/384">23.4%</abbr> of its health!)</small><br></div><div class="battle-history"><small>The opposing Granbull woke up!</small><br></div><div class="spacer battle-history"><br></div><div class="battle-history">The opposing Granbull used <strong>Roar</strong>!<br></div><div class="spacer battle-history"><br></div><div class="battle-history"><strong>Registeel</strong> was dragged out!<br></div><div class="spacer battle-history"><br></div><h2 class="battle-history">Turn 56</h2><div class="spacer battle-history"><br></div><div class="battle-history">Altar of evil withdrew Granbull!<br></div><div class="battle-history">Altar of evil sent out <strong>Flygon</strong>!<br></div><div class="spacer battle-history"><br></div><div class="battle-history">Registeel used <strong>Seismic Toss</strong>!<br></div><div class="battle-history"><small>(The opposing Flygon lost <abbr title="−100/329">30.4%</abbr> of its health!)</small><br></div><div class="spacer battle-history"><br></div><div class="battle-history"><small>The opposing Flygon restored a little HP using its Leftovers!</small><br></div><div class="spacer battle-history"><br></div><h2 class="battle-history">Turn 57</h2><div class="spacer battle-history"><br></div><div class="battle-history">The opposing Flygon used <strong>Earthquake</strong>!<br></div><div class="battle-history"><small>It's super effective!</small><br></div><div class="battle-history"><small>(Registeel lost <abbr title="−200/364">54.9%</abbr> of its health!)</small><br></div><div class="spacer battle-history"><br></div><div class="battle-history">Registeel used <strong>Toxic</strong>!<br></div><div class="battle-history"><small>The opposing Flygon was badly poisoned!</small><br></div><div class="spacer battle-history"><br></div><div class="battle-history"><small>The opposing Flygon restored a little HP using its Leftovers!</small><br></div><div class="battle-history"><small>The opposing Flygon was hurt by poison!</small><br></div><div class="spacer battle-history"><br></div><h2 class="battle-history">Turn 58</h2><div class="spacer battle-history"><br></div><div class="battle-history">Registeel, come back!<br></div><div class="battle-history">Go! <strong>Druddigon</strong>!<br></div><div class="spacer battle-history"><br></div><div class="battle-history">The opposing Flygon used <strong>Roost</strong>!<br></div><div class="battle-history"><small>The opposing Flygon restored its HP.</small><br></div><div class="spacer battle-history"><br></div><div class="battle-history"><small>The opposing Flygon was hurt by poison!</small><br></div><div class="spacer battle-history"><br></div><h2 class="battle-history">Turn 59</h2><div class="spacer battle-history"><br></div><div class="battle-history">Altar of evil withdrew Flygon!<br></div><div class="battle-history">Altar of evil sent out <strong>Alomomola</strong>!<br></div><div class="spacer battle-history"><br></div><div class="battle-history">Druddigon used <strong>Dragon Claw</strong>!<br></div><div class="battle-history"><small>A critical hit!</small><br></div><div class="battle-history"><small>(The opposing Alomomola lost <abbr title="−274/501">54.7%</abbr> of its health!)</small><br></div><div class="battle-history"><small>Druddigon lost some of its HP!</small><br></div><div class="spacer battle-history"><br></div><div class="battle-history"><small>The opposing Alomomola restored a little HP using its Leftovers!</small><br></div><div class="battle-history"><small>The opposing Alomomola was hurt by poison!</small><br></div><div class="spacer battle-history"><br></div><h2 class="battle-history">Turn 60</h2><div class="spacer battle-history"><br></div><div class="battle-history">Altar of evil withdrew Alomomola!<br></div><div class="battle-history">Altar of evil sent out <strong>Registeel</strong>!<br></div><div class="spacer battle-history"><br></div><div class="battle-history">Druddigon used <strong>Gunk Shot</strong>!<br></div><div class="battle-history"><small>It doesn't affect the opposing Registeel...</small><br></div><div class="spacer battle-history"><br></div><div class="battle-history"><small>The opposing Registeel restored a little HP using its Leftovers!</small><br></div><div class="spacer battle-history"><br></div><h2 class="battle-history">Turn 61</h2><div class="spacer battle-history"><br></div><div class="battle-history">The opposing Registeel used <strong>Protect</strong>!<br></div><div class="battle-history"><small>The opposing Registeel protected itself!</small><br></div><div class="spacer battle-history"><br></div><div class="battle-history">Druddigon used <strong>Fire Punch</strong>!<br></div><div class="battle-history"><small>The opposing Registeel protected itself!</small><br></div><div class="spacer battle-history"><br></div><div class="battle-history"><small>The opposing Registeel restored a little HP using its Leftovers!</small><br></div><div class="spacer battle-history"><br></div><h2 class="battle-history">Turn 62</h2><div class="spacer battle-history"><br></div><div class="battle-history">Druddigon used <strong>Fire Punch</strong>!<br></div><div class="battle-history"><small>It's super effective!</small><br></div><div class="battle-history"><small>A critical hit!</small><br></div><div class="battle-history"><small>(The opposing Registeel lost <abbr title="−318/364">87.4%</abbr> of its health!)</small><br></div><div class="spacer battle-history"><br></div><div class="battle-history">The opposing Registeel fainted!<br></div><div class="chat chatmessage-sotsot"><strong style="color:hsl(262,40%,57.969621826280196%)"><small>★</small><span class="username" data-name="soTsoT">soTsoT</span>:</strong> <em>sorry</em></div><div class="chat chatmessage-altarofevil"><strong style="color:hsl(352,56%,50.80591301027059%)"><small>★</small><span class="username" data-name="Altar of evil">Altar of evil</span>:</strong> <em>lol</em></div><div class="spacer battle-history"><br></div><div class="battle-history">Altar of evil sent out <strong>Alomomola</strong>!<br></div><div class="spacer battle-history"><br></div><h2 class="battle-history">Turn 63</h2><div class="spacer battle-history"><br></div><div class="battle-history">The opposing Alomomola used <strong>Wish</strong>!<br></div><div class="spacer battle-history"><br></div><div class="battle-history">Druddigon used <strong>Gunk Shot</strong>!<br></div><div class="battle-history"><small>(The opposing Alomomola lost <abbr title="−221/501">44.1%</abbr> of its health!)</small><br></div><div class="spacer battle-history"><br></div><div class="battle-history"><small>The opposing Alomomola restored a little HP using its Leftovers!</small><br></div><div class="battle-history"><small>The opposing Alomomola was hurt by poison!</small><br></div><div class="spacer battle-history"><br></div><h2 class="battle-history">Turn 64</h2><div class="spacer battle-history"><br></div><div class="battle-history">The opposing Alomomola used <strong>Knock Off</strong>!<br></div><div class="battle-history"><small>(Druddigon lost <abbr title="−62/354">17.5%</abbr> of its health!)</small><br></div><div class="battle-history"><small>The opposing Alomomola knocked off Druddigon's Life Orb!</small><br></div><div class="spacer battle-history"><br></div><div class="battle-history">Druddigon used <strong>Fire Punch</strong>!<br></div><div class="battle-history"><small>It's not very effective...</small><br></div><div class="battle-history"><small>(The opposing Alomomola lost <abbr title="−55/501">11.0%</abbr> of its health!)</small><br></div><div class="spacer battle-history"><br></div><div class="battle-history"><small>Alomomola's wish came true!</small><br></div><div class="battle-history"><small>The opposing Alomomola restored a little HP using its Leftovers!</small><br></div><div class="battle-history"><small>The opposing Alomomola was hurt by poison!</small><br></div><div class="spacer battle-history"><br></div><h2 class="battle-history">Turn 65</h2><div class="spacer battle-history"><br></div><div class="battle-history">The opposing Alomomola used <strong>Wish</strong>!<br></div><div class="spacer battle-history"><br></div><div class="battle-history">Druddigon used <strong>Gunk Shot</strong>!<br></div><div class="battle-history"><small>(The opposing Alomomola lost <abbr title="−180/501">35.9%</abbr> of its health!)</small><br></div><div class="spacer battle-history"><br></div><div class="battle-history"><small>The opposing Alomomola restored a little HP using its Leftovers!</small><br></div><div class="battle-history"><small>The opposing Alomomola was hurt by poison!</small><br></div><div class="spacer battle-history"><br></div><h2 class="battle-history">Turn 66</h2><div class="spacer battle-history"><br></div><div class="battle-history">Altar of evil withdrew Alomomola!<br></div><div class="battle-history">Altar of evil sent out <strong>Drapion</strong>!<br></div><div class="spacer battle-history"><br></div><div class="battle-history">Druddigon used <strong>Dragon Claw</strong>!<br></div><div class="battle-history"><small>(The opposing Drapion lost <abbr title="−145/281">51.6%</abbr> of its health!)</small><br></div><div class="spacer battle-history"><br></div><div class="battle-history"><small>Alomomola's wish came true!</small><br></div><div class="spacer battle-history"><br></div><h2 class="battle-history">Turn 67</h2><div class="spacer battle-history"><br></div><div class="battle-history">The opposing Drapion used <strong>Pursuit</strong>!<br></div><div class="battle-history"><small>(Druddigon lost <abbr title="−57/354">16.1%</abbr> of its health!)</small><br></div><div class="spacer battle-history"><br></div><div class="battle-history">Druddigon used <strong>Dragon Claw</strong>!<br></div><div class="battle-history"><small>(The opposing Drapion lost <abbr title="−145/281">51.6%</abbr> of its health!)</small><br></div><div class="spacer battle-history"><br></div><h2 class="battle-history">Turn 68</h2><div class="spacer battle-history"><br></div><div class="battle-history">Altar of evil withdrew Drapion!<br></div><div class="battle-history">Altar of evil sent out <strong>Granbull</strong>!<br></div><div class="battle-history"><small>[The opposing Granbull's Intimidate]</small><br></div><div class="battle-history"><small>Druddigon's Attack fell!</small><br></div><div class="spacer battle-history"><br></div><div class="battle-history">Druddigon used <strong>Fire Punch</strong>!<br></div><div class="battle-history"><small>(The opposing Granbull lost <abbr title="−50/384">13.0%</abbr> of its health!)</small><br></div><div class="spacer battle-history"><br></div><div class="battle-history">The opposing Granbull fainted!<br></div><div class="chat chatmessage-altarofevil"><strong style="color:hsl(352,56%,50.80591301027059%)"><small>★</small><span class="username" data-name="Altar of evil">Altar of evil</span>:</strong> <em>Yh gg</em></div><div class="spacer battle-history"><br></div><div class="battle-history"><small>Altar of evil forfeited.</small><br></div><div class="spacer battle-history"><br></div><div class="battle-history"><strong>soTsoT</strong> won the battle!<br></div><div class="chat"><small>Altar of evil left.</small></div><div class="chat chatmessage-sotsot"><strong style="color:hsl(262,40%,57.969621826280196%)"><small>★</small><span class="username" data-name="soTsoT">soTsoT</span>:</strong> <em>gg</em></div></div><div class="inner-preempt"></div></div></div>
</div>
<script>
let daily = Math.floor(Date.now()/1000/60/60/24);document.write('<script src="https://play.pokemonshowdown.com/js/replay-embed.js?version'+daily+'"></'+'script>');
</script>
