<!DOCTYPE html>
<meta charset="utf-8" />
<!-- version 1 -->
<title>RU replay: Dundies vs. Hammy0♧</title>
<style>
html,body {font-family:Verdana, sans-serif;font-size:10pt;margin:0;padding:0;}body{padding:12px 0;} .battle-log {font-family:Verdana, sans-serif;font-size:10pt;} .battle-log-inline {border:1px solid #AAAAAA;background:#EEF2F5;color:black;max-width:640px;margin:0 auto 80px;padding-bottom:5px;} .battle-log .inner {padding:4px 8px 0px 8px;} .battle-log .inner-preempt {padding:0 8px 4px 8px;} .battle-log .inner-after {margin-top:0.5em;} .battle-log h2 {margin:0.5em -8px;padding:4px 8px;border:1px solid #AAAAAA;background:#E0E7EA;border-left:0;border-right:0;font-family:Verdana, sans-serif;font-size:13pt;} .battle-log .chat {vertical-align:middle;padding:3px 0 3px 0;font-size:8pt;} .battle-log .chat strong {color:#40576A;} .battle-log .chat em {padding:1px 4px 1px 3px;color:#000000;font-style:normal;} .chat.mine {background:rgba(0,0,0,0.05);margin-left:-8px;margin-right:-8px;padding-left:8px;padding-right:8px;} .spoiler {color:#BBBBBB;background:#BBBBBB;padding:0px 3px;} .spoiler:hover, .spoiler:active, .spoiler-shown {color:#000000;background:#E2E2E2;padding:0px 3px;} .spoiler a {color:#BBBBBB;} .spoiler:hover a, .spoiler:active a, .spoiler-shown a {color:#2288CC;} .chat code, .chat .spoiler:hover code, .chat .spoiler:active code, .chat .spoiler-shown code {border:1px solid #C0C0C0;background:#EEEEEE;color:black;padding:0 2px;} .chat .spoiler code {border:1px solid #CCCCCC;background:#CCCCCC;color:#CCCCCC;} .battle-log .rated {padding:3px 4px;} .battle-log .rated strong {color:white;background:#89A;padding:1px 4px;border-radius:4px;} .spacer {margin-top:0.5em;} .message-announce {background:#6688AA;color:white;padding:1px 4px 2px;} .message-announce a, .broadcast-green a, .broadcast-blue a, .broadcast-red a {color:#DDEEFF;} .broadcast-green {background-color:#559955;color:white;padding:2px 4px;} .broadcast-blue {background-color:#6688AA;color:white;padding:2px 4px;} .infobox {border:1px solid #6688AA;padding:2px 4px;} .infobox-limited {max-height:200px;overflow:auto;overflow-x:hidden;} .broadcast-red {background-color:#AA5544;color:white;padding:2px 4px;} .message-learn-canlearn {font-weight:bold;color:#228822;text-decoration:underline;} .message-learn-cannotlearn {font-weight:bold;color:#CC2222;text-decoration:underline;} .message-effect-weak {font-weight:bold;color:#CC2222;} .message-effect-resist {font-weight:bold;color:#6688AA;} .message-effect-immune {font-weight:bold;color:#666666;} .message-learn-list {margin-top:0;margin-bottom:0;} .message-throttle-notice, .message-error {color:#992222;} .message-overflow, .chat small.message-overflow {font-size:0pt;} .message-overflow::before {font-size:9pt;content:'...';} .subtle {color:#3A4A66;}
</style>
<div class="wrapper replay-wrapper" style="max-width:1180px;margin:0 auto">
<input type="hidden" name="replayid" value="ru-492831871" />
<div class="battle"></div><div class="battle-log"></div><div class="replay-controls"></div><div class="replay-controls-2"></div>
<h1 style="font-weight:normal;text-align:center"><strong>RU</strong><br /><a href="http://pokemonshowdown.com/users/dundies" class="subtle" target="_blank">Dundies</a> vs. <a href="http://pokemonshowdown.com/users/hammy0" class="subtle" target="_blank">Hammy0♧</a></h1>
<script type="text/plain" class="battle-log-data">|j|Dundies
|j|Hammy0♧
|player|p1|Dundies|#dundies
|player|p2|Hammy0♧|3
|gametype|singles
|gen|6
|tier|RU
|seed|55243,48801,8749,43157
|rule|Sleep Clause Mod: Limit one foe put to sleep
|rule|Species Clause: Limit one of each Pokémon
|rule|OHKO Clause: OHKO moves are banned
|rule|Moody Clause: Moody is banned
|rule|Evasion Moves Clause: Evasion moves are banned
|rule|Endless Battle Clause: Forcing endless battles is banned
|rule|HP Percentage Mod: HP is shown in percentages
|clearpoke
|poke|p1|Fletchinder, F|
|poke|p1|Lanturn, M|item
|poke|p1|Flygon, M|item
|poke|p1|Registeel|item
|poke|p1|Medicham, M|item
|poke|p1|Venusaur, M|item
|poke|p2|Delphox, M|item
|poke|p2|Virizion|item
|poke|p2|Archeops, F|item
|poke|p2|Flygon, M|item
|poke|p2|Magneton|item
|poke|p2|Medicham, F|item
|rule|Swagger Clause: Swagger is banned
|rule|Baton Pass Clause: Limit one Baton Passer, can't pass Spe and other stats simultaneously
|teampreview
|c|★Dundies|hf
|j|6ti
|c|★Hammy0♧|U2
|choice|team 2, team 1, team 3, team 4, team 5, team 6|team 3, team 2, team 1, team 4, team 5, team 6
|
|start
|switch|p1a: Lanturn|Lanturn, M|417\/417
|switch|p2a: Archeops|Archeops, F|354\/354
|turn|1
|choice|move voltswitch|move stealthrock
|
|move|p2a: Archeops|Stealth Rock|p1a: Lanturn
|-sidestart|p1: Dundies|move: Stealth Rock
|move|p1a: Lanturn|Volt Switch|p2a: Archeops
|-supereffective|p2a: Archeops
|-damage|p2a: Archeops|166\/354
|choice|switch 5|
|
|switch|p1a: Medicham|Medicham, M|261\/261
|-damage|p1a: Medicham|245\/261|[from] Stealth Rock
|
|upkeep
|turn|2
|choice|move highjumpkick|move endeavor
|
|move|p1a: Medicham|High Jump Kick|p2a: Archeops
|-damage|p2a: Archeops|0 fnt
|faint|p2a: Archeops
|
|upkeep
|j|Endal
|choice||switch 3
|
|switch|p2a: Delphox|Delphox, M|291\/291
|turn|3
|j|Eien
|choice|switch 4|move calmmind
|
|switch|p1a: Registeel|Registeel|364\/364
|-damage|p1a: Registeel|342\/364|[from] Stealth Rock
|move|p2a: Delphox|Calm Mind|p2a: Delphox
|-boost|p2a: Delphox|spa|1
|-boost|p2a: Delphox|spd|1
|
|-heal|p1a: Registeel|364\/364|[from] item: Leftovers
|upkeep
|turn|4
|choice|switch 3|move fireblast
|
|switch|p1a: Flygon|Flygon, M|329\/329
|-damage|p1a: Flygon|309\/329|[from] Stealth Rock
|move|p2a: Delphox|Fire Blast|p1a: Flygon|[miss]
|-miss|p2a: Delphox|p1a: Flygon
|
|-heal|p1a: Flygon|329\/329|[from] item: Leftovers
|upkeep
|turn|5
|c| Endal|rip
|choice|move earthquake|move psychic
|
|move|p2a: Delphox|Psychic|p1a: Flygon
|-damage|p1a: Flygon|49\/329
|-unboost|p1a: Flygon|spd|1
|move|p1a: Flygon|Earthquake|p2a: Delphox
|-supereffective|p2a: Delphox
|-damage|p2a: Delphox|0 fnt
|faint|p2a: Delphox
|
|-heal|p1a: Flygon|69\/329|[from] item: Leftovers
|upkeep
|choice||switch 2
|
|switch|p2a: Virizion|Virizion|323\/323
|turn|6
|choice|move defog|move leafblade
|
|move|p2a: Virizion|Leaf Blade|p1a: Flygon
|-crit|p1a: Flygon
|-damage|p1a: Flygon|0 fnt
|faint|p1a: Flygon
|
|upkeep
|choice|switch 6|
|
|switch|p1a: Venusaur|Venusaur, M|363\/363
|-damage|p1a: Venusaur|318\/363|[from] Stealth Rock
|turn|7
|choice|move sludgebomb|switch 5
|
|switch|p2a: Magneton|Magneton|241\/241
|move|p1a: Venusaur|Sludge Bomb|p2a: Magneton
|-immune|p2a: Magneton|[msg]
|
|-heal|p1a: Venusaur|340\/363|[from] item: Black Sludge
|upkeep
|turn|8
|choice|move sludgebomb|switch 5
|
|switch|p2a: Virizion|Virizion|323\/323
|move|p1a: Venusaur|Sludge Bomb|p2a: Virizion
|-supereffective|p2a: Virizion
|-damage|p2a: Virizion|131\/323
|-status|p2a: Virizion|psn
|-enditem|p2a: Virizion|Lum Berry|[eat]
|-curestatus|p2a: Virizion|psn|[msg]
|
|-heal|p1a: Venusaur|362\/363|[from] item: Black Sludge
|upkeep
|turn|9
|c|★Hammy0♧|Dang
|l|Eien
|choice|move sludgebomb|switch 5
|
|switch|p2a: Magneton|Magneton|241\/241
|move|p1a: Venusaur|Sludge Bomb|p2a: Magneton
|-immune|p2a: Magneton|[msg]
|
|-heal|p1a: Venusaur|363\/363|[from] item: Black Sludge
|upkeep
|turn|10
|choice|switch 5|switch 4
|
|switch|p2a: Flygon|Flygon, M|301\/301
|switch|p1a: Lanturn|Lanturn, M|417\/417
|-damage|p1a: Lanturn|365\/417|[from] Stealth Rock
|
|-heal|p1a: Lanturn|391\/417|[from] item: Leftovers
|upkeep
|turn|11
|choice|move protect|move earthquake
|
|move|p1a: Lanturn|Protect|p1a: Lanturn
|-singleturn|p1a: Lanturn|Protect
|move|p2a: Flygon|Earthquake|p1a: Lanturn
|-activate|p1a: Lanturn|move: Protect
|
|-heal|p1a: Lanturn|417\/417|[from] item: Leftovers
|upkeep
|turn|12
|choice|switch 3|move earthquake
|
|switch|p1a: Registeel|Registeel|364\/364
|-damage|p1a: Registeel|342\/364|[from] Stealth Rock
|move|p2a: Flygon|Earthquake|p1a: Registeel
|-supereffective|p1a: Registeel
|-damage|p1a: Registeel|54\/364
|
|-heal|p1a: Registeel|76\/364|[from] item: Leftovers
|upkeep
|turn|13
|choice|move seismictoss|switch 4
|
|switch|p2a: Magneton|Magneton|241\/241
|move|p1a: Registeel|Seismic Toss|p2a: Magneton
|-damage|p2a: Magneton|141\/241
|
|-heal|p1a: Registeel|98\/364|[from] item: Leftovers
|upkeep
|turn|14
|choice|move seismictoss|move thunderbolt
|
|move|p2a: Magneton|Thunderbolt|p1a: Registeel
|-damage|p1a: Registeel|0 fnt
|faint|p1a: Registeel
|
|upkeep
|choice|switch 3|
|
|switch|p1a: Lanturn|Lanturn, M|417\/417
|-damage|p1a: Lanturn|365\/417|[from] Stealth Rock
|turn|15
|choice|move voltswitch|switch 5
|
|switch|p2a: Virizion|Virizion|131\/323
|move|p1a: Lanturn|Volt Switch|p2a: Virizion
|-resisted|p2a: Virizion
|-damage|p2a: Virizion|107\/323
|choice|switch 4|
|
|switch|p1a: Medicham|Medicham, M|245\/261
|-damage|p1a: Medicham|229\/261|[from] Stealth Rock
|
|upkeep
|turn|16
|choice|move highjumpkick|move leafblade
|
|move|p1a: Medicham|High Jump Kick|p2a: Virizion
|-damage|p2a: Virizion|0 fnt
|faint|p2a: Virizion
|
|upkeep
|choice||switch 6
|
|switch|p2a: Medicham|Medicham, F|261\/261
|turn|17
|choice|move highjumpkick|move zenheadbutt
|
|move|p1a: Medicham|High Jump Kick|p2a: Medicham
|-resisted|p2a: Medicham
|-damage|p2a: Medicham|81\/261
|move|p2a: Medicham|Zen Headbutt|p1a: Medicham|[miss]
|-miss|p2a: Medicham|p1a: Medicham
|
|upkeep
|turn|18
|c| 6ti|rats
|c|★Dundies|x
|c|★Hammy0♧|Dang
|c|★Hammy0♧|I think thats game
|c|★Hammy0♧|Gg
|c|★Dundies|gg
|choice|move highjumpkick|move zenheadbutt
|
|move|p2a: Medicham|Zen Headbutt|p1a: Medicham
|-damage|p1a: Medicham|1\/261
|move|p1a: Medicham|High Jump Kick|p2a: Medicham
|-resisted|p2a: Medicham
|-crit|p2a: Medicham
|-damage|p2a: Medicham|0 fnt
|faint|p2a: Medicham
|
|upkeep
|choice||switch 4
|
|switch|p2a: Flygon|Flygon, M|301\/301
|turn|19
|choice|move highjumpkick|switch 5
|
|switch|p2a: Magneton|Magneton|141\/241
|move|p1a: Medicham|High Jump Kick|p2a: Magneton
|-supereffective|p2a: Magneton
|-damage|p2a: Magneton|0 fnt
|faint|p2a: Magneton
|
|upkeep
|c|★Hammy0♧|maybe you miss
|c|★Hammy0♧|oo
|choice||switch 5
|
|switch|p2a: Flygon|Flygon, M|301\/301
|turn|20
|choice|move highjumpkick|move outrage
|
|move|p1a: Medicham|High Jump Kick|p2a: Flygon
|-damage|p2a: Flygon|0 fnt
|faint|p2a: Flygon
|
|win|Dundies
|player|p1
|player|p2
|c|★Dundies|oo
|l|Hammy0♧
|l|Dundies</script>
</div>
<div class="battle-log battle-log-inline"><div class="inner"><div class="battle-options"></div><div class="inner"><div class="chat"><small>Dundies joined.</small></div><div class="chat"><small>Hammy0♧ joined.</small></div><div class=""><small>Format:</small> <br><strong>RU</strong></div><div class=""><small><em>Sleep Clause Mod:</em> Limit one foe put to sleep</small></div><div class=""><small><em>Species Clause:</em> Limit one of each Pokémon</small></div><div class=""><small><em>OHKO Clause:</em> OHKO moves are banned</small></div><div class=""><small><em>Moody Clause:</em> Moody is banned</small></div><div class=""><small><em>Evasion Moves Clause:</em> Evasion moves are banned</small></div><div class=""><small><em>Endless Battle Clause:</em> Forcing endless battles is banned</small></div><div class=""><small><em>HP Percentage Mod:</em> HP is shown in percentages</small></div><div class=""><small><em>Swagger Clause:</em> Swagger is banned</small></div><div class=""><small><em>Baton Pass Clause:</em> Limit one Baton Passer, can't pass Spe and other stats simultaneously</small></div><div class="chat battle-history"><strong>Dundies's team:</strong> <em style="color:#445566;display:block;">Fletchinder / Lanturn / Flygon / Registeel / Medicham / Venusaur</em></div><div class="chat battle-history"><strong>Hammy0♧'s team:</strong> <em style="color:#445566;display:block;">Delphox / Virizion / Archeops / Flygon / Magneton / Medicham</em></div><div class="chat chatmessage-dundies"><strong style="color:hsl(218,48%,51.92178491239487%)"><small>★</small><span class="username" data-name="Dundies">Dundies</span>:</strong> <em>hf</em></div><div class="chat"><small>6ti joined.</small></div><div class="chat chatmessage-hammy0"><strong style="color:hsl(34,62%,48.32057202993233%)"><small>★</small><span class="username" data-name="Hammy0♧">Hammy0♧</span>:</strong> <em>U2</em></div><div class="spacer battle-history"><br></div><div class="battle-history">Battle started between Dundies and Hammy0♧!<br></div><div class="spacer battle-history"><br></div><div class="battle-history">Go! <strong>Lanturn</strong>!<br></div><div class="spacer battle-history"><br></div><div class="battle-history">Hammy0♧ sent out <strong>Archeops</strong>!<br></div><div class="spacer battle-history"><br></div><h2 class="battle-history">Turn 1</h2><div class="spacer battle-history"><br></div><div class="battle-history">The opposing Archeops used <strong>Stealth Rock</strong>!<br></div><div class="battle-history"><small>Pointed stones float in the air around your team!</small><br></div><div class="spacer battle-history"><br></div><div class="battle-history">Lanturn used <strong>Volt Switch</strong>!<br></div><div class="battle-history"><small>It's super effective!</small><br></div><div class="battle-history"><small>(The opposing Archeops lost <abbr title="−188/354">53.1%</abbr> of its health!)</small><br></div><div class="spacer battle-history"><br></div><div class="battle-history">Lanturn went back to Dundies!<br></div><div class="battle-history">Go! <strong>Medicham</strong>!<br></div><div class="battle-history"><small>Pointed stones dug into Medicham!</small><br></div><div class="spacer battle-history"><br></div><h2 class="battle-history">Turn 2</h2><div class="spacer battle-history"><br></div><div class="battle-history">Medicham used <strong>High Jump Kick</strong>!<br></div><div class="battle-history"><small>(The opposing Archeops lost <abbr title="−166/354">46.9%</abbr> of its health!)</small><br></div><div class="spacer battle-history"><br></div><div class="battle-history">The opposing Archeops fainted!<br></div><div class="chat"><small>Endal joined.</small></div><div class="spacer battle-history"><br></div><div class="battle-history">Hammy0♧ sent out <strong>Delphox</strong>!<br></div><div class="spacer battle-history"><br></div><h2 class="battle-history">Turn 3</h2><div class="chat"><small>Eien joined.</small></div><div class="spacer battle-history"><br></div><div class="battle-history">Medicham, come back!<br></div><div class="battle-history">Go! <strong>Registeel</strong>!<br></div><div class="battle-history"><small>Pointed stones dug into Registeel!</small><br></div><div class="spacer battle-history"><br></div><div class="battle-history">The opposing Delphox used <strong>Calm Mind</strong>!<br></div><div class="battle-history"><small>The opposing Delphox's Special Attack rose!</small><br></div><div class="battle-history"><small>The opposing Delphox's Special Defense rose!</small><br></div><div class="spacer battle-history"><br></div><div class="battle-history"><small>Registeel restored a little HP using its Leftovers!</small><br></div><div class="spacer battle-history"><br></div><h2 class="battle-history">Turn 4</h2><div class="spacer battle-history"><br></div><div class="battle-history">Registeel, come back!<br></div><div class="battle-history">Go! <strong>Flygon</strong>!<br></div><div class="battle-history"><small>Pointed stones dug into Flygon!</small><br></div><div class="spacer battle-history"><br></div><div class="battle-history">The opposing Delphox used <strong>Fire Blast</strong>!<br></div><div class="battle-history"><small>Flygon avoided the attack!</small><br></div><div class="spacer battle-history"><br></div><div class="battle-history"><small>Flygon restored a little HP using its Leftovers!</small><br></div><div class="spacer battle-history"><br></div><h2 class="battle-history">Turn 5</h2><div class="chat chatmessage-endal"><strong style="color:hsl(167,61%,34.666666666666664%)"><small> </small><span class="username" data-name="Endal">Endal</span>:</strong> <em>rip</em></div><div class="spacer battle-history"><br></div><div class="battle-history">The opposing Delphox used <strong>Psychic</strong>!<br></div><div class="battle-history"><small>(Flygon lost <abbr title="−280/329">85.1%</abbr> of its health!)</small><br></div><div class="battle-history"><small>Flygon's Special Defense fell!</small><br></div><div class="spacer battle-history"><br></div><div class="battle-history">Flygon used <strong>Earthquake</strong>!<br></div><div class="battle-history"><small>It's super effective!</small><br></div><div class="battle-history"><small>(The opposing Delphox lost <abbr title="−291/291">100%</abbr> of its health!)</small><br></div><div class="spacer battle-history"><br></div><div class="battle-history">The opposing Delphox fainted!<br></div><div class="spacer battle-history"><br></div><div class="battle-history"><small>Flygon restored a little HP using its Leftovers!</small><br></div><div class="spacer battle-history"><br></div><div class="battle-history">Hammy0♧ sent out <strong>Virizion</strong>!<br></div><div class="spacer battle-history"><br></div><h2 class="battle-history">Turn 6</h2><div class="spacer battle-history"><br></div><div class="battle-history">The opposing Virizion used <strong>Leaf Blade</strong>!<br></div><div class="battle-history"><small>A critical hit!</small><br></div><div class="battle-history"><small>(Flygon lost <abbr title="−69/329">21.0%</abbr> of its health!)</small><br></div><div class="spacer battle-history"><br></div><div class="battle-history">Flygon fainted!<br></div><div class="spacer battle-history"><br></div><div class="battle-history">Go! <strong>Venusaur</strong>!<br></div><div class="battle-history"><small>Pointed stones dug into Venusaur!</small><br></div><div class="spacer battle-history"><br></div><h2 class="battle-history">Turn 7</h2><div class="spacer battle-history"><br></div><div class="battle-history">Hammy0♧ withdrew Virizion!<br></div><div class="battle-history">Hammy0♧ sent out <strong>Magneton</strong>!<br></div><div class="spacer battle-history"><br></div><div class="battle-history">Venusaur used <strong>Sludge Bomb</strong>!<br></div><div class="battle-history"><small>It doesn't affect the opposing Magneton...</small><br></div><div class="spacer battle-history"><br></div><div class="battle-history"><small>Venusaur restored a little HP using its Black Sludge!</small><br></div><div class="spacer battle-history"><br></div><h2 class="battle-history">Turn 8</h2><div class="spacer battle-history"><br></div><div class="battle-history">Hammy0♧ withdrew Magneton!<br></div><div class="battle-history">Hammy0♧ sent out <strong>Virizion</strong>!<br></div><div class="spacer battle-history"><br></div><div class="battle-history">Venusaur used <strong>Sludge Bomb</strong>!<br></div><div class="battle-history"><small>It's super effective!</small><br></div><div class="battle-history"><small>(The opposing Virizion lost <abbr title="−192/323">59.4%</abbr> of its health!)</small><br></div><div class="battle-history"><small>The opposing Virizion was poisoned!</small><br></div><div class="battle-history"><small>The opposing Virizion ate its Lum Berry!</small><br></div><div class="battle-history"><small>The opposing Virizion was cured of its poisoning.</small><br></div><div class="spacer battle-history"><br></div><div class="battle-history"><small>Venusaur restored a little HP using its Black Sludge!</small><br></div><div class="spacer battle-history"><br></div><h2 class="battle-history">Turn 9</h2><div class="chat chatmessage-hammy0"><strong style="color:hsl(34,62%,48.32057202993233%)"><small>★</small><span class="username" data-name="Hammy0♧">Hammy0♧</span>:</strong> <em>Dang</em></div><div class="chat"><small>Eien left.</small></div><div class="spacer battle-history"><br></div><div class="battle-history">Hammy0♧ withdrew Virizion!<br></div><div class="battle-history">Hammy0♧ sent out <strong>Magneton</strong>!<br></div><div class="spacer battle-history"><br></div><div class="battle-history">Venusaur used <strong>Sludge Bomb</strong>!<br></div><div class="battle-history"><small>It doesn't affect the opposing Magneton...</small><br></div><div class="spacer battle-history"><br></div><div class="battle-history"><small>Venusaur restored a little HP using its Black Sludge!</small><br></div><div class="spacer battle-history"><br></div><h2 class="battle-history">Turn 10</h2><div class="spacer battle-history"><br></div><div class="battle-history">Hammy0♧ withdrew Magneton!<br></div><div class="battle-history">Hammy0♧ sent out <strong>Flygon</strong>!<br></div><div class="spacer battle-history"><br></div><div class="battle-history">Venusaur, come back!<br></div><div class="battle-history">Go! <strong>Lanturn</strong>!<br></div><div class="battle-history"><small>Pointed stones dug into Lanturn!</small><br></div><div class="spacer battle-history"><br></div><div class="battle-history"><small>Lanturn restored a little HP using its Leftovers!</small><br></div><div class="spacer battle-history"><br></div><h2 class="battle-history">Turn 11</h2><div class="spacer battle-history"><br></div><div class="battle-history">Lanturn used <strong>Protect</strong>!<br></div><div class="battle-history"><small>Lanturn protected itself!</small><br></div><div class="spacer battle-history"><br></div><div class="battle-history">The opposing Flygon used <strong>Earthquake</strong>!<br></div><div class="battle-history"><small>Lanturn protected itself!</small><br></div><div class="spacer battle-history"><br></div><div class="battle-history"><small>Lanturn restored a little HP using its Leftovers!</small><br></div><div class="spacer battle-history"><br></div><h2 class="battle-history">Turn 12</h2><div class="spacer battle-history"><br></div><div class="battle-history">Lanturn, come back!<br></div><div class="battle-history">Go! <strong>Registeel</strong>!<br></div><div class="battle-history"><small>Pointed stones dug into Registeel!</small><br></div><div class="spacer battle-history"><br></div><div class="battle-history">The opposing Flygon used <strong>Earthquake</strong>!<br></div><div class="battle-history"><small>It's super effective!</small><br></div><div class="battle-history"><small>(Registeel lost <abbr title="−288/364">79.1%</abbr> of its health!)</small><br></div><div class="spacer battle-history"><br></div><div class="battle-history"><small>Registeel restored a little HP using its Leftovers!</small><br></div><div class="spacer battle-history"><br></div><h2 class="battle-history">Turn 13</h2><div class="spacer battle-history"><br></div><div class="battle-history">Hammy0♧ withdrew Flygon!<br></div><div class="battle-history">Hammy0♧ sent out <strong>Magneton</strong>!<br></div><div class="spacer battle-history"><br></div><div class="battle-history">Registeel used <strong>Seismic Toss</strong>!<br></div><div class="battle-history"><small>(The opposing Magneton lost <abbr title="−100/241">41.5%</abbr> of its health!)</small><br></div><div class="spacer battle-history"><br></div><div class="battle-history"><small>Registeel restored a little HP using its Leftovers!</small><br></div><div class="spacer battle-history"><br></div><h2 class="battle-history">Turn 14</h2><div class="spacer battle-history"><br></div><div class="battle-history">The opposing Magneton used <strong>Thunderbolt</strong>!<br></div><div class="battle-history"><small>(Registeel lost <abbr title="−98/364">26.9%</abbr> of its health!)</small><br></div><div class="spacer battle-history"><br></div><div class="battle-history">Registeel fainted!<br></div><div class="spacer battle-history"><br></div><div class="battle-history">Go! <strong>Lanturn</strong>!<br></div><div class="battle-history"><small>Pointed stones dug into Lanturn!</small><br></div><div class="spacer battle-history"><br></div><h2 class="battle-history">Turn 15</h2><div class="spacer battle-history"><br></div><div class="battle-history">Hammy0♧ withdrew Magneton!<br></div><div class="battle-history">Hammy0♧ sent out <strong>Virizion</strong>!<br></div><div class="spacer battle-history"><br></div><div class="battle-history">Lanturn used <strong>Volt Switch</strong>!<br></div><div class="battle-history"><small>It's not very effective...</small><br></div><div class="battle-history"><small>(The opposing Virizion lost <abbr title="−24/323">7.4%</abbr> of its health!)</small><br></div><div class="spacer battle-history"><br></div><div class="battle-history">Lanturn went back to Dundies!<br></div><div class="battle-history">Go! <strong>Medicham</strong>!<br></div><div class="battle-history"><small>Pointed stones dug into Medicham!</small><br></div><div class="spacer battle-history"><br></div><h2 class="battle-history">Turn 16</h2><div class="spacer battle-history"><br></div><div class="battle-history">Medicham used <strong>High Jump Kick</strong>!<br></div><div class="battle-history"><small>(The opposing Virizion lost <abbr title="−107/323">33.1%</abbr> of its health!)</small><br></div><div class="spacer battle-history"><br></div><div class="battle-history">The opposing Virizion fainted!<br></div><div class="spacer battle-history"><br></div><div class="battle-history">Hammy0♧ sent out <strong>Medicham</strong>!<br></div><div class="spacer battle-history"><br></div><h2 class="battle-history">Turn 17</h2><div class="spacer battle-history"><br></div><div class="battle-history">Medicham used <strong>High Jump Kick</strong>!<br></div><div class="battle-history"><small>It's not very effective...</small><br></div><div class="battle-history"><small>(The opposing Medicham lost <abbr title="−180/261">69.0%</abbr> of its health!)</small><br></div><div class="spacer battle-history"><br></div><div class="battle-history">The opposing Medicham used <strong>Zen Headbutt</strong>!<br></div><div class="battle-history"><small>Medicham avoided the attack!</small><br></div><div class="spacer battle-history"><br></div><h2 class="battle-history">Turn 18</h2><div class="chat chatmessage-6ti"><strong style="color:hsl(285,65%,51.47853547222188%)"><small> </small><span class="username" data-name="6ti">6ti</span>:</strong> <em>rats</em></div><div class="chat chatmessage-dundies"><strong style="color:hsl(218,48%,51.92178491239487%)"><small>★</small><span class="username" data-name="Dundies">Dundies</span>:</strong> <em>x</em></div><div class="chat chatmessage-hammy0"><strong style="color:hsl(34,62%,48.32057202993233%)"><small>★</small><span class="username" data-name="Hammy0♧">Hammy0♧</span>:</strong> <em>Dang</em></div><div class="chat chatmessage-hammy0"><strong style="color:hsl(34,62%,48.32057202993233%)"><small>★</small><span class="username" data-name="Hammy0♧">Hammy0♧</span>:</strong> <em>I think thats game</em></div><div class="chat chatmessage-hammy0"><strong style="color:hsl(34,62%,48.32057202993233%)"><small>★</small><span class="username" data-name="Hammy0♧">Hammy0♧</span>:</strong> <em>Gg</em></div><div class="chat chatmessage-dundies"><strong style="color:hsl(218,48%,51.92178491239487%)"><small>★</small><span class="username" data-name="Dundies">Dundies</span>:</strong> <em>gg</em></div><div class="spacer battle-history"><br></div><div class="battle-history">The opposing Medicham used <strong>Zen Headbutt</strong>!<br></div><div class="battle-history"><small>(Medicham lost <abbr title="−228/261">87.4%</abbr> of its health!)</small><br></div><div class="spacer battle-history"><br></div><div class="battle-history">Medicham used <strong>High Jump Kick</strong>!<br></div><div class="battle-history"><small>It's not very effective...</small><br></div><div class="battle-history"><small>A critical hit!</small><br></div><div class="battle-history"><small>(The opposing Medicham lost <abbr title="−81/261">31.0%</abbr> of its health!)</small><br></div><div class="spacer battle-history"><br></div><div class="battle-history">The opposing Medicham fainted!<br></div><div class="spacer battle-history"><br></div><div class="battle-history">Hammy0♧ sent out <strong>Flygon</strong>!<br></div><div class="spacer battle-history"><br></div><h2 class="battle-history">Turn 19</h2><div class="spacer battle-history"><br></div><div class="battle-history">Hammy0♧ withdrew Flygon!<br></div><div class="battle-history">Hammy0♧ sent out <strong>Magneton</strong>!<br></div><div class="spacer battle-history"><br></div><div class="battle-history">Medicham used <strong>High Jump Kick</strong>!<br></div><div class="battle-history"><small>It's super effective!</small><br></div><div class="battle-history"><small>(The opposing Magneton lost <abbr title="−141/241">58.5%</abbr> of its health!)</small><br></div><div class="spacer battle-history"><br></div><div class="battle-history">The opposing Magneton fainted!<br></div><div class="chat chatmessage-hammy0"><strong style="color:hsl(34,62%,48.32057202993233%)"><small>★</small><span class="username" data-name="Hammy0♧">Hammy0♧</span>:</strong> <em>maybe you miss</em></div><div class="chat chatmessage-hammy0"><strong style="color:hsl(34,62%,48.32057202993233%)"><small>★</small><span class="username" data-name="Hammy0♧">Hammy0♧</span>:</strong> <em>oo</em></div><div class="spacer battle-history"><br></div><div class="battle-history">Hammy0♧ sent out <strong>Flygon</strong>!<br></div><div class="spacer battle-history"><br></div><h2 class="battle-history">Turn 20</h2><div class="spacer battle-history"><br></div><div class="battle-history">Medicham used <strong>High Jump Kick</strong>!<br></div><div class="battle-history"><small>(The opposing Flygon lost <abbr title="−301/301">100%</abbr> of its health!)</small><br></div><div class="spacer battle-history"><br></div><div class="battle-history">The opposing Flygon fainted!<br></div><div class="spacer battle-history"><br></div><div class="battle-history"><strong>Dundies</strong> won the battle!<br></div><div class="chat chatmessage-dundies"><strong style="color:hsl(218,48%,51.92178491239487%)"><small>★</small><span class="username" data-name="Dundies">Dundies</span>:</strong> <em>oo</em></div><div class="chat"><small>Hammy0♧ left.</small></div><div class="chat"><small>Dundies left.</small></div></div><div class="inner-preempt"></div></div></div>
</div>
<script>
let daily = Math.floor(Date.now()/1000/60/60/24);document.write('<script src="https://play.pokemonshowdown.com/js/replay-embed.js?version'+daily+'"></'+'script>');
</script>
