<!DOCTYPE html>
<meta charset="utf-8" />
<!-- version 1 -->
<title>RU replay: OnlyCartoon vs. PuddingKnife</title>
<style>
html,body {font-family:Verdana, sans-serif;font-size:10pt;margin:0;padding:0;}body{padding:12px 0;} .battle-log {font-family:Verdana, sans-serif;font-size:10pt;} .battle-log-inline {border:1px solid #AAAAAA;background:#EEF2F5;color:black;max-width:640px;margin:0 auto 80px;padding-bottom:5px;} .battle-log .inner {padding:4px 8px 0px 8px;} .battle-log .inner-preempt {padding:0 8px 4px 8px;} .battle-log .inner-after {margin-top:0.5em;} .battle-log h2 {margin:0.5em -8px;padding:4px 8px;border:1px solid #AAAAAA;background:#E0E7EA;border-left:0;border-right:0;font-family:Verdana, sans-serif;font-size:13pt;} .battle-log .chat {vertical-align:middle;padding:3px 0 3px 0;font-size:8pt;} .battle-log .chat strong {color:#40576A;} .battle-log .chat em {padding:1px 4px 1px 3px;color:#000000;font-style:normal;} .chat.mine {background:rgba(0,0,0,0.05);margin-left:-8px;margin-right:-8px;padding-left:8px;padding-right:8px;} .spoiler {color:#BBBBBB;background:#BBBBBB;padding:0px 3px;} .spoiler:hover, .spoiler:active, .spoiler-shown {color:#000000;background:#E2E2E2;padding:0px 3px;} .spoiler a {color:#BBBBBB;} .spoiler:hover a, .spoiler:active a, .spoiler-shown a {color:#2288CC;} .chat code, .chat .spoiler:hover code, .chat .spoiler:active code, .chat .spoiler-shown code {border:1px solid #C0C0C0;background:#EEEEEE;color:black;padding:0 2px;} .chat .spoiler code {border:1px solid #CCCCCC;background:#CCCCCC;color:#CCCCCC;} .battle-log .rated {padding:3px 4px;} .battle-log .rated strong {color:white;background:#89A;padding:1px 4px;border-radius:4px;} .spacer {margin-top:0.5em;} .message-announce {background:#6688AA;color:white;padding:1px 4px 2px;} .message-announce a, .broadcast-green a, .broadcast-blue a, .broadcast-red a {color:#DDEEFF;} .broadcast-green {background-color:#559955;color:white;padding:2px 4px;} .broadcast-blue {background-color:#6688AA;color:white;padding:2px 4px;} .infobox {border:1px solid #6688AA;padding:2px 4px;} .infobox-limited {max-height:200px;overflow:auto;overflow-x:hidden;} .broadcast-red {background-color:#AA5544;color:white;padding:2px 4px;} .message-learn-canlearn {font-weight:bold;color:#228822;text-decoration:underline;} .message-learn-cannotlearn {font-weight:bold;color:#CC2222;text-decoration:underline;} .message-effect-weak {font-weight:bold;color:#CC2222;} .message-effect-resist {font-weight:bold;color:#6688AA;} .message-effect-immune {font-weight:bold;color:#666666;} .message-learn-list {margin-top:0;margin-bottom:0;} .message-throttle-notice, .message-error {color:#992222;} .message-overflow, .chat small.message-overflow {font-size:0pt;} .message-overflow::before {font-size:9pt;content:'...';} .subtle {color:#3A4A66;}
</style>
<div class="wrapper replay-wrapper" style="max-width:1180px;margin:0 auto">
<input type="hidden" name="replayid" value="ru-486721689" />
<div class="battle"></div><div class="battle-log"></div><div class="replay-controls"></div><div class="replay-controls-2"></div>
<h1 style="font-weight:normal;text-align:center"><strong>RU</strong><br /><a href="http://pokemonshowdown.com/users/onlycartoon" class="subtle" target="_blank">OnlyCartoon</a> vs. <a href="http://pokemonshowdown.com/users/puddingknife" class="subtle" target="_blank">PuddingKnife</a></h1>
<script type="text/plain" class="battle-log-data">|j|OnlyCartoon
|j|PuddingKnife
|player|p1|OnlyCartoon|67
|player|p2|PuddingKnife|10
|gametype|singles
|gen|6
|tier|RU
|rated
|seed|35842,15617,24258,52821
|rule|Sleep Clause Mod: Limit one foe put to sleep
|rule|Species Clause: Limit one of each Pokémon
|rule|OHKO Clause: OHKO moves are banned
|rule|Moody Clause: Moody is banned
|rule|Evasion Moves Clause: Evasion moves are banned
|rule|Endless Battle Clause: Forcing endless battles is banned
|rule|HP Percentage Mod: HP is shown in percentages
|clearpoke
|poke|p1|Jellicent, M|item
|poke|p1|Regigigas|item
|poke|p1|Scrafty, M|item
|poke|p1|Mismagius, M|item
|poke|p1|Cinccino, F|item
|poke|p1|Stunfisk, F|
|poke|p2|Ambipom, M|item
|poke|p2|Jellicent, M|item
|poke|p2|Flygon, M, shiny|item
|poke|p2|Eelektross, F|item
|poke|p2|Medicham, M|item
|poke|p2|Charizard, M|item
|rule|Swagger Clause: Swagger is banned
|rule|Baton Pass Clause: Limit one Baton Passer, can't pass Spe and other stats simultaneously
|teampreview
|choice|team 6, team 2, team 3, team 4, team 5, team 1|team 2, team 1, team 3, team 4, team 5, team 6
|
|start
|switch|p1a: Moche|Stunfisk, F|422\/422
|switch|p2a: Jellicent|Jellicent, M|342\/342
|turn|1
|choice|switch 6|switch 3
|
|switch|p2a: Flygon|Flygon, M, shiny|301\/301
|switch|p1a: ProfDeMaths|Jellicent, M|404\/404
|
|turn|2
|choice|move willowisp|switch 3
|
|switch|p2a: Jellicent|Jellicent, M|342\/342
|move|p1a: ProfDeMaths|Will-O-Wisp|p2a: Jellicent
|-status|p2a: Jellicent|brn
|
|-damage|p2a: Jellicent|300\/342 brn|[from] brn
|turn|3
|choice|move shadowball|move shadowball
|
|move|p2a: Jellicent|Shadow Ball|p1a: ProfDeMaths
|-supereffective|p1a: ProfDeMaths
|-damage|p1a: ProfDeMaths|212\/404
|move|p1a: ProfDeMaths|Shadow Ball|p2a: Jellicent
|-supereffective|p2a: Jellicent
|-damage|p2a: Jellicent|192\/342 brn
|
|-heal|p1a: ProfDeMaths|237\/404|[from] item: Leftovers
|-damage|p2a: Jellicent|150\/342 brn|[from] brn
|turn|4
|choice|switch 5|move shadowball
|
|switch|p1a: Azumarill 2.0|Cinccino, F|292\/292
|move|p2a: Jellicent|Shadow Ball|p1a: Azumarill 2.0
|-immune|p1a: Azumarill 2.0|[msg]
|
|-damage|p2a: Jellicent|108\/342 brn|[from] brn
|turn|5
|choice|move rockblast|move sludgewave
|
|move|p1a: Azumarill 2.0|Rock Blast|p2a: Jellicent
|-damage|p2a: Jellicent|76\/342 brn
|-damage|p2a: Jellicent|43\/342 brn
|-damage|p2a: Jellicent|10\/342 brn
|-crit|p2a: Jellicent
|-damage|p2a: Jellicent|0 fnt
|-hitcount|p2a: Jellicent|4
|faint|p2a: Jellicent
|
|choice||switch 2
|
|switch|p2a: Ambipom|Ambipom, M|291\/291
|turn|6
|choice|switch 2|move fakeout
|
|switch|p1a: 5ToursEtPuis|Regigigas|424\/424
|-start|p1a: 5ToursEtPuis|ability: Slow Start
|move|p2a: Ambipom|Fake Out|p1a: 5ToursEtPuis
|-enditem|p2a: Ambipom|Normal Gem|[from] gem|[move] Fake Out
|-damage|p1a: 5ToursEtPuis|328\/424
|
|-heal|p1a: 5ToursEtPuis|354\/424|[from] item: Leftovers
|turn|7
|choice|move thunderwave|move poweruppunch
|
|move|p2a: Ambipom|Power-Up Punch|p1a: 5ToursEtPuis
|-supereffective|p1a: 5ToursEtPuis
|-crit|p1a: 5ToursEtPuis
|-damage|p1a: 5ToursEtPuis|208\/424
|-boost|p2a: Ambipom|atk|1
|move|p1a: 5ToursEtPuis|Thunder Wave|p2a: Ambipom
|-status|p2a: Ambipom|par
|
|-heal|p1a: 5ToursEtPuis|234\/424|[from] item: Leftovers
|turn|8
|choice|move drainpunch|move doublehit
|
|move|p1a: 5ToursEtPuis|Drain Punch|p2a: Ambipom
|-supereffective|p2a: Ambipom
|-damage|p2a: Ambipom|151\/291 par
|-heal|p1a: 5ToursEtPuis|304\/424|[from] drain|[of] p2a: Ambipom
|move|p2a: Ambipom|Double Hit|p1a: 5ToursEtPuis
|-damage|p1a: 5ToursEtPuis|208\/424
|-damage|p1a: 5ToursEtPuis|109\/424
|-hitcount|p1a: 5ToursEtPuis|2
|
|-heal|p1a: 5ToursEtPuis|135\/424|[from] item: Leftovers
|turn|9
|choice|move drainpunch|move lastresort
|
|move|p1a: 5ToursEtPuis|Drain Punch|p2a: Ambipom
|-supereffective|p2a: Ambipom
|-damage|p2a: Ambipom|15\/291 par
|-heal|p1a: 5ToursEtPuis|203\/424|[from] drain|[of] p2a: Ambipom
|cant|p2a: Ambipom|par
|
|-heal|p1a: 5ToursEtPuis|229\/424|[from] item: Leftovers
|turn|10
|choice|move knockoff|move lastresort
|
|move|p1a: 5ToursEtPuis|Knock Off|p2a: Ambipom
|-damage|p2a: Ambipom|0 fnt
|faint|p2a: Ambipom
|
|-end|p1a: 5ToursEtPuis|Slow Start
|-heal|p1a: 5ToursEtPuis|255\/424|[from] item: Leftovers
|choice||switch 5
|
|switch|p2a: Medicham|Medicham, M|261\/261
|turn|11
|choice|move knockoff|move drainpunch
|
|move|p2a: Medicham|Drain Punch|p1a: 5ToursEtPuis
|-supereffective|p1a: 5ToursEtPuis
|-damage|p1a: 5ToursEtPuis|0 fnt
|-damage|p2a: Medicham|235\/261|[from] item: Life Orb
|faint|p1a: 5ToursEtPuis
|-end|p1a: 5ToursEtPuis|Slow Start|[silent]
|
|choice|switch 4|
|
|-end|p1: 5ToursEtPuis|Slow Start|[silent]
|switch|p1a: RouletteRusse|Mismagius, M|262\/262
|turn|12
|choice|move willowisp|move poisonjab
|
|move|p1a: RouletteRusse|Will-O-Wisp|p2a: Medicham
|-status|p2a: Medicham|brn
|move|p2a: Medicham|Poison Jab|p1a: RouletteRusse
|-resisted|p1a: RouletteRusse
|-damage|p1a: RouletteRusse|197\/262
|-damage|p2a: Medicham|209\/261 brn|[from] item: Life Orb
|
|-damage|p2a: Medicham|177\/261 brn|[from] brn
|turn|13
|choice|switch 3|move icepunch
|
|switch|p1a: Andre|Scrafty, M|272\/272
|move|p2a: Medicham|Ice Punch|p1a: Andre
|-damage|p1a: Andre|210\/272
|-damage|p2a: Medicham|151\/261 brn|[from] item: Life Orb
|
|-damage|p2a: Medicham|119\/261 brn|[from] brn
|turn|14
|choice|switch 5|move drainpunch
|
|switch|p1a: ProfDeMaths|Jellicent, M|237\/404
|move|p2a: Medicham|Drain Punch|p1a: ProfDeMaths
|-immune|p1a: ProfDeMaths|[msg]
|
|-heal|p1a: ProfDeMaths|262\/404|[from] item: Leftovers
|-damage|p2a: Medicham|87\/261 brn|[from] brn
|turn|15
|choice|move recover|move poisonjab
|
|move|p2a: Medicham|Poison Jab|p1a: ProfDeMaths
|-resisted|p1a: ProfDeMaths
|-damage|p1a: ProfDeMaths|223\/404
|-damage|p2a: Medicham|61\/261 brn|[from] item: Life Orb
|move|p1a: ProfDeMaths|Recover|p1a: ProfDeMaths
|-heal|p1a: ProfDeMaths|404\/404
|
|-damage|p2a: Medicham|29\/261 brn|[from] brn
|turn|16
|choice|switch 5|move icepunch
|
|switch|p1a: Andre|Scrafty, M|210\/272
|move|p2a: Medicham|Ice Punch|p1a: Andre
|-damage|p1a: Andre|139\/272
|-damage|p2a: Medicham|3\/261 brn|[from] item: Life Orb
|
|-damage|p2a: Medicham|0 fnt|[from] brn
|faint|p2a: Medicham
|choice||switch 3
|
|switch|p2a: Flygon|Flygon, M, shiny|301\/301
|turn|17
|choice|switch 6|move earthquake
|
|switch|p1a: Moche|Stunfisk, F|422\/422
|move|p2a: Flygon|Earthquake|p1a: Moche
|-supereffective|p1a: Moche
|-damage|p1a: Moche|60\/422
|
|turn|18
|choice|move hiddenpower|move dragonclaw
|
|move|p2a: Flygon|Dragon Claw|p1a: Moche
|-damage|p1a: Moche|0 fnt
|faint|p1a: Moche
|
|choice|switch 3|
|
|switch|p1a: RouletteRusse|Mismagius, M|197\/262
|turn|19
|choice|move dazzlinggleam|move outrage
|
|move|p1a: RouletteRusse|Dazzling Gleam|p2a: Flygon
|-supereffective|p2a: Flygon
|-damage|p2a: Flygon|0 fnt
|faint|p2a: Flygon
|
|choice||switch 6
|
|switch|p2a: Charizard|Charizard, M|297\/297
|turn|20
|choice|move dazzlinggleam|move airslash
|
|move|p1a: RouletteRusse|Dazzling Gleam|p2a: Charizard
|-resisted|p2a: Charizard
|-damage|p2a: Charizard|224\/297
|move|p2a: Charizard|Air Slash|p1a: RouletteRusse
|-crit|p1a: RouletteRusse
|-damage|p1a: RouletteRusse|25\/262
|
|turn|21
|choice|switch 5|move airslash
|
|switch|p1a: ProfDeMaths|Jellicent, M|404\/404
|move|p2a: Charizard|Air Slash|p1a: ProfDeMaths
|-damage|p1a: ProfDeMaths|289\/404
|
|-heal|p1a: ProfDeMaths|314\/404|[from] item: Leftovers
|turn|22
|choice|move scald|switch 4
|
|switch|p2a: Eelektross|Eelektross, F|311\/311
|move|p1a: ProfDeMaths|Scald|p2a: Eelektross
|-damage|p2a: Eelektross|212\/311
|
|-heal|p1a: ProfDeMaths|339\/404|[from] item: Leftovers
|turn|23
|choice|switch 5|move wildcharge
|
|switch|p1a: RouletteRusse|Mismagius, M|25\/262
|move|p2a: Eelektross|Wild Charge|p1a: RouletteRusse
|-damage|p1a: RouletteRusse|0 fnt
|-damage|p2a: Eelektross|206\/311|[from] recoil|[of] p1a: RouletteRusse
|faint|p1a: RouletteRusse
|
|choice|switch 6|
|
|switch|p1a: Andre|Scrafty, M|139\/272
|turn|24
|choice|move highjumpkick|move wildcharge
|
|move|p1a: Andre|High Jump Kick|p2a: Eelektross
|-damage|p2a: Eelektross|0 fnt
|-damage|p1a: Andre|112\/272|[from] item: Life Orb
|faint|p2a: Eelektross
|-ability|p1a: Andre|Moxie|boost
|-boost|p1a: Andre|atk|1
|
|choice||switch 4
|
|switch|p2a: Charizard|Charizard, M|224\/297
|turn|25
|choice|move knockoff|move airslash
|
|move|p2a: Charizard|Air Slash|p1a: Andre
|-supereffective|p1a: Andre
|-damage|p1a: Andre|0 fnt
|faint|p1a: Andre
|
|choice|switch 2|
|
|switch|p1a: Azumarill 2.0|Cinccino, F|292\/292
|turn|26
|choice|move rockblast|move airslash
|
|move|p1a: Azumarill 2.0|Rock Blast|p2a: Charizard
|-supereffective|p2a: Charizard
|-damage|p2a: Charizard|96\/297
|-enditem|p2a: Charizard|Sitrus Berry|[eat]
|-heal|p2a: Charizard|170\/297|[from] item: Sitrus Berry
|-supereffective|p2a: Charizard
|-damage|p2a: Charizard|42\/297
|-supereffective|p2a: Charizard
|-damage|p2a: Charizard|0 fnt
|-hitcount|p2a: Charizard|3
|faint|p2a: Charizard
|
|win|OnlyCartoon
|player|p1
|player|p2
|c|★PuddingKnife|gg :)</script>
</div>
<div class="battle-log battle-log-inline"><div class="inner"><div class="battle-options"></div><div class="inner"><div class="chat"><small>OnlyCartoon joined.</small></div><div class="chat"><small>PuddingKnife joined.</small></div><div class=""><small>Format:</small> <br><strong>RU</strong></div><div class="rated"><strong>Rated battle</strong></div><div class=""><small><em>Sleep Clause Mod:</em> Limit one foe put to sleep</small></div><div class=""><small><em>Species Clause:</em> Limit one of each Pokémon</small></div><div class=""><small><em>OHKO Clause:</em> OHKO moves are banned</small></div><div class=""><small><em>Moody Clause:</em> Moody is banned</small></div><div class=""><small><em>Evasion Moves Clause:</em> Evasion moves are banned</small></div><div class=""><small><em>Endless Battle Clause:</em> Forcing endless battles is banned</small></div><div class=""><small><em>HP Percentage Mod:</em> HP is shown in percentages</small></div><div class=""><small><em>Swagger Clause:</em> Swagger is banned</small></div><div class=""><small><em>Baton Pass Clause:</em> Limit one Baton Passer, can't pass Spe and other stats simultaneously</small></div><div class="chat battle-history"><strong>OnlyCartoon's team:</strong> <em style="color:#445566;display:block;">Jellicent / Regigigas / Scrafty / Mismagius / Cinccino / Stunfisk</em></div><div class="chat battle-history"><strong>PuddingKnife's team:</strong> <em style="color:#445566;display:block;">Ambipom / Jellicent / Flygon / Eelektross / Medicham / Charizard</em></div><div class="spacer battle-history"><br></div><div class="battle-history">Battle started between OnlyCartoon and PuddingKnife!<br></div><div class="spacer battle-history"><br></div><div class="battle-history">Go! Moche (<strong>Stunfisk</strong>)!<br></div><div class="spacer battle-history"><br></div><div class="battle-history">PuddingKnife sent out <strong>Jellicent</strong>!<br></div><div class="spacer battle-history"><br></div><h2 class="battle-history">Turn 1</h2><div class="spacer battle-history"><br></div><div class="battle-history">PuddingKnife withdrew Jellicent!<br></div><div class="battle-history">PuddingKnife sent out <strong>Flygon</strong>!<br></div><div class="spacer battle-history"><br></div><div class="battle-history">Moche, come back!<br></div><div class="battle-history">Go! ProfDeMaths (<strong>Jellicent</strong>)!<br></div><div class="spacer battle-history"><br></div><h2 class="battle-history">Turn 2</h2><div class="spacer battle-history"><br></div><div class="battle-history">PuddingKnife withdrew Flygon!<br></div><div class="battle-history">PuddingKnife sent out <strong>Jellicent</strong>!<br></div><div class="spacer battle-history"><br></div><div class="battle-history">ProfDeMaths used <strong>Will-O-Wisp</strong>!<br></div><div class="battle-history"><small>The opposing Jellicent was burned!</small><br></div><div class="spacer battle-history"><br></div><div class="battle-history"><small>The opposing Jellicent was hurt by its burn!</small><br></div><div class="spacer battle-history"><br></div><h2 class="battle-history">Turn 3</h2><div class="spacer battle-history"><br></div><div class="battle-history">The opposing Jellicent used <strong>Shadow Ball</strong>!<br></div><div class="battle-history"><small>It's super effective!</small><br></div><div class="battle-history"><small>(ProfDeMaths lost <abbr title="−192/404">47.5%</abbr> of its health!)</small><br></div><div class="spacer battle-history"><br></div><div class="battle-history">ProfDeMaths used <strong>Shadow Ball</strong>!<br></div><div class="battle-history"><small>It's super effective!</small><br></div><div class="battle-history"><small>(The opposing Jellicent lost <abbr title="−108/342">31.6%</abbr> of its health!)</small><br></div><div class="spacer battle-history"><br></div><div class="battle-history"><small>ProfDeMaths restored a little HP using its Leftovers!</small><br></div><div class="battle-history"><small>The opposing Jellicent was hurt by its burn!</small><br></div><div class="spacer battle-history"><br></div><h2 class="battle-history">Turn 4</h2><div class="spacer battle-history"><br></div><div class="battle-history">ProfDeMaths, come back!<br></div><div class="battle-history">Go! Azumarill 2.0 (<strong>Cinccino</strong>)!<br></div><div class="spacer battle-history"><br></div><div class="battle-history">The opposing Jellicent used <strong>Shadow Ball</strong>!<br></div><div class="battle-history"><small>It doesn't affect Azumarill 2.0...</small><br></div><div class="spacer battle-history"><br></div><div class="battle-history"><small>The opposing Jellicent was hurt by its burn!</small><br></div><div class="spacer battle-history"><br></div><h2 class="battle-history">Turn 5</h2><div class="spacer battle-history"><br></div><div class="battle-history">Azumarill 2.0 used <strong>Rock Blast</strong>!<br></div><div class="battle-history"><small>(The opposing Jellicent lost <abbr title="−32/342">9.4%</abbr> of its health!)</small><br></div><div class="battle-history"><small>(The opposing Jellicent lost <abbr title="−33/342">9.6%</abbr> of its health!)</small><br></div><div class="battle-history"><small>(The opposing Jellicent lost <abbr title="−33/342">9.6%</abbr> of its health!)</small><br></div><div class="battle-history"><small>A critical hit!</small><br></div><div class="battle-history"><small>(The opposing Jellicent lost <abbr title="−10/342">2.9%</abbr> of its health!)</small><br></div><div class="battle-history"><small>Hit 4 times!</small><br></div><div class="spacer battle-history"><br></div><div class="battle-history">The opposing Jellicent fainted!<br></div><div class="spacer battle-history"><br></div><div class="battle-history">PuddingKnife sent out <strong>Ambipom</strong>!<br></div><div class="spacer battle-history"><br></div><h2 class="battle-history">Turn 6</h2><div class="spacer battle-history"><br></div><div class="battle-history">Azumarill 2.0, come back!<br></div><div class="battle-history">Go! 5ToursEtPuis (<strong>Regigigas</strong>)!<br></div><div class="battle-history"><small>[5ToursEtPuis's Slow Start]</small><br><small>5ToursEtPuis can't get it going!</small><br></div><div class="spacer battle-history"><br></div><div class="battle-history">The opposing Ambipom used <strong>Fake Out</strong>!<br></div><div class="battle-history"><small>The Normal Gem strengthened the opposing Ambipom's power!</small><br></div><div class="battle-history"><small>(5ToursEtPuis lost <abbr title="−96/424">22.6%</abbr> of its health!)</small><br></div><div class="spacer battle-history"><br></div><div class="battle-history"><small>5ToursEtPuis restored a little HP using its Leftovers!</small><br></div><div class="spacer battle-history"><br></div><h2 class="battle-history">Turn 7</h2><div class="spacer battle-history"><br></div><div class="battle-history">The opposing Ambipom used <strong>Power-Up Punch</strong>!<br></div><div class="battle-history"><small>It's super effective!</small><br></div><div class="battle-history"><small>A critical hit!</small><br></div><div class="battle-history"><small>(5ToursEtPuis lost <abbr title="−146/424">34.4%</abbr> of its health!)</small><br></div><div class="battle-history"><small>The opposing Ambipom's Attack rose!</small><br></div><div class="spacer battle-history"><br></div><div class="battle-history">5ToursEtPuis used <strong>Thunder Wave</strong>!<br></div><div class="battle-history"><small>The opposing Ambipom is paralyzed! It may be unable to move!</small><br></div><div class="spacer battle-history"><br></div><div class="battle-history"><small>5ToursEtPuis restored a little HP using its Leftovers!</small><br></div><div class="spacer battle-history"><br></div><h2 class="battle-history">Turn 8</h2><div class="spacer battle-history"><br></div><div class="battle-history">5ToursEtPuis used <strong>Drain Punch</strong>!<br></div><div class="battle-history"><small>It's super effective!</small><br></div><div class="battle-history"><small>(The opposing Ambipom lost <abbr title="−140/291">48.1%</abbr> of its health!)</small><br></div><div class="battle-history"><small>The opposing Ambipom had its energy drained!</small><br></div><div class="spacer battle-history"><br></div><div class="battle-history">The opposing Ambipom used <strong>Double Hit</strong>!<br></div><div class="battle-history"><small>(5ToursEtPuis lost <abbr title="−96/424">22.6%</abbr> of its health!)</small><br></div><div class="battle-history"><small>(5ToursEtPuis lost <abbr title="−99/424">23.3%</abbr> of its health!)</small><br></div><div class="battle-history"><small>Hit 2 times!</small><br></div><div class="spacer battle-history"><br></div><div class="battle-history"><small>5ToursEtPuis restored a little HP using its Leftovers!</small><br></div><div class="spacer battle-history"><br></div><h2 class="battle-history">Turn 9</h2><div class="spacer battle-history"><br></div><div class="battle-history">5ToursEtPuis used <strong>Drain Punch</strong>!<br></div><div class="battle-history"><small>It's super effective!</small><br></div><div class="battle-history"><small>(The opposing Ambipom lost <abbr title="−136/291">46.7%</abbr> of its health!)</small><br></div><div class="battle-history"><small>The opposing Ambipom had its energy drained!</small><br></div><div class="spacer battle-history"><br></div><div class="battle-history">The opposing Ambipom is paralyzed! It can't move!<br></div><div class="spacer battle-history"><br></div><div class="battle-history"><small>5ToursEtPuis restored a little HP using its Leftovers!</small><br></div><div class="spacer battle-history"><br></div><h2 class="battle-history">Turn 10</h2><div class="spacer battle-history"><br></div><div class="battle-history">5ToursEtPuis used <strong>Knock Off</strong>!<br></div><div class="battle-history"><small>(The opposing Ambipom lost <abbr title="−15/291">5.2%</abbr> of its health!)</small><br></div><div class="spacer battle-history"><br></div><div class="battle-history">The opposing Ambipom fainted!<br></div><div class="spacer battle-history"><br></div><div class="battle-history"><small>5ToursEtPuis finally got its act together!</small><br></div><div class="battle-history"><small>5ToursEtPuis restored a little HP using its Leftovers!</small><br></div><div class="spacer battle-history"><br></div><div class="battle-history">PuddingKnife sent out <strong>Medicham</strong>!<br></div><div class="spacer battle-history"><br></div><h2 class="battle-history">Turn 11</h2><div class="spacer battle-history"><br></div><div class="battle-history">The opposing Medicham used <strong>Drain Punch</strong>!<br></div><div class="battle-history"><small>It's super effective!</small><br></div><div class="battle-history"><small>(5ToursEtPuis lost <abbr title="−255/424">60.1%</abbr> of its health!)</small><br></div><div class="battle-history"><small>The opposing Medicham lost some of its HP!</small><br></div><div class="spacer battle-history"><br></div><div class="battle-history">5ToursEtPuis fainted!<br></div><div class="spacer battle-history"><br></div><div class="battle-history">Go! RouletteRusse (<strong>Mismagius</strong>)!<br></div><div class="spacer battle-history"><br></div><h2 class="battle-history">Turn 12</h2><div class="spacer battle-history"><br></div><div class="battle-history">RouletteRusse used <strong>Will-O-Wisp</strong>!<br></div><div class="battle-history"><small>The opposing Medicham was burned!</small><br></div><div class="spacer battle-history"><br></div><div class="battle-history">The opposing Medicham used <strong>Poison Jab</strong>!<br></div><div class="battle-history"><small>It's not very effective...</small><br></div><div class="battle-history"><small>(RouletteRusse lost <abbr title="−65/262">24.8%</abbr> of its health!)</small><br></div><div class="battle-history"><small>The opposing Medicham lost some of its HP!</small><br></div><div class="spacer battle-history"><br></div><div class="battle-history"><small>The opposing Medicham was hurt by its burn!</small><br></div><div class="spacer battle-history"><br></div><h2 class="battle-history">Turn 13</h2><div class="spacer battle-history"><br></div><div class="battle-history">RouletteRusse, come back!<br></div><div class="battle-history">Go! Andre (<strong>Scrafty</strong>)!<br></div><div class="spacer battle-history"><br></div><div class="battle-history">The opposing Medicham used <strong>Ice Punch</strong>!<br></div><div class="battle-history"><small>(Andre lost <abbr title="−62/272">22.8%</abbr> of its health!)</small><br></div><div class="battle-history"><small>The opposing Medicham lost some of its HP!</small><br></div><div class="spacer battle-history"><br></div><div class="battle-history"><small>The opposing Medicham was hurt by its burn!</small><br></div><div class="spacer battle-history"><br></div><h2 class="battle-history">Turn 14</h2><div class="spacer battle-history"><br></div><div class="battle-history">Andre, come back!<br></div><div class="battle-history">Go! ProfDeMaths (<strong>Jellicent</strong>)!<br></div><div class="spacer battle-history"><br></div><div class="battle-history">The opposing Medicham used <strong>Drain Punch</strong>!<br></div><div class="battle-history"><small>It doesn't affect ProfDeMaths...</small><br></div><div class="spacer battle-history"><br></div><div class="battle-history"><small>ProfDeMaths restored a little HP using its Leftovers!</small><br></div><div class="battle-history"><small>The opposing Medicham was hurt by its burn!</small><br></div><div class="spacer battle-history"><br></div><h2 class="battle-history">Turn 15</h2><div class="spacer battle-history"><br></div><div class="battle-history">The opposing Medicham used <strong>Poison Jab</strong>!<br></div><div class="battle-history"><small>It's not very effective...</small><br></div><div class="battle-history"><small>(ProfDeMaths lost <abbr title="−39/404">9.7%</abbr> of its health!)</small><br></div><div class="battle-history"><small>The opposing Medicham lost some of its HP!</small><br></div><div class="spacer battle-history"><br></div><div class="battle-history">ProfDeMaths used <strong>Recover</strong>!<br></div><div class="battle-history"><small>ProfDeMaths restored its HP.</small><br></div><div class="spacer battle-history"><br></div><div class="battle-history"><small>The opposing Medicham was hurt by its burn!</small><br></div><div class="spacer battle-history"><br></div><h2 class="battle-history">Turn 16</h2><div class="spacer battle-history"><br></div><div class="battle-history">ProfDeMaths, come back!<br></div><div class="battle-history">Go! Andre (<strong>Scrafty</strong>)!<br></div><div class="spacer battle-history"><br></div><div class="battle-history">The opposing Medicham used <strong>Ice Punch</strong>!<br></div><div class="battle-history"><small>(Andre lost <abbr title="−71/272">26.1%</abbr> of its health!)</small><br></div><div class="battle-history"><small>The opposing Medicham lost some of its HP!</small><br></div><div class="spacer battle-history"><br></div><div class="battle-history"><small>The opposing Medicham was hurt by its burn!</small><br></div><div class="spacer battle-history"><br></div><div class="battle-history">The opposing Medicham fainted!<br></div><div class="spacer battle-history"><br></div><div class="battle-history">PuddingKnife sent out <strong>Flygon</strong>!<br></div><div class="spacer battle-history"><br></div><h2 class="battle-history">Turn 17</h2><div class="spacer battle-history"><br></div><div class="battle-history">Andre, come back!<br></div><div class="battle-history">Go! Moche (<strong>Stunfisk</strong>)!<br></div><div class="spacer battle-history"><br></div><div class="battle-history">The opposing Flygon used <strong>Earthquake</strong>!<br></div><div class="battle-history"><small>It's super effective!</small><br></div><div class="battle-history"><small>(Moche lost <abbr title="−362/422">85.8%</abbr> of its health!)</small><br></div><div class="spacer battle-history"><br></div><h2 class="battle-history">Turn 18</h2><div class="spacer battle-history"><br></div><div class="battle-history">The opposing Flygon used <strong>Dragon Claw</strong>!<br></div><div class="battle-history"><small>(Moche lost <abbr title="−60/422">14.2%</abbr> of its health!)</small><br></div><div class="spacer battle-history"><br></div><div class="battle-history">Moche fainted!<br></div><div class="spacer battle-history"><br></div><div class="battle-history">Go! RouletteRusse (<strong>Mismagius</strong>)!<br></div><div class="spacer battle-history"><br></div><h2 class="battle-history">Turn 19</h2><div class="spacer battle-history"><br></div><div class="battle-history">RouletteRusse used <strong>Dazzling Gleam</strong>!<br></div><div class="battle-history"><small>It's super effective!</small><br></div><div class="battle-history"><small>(The opposing Flygon lost <abbr title="−301/301">100%</abbr> of its health!)</small><br></div><div class="spacer battle-history"><br></div><div class="battle-history">The opposing Flygon fainted!<br></div><div class="spacer battle-history"><br></div><div class="battle-history">PuddingKnife sent out <strong>Charizard</strong>!<br></div><div class="spacer battle-history"><br></div><h2 class="battle-history">Turn 20</h2><div class="spacer battle-history"><br></div><div class="battle-history">RouletteRusse used <strong>Dazzling Gleam</strong>!<br></div><div class="battle-history"><small>It's not very effective...</small><br></div><div class="battle-history"><small>(The opposing Charizard lost <abbr title="−73/297">24.6%</abbr> of its health!)</small><br></div><div class="spacer battle-history"><br></div><div class="battle-history">The opposing Charizard used <strong>Air Slash</strong>!<br></div><div class="battle-history"><small>A critical hit!</small><br></div><div class="battle-history"><small>(RouletteRusse lost <abbr title="−172/262">65.6%</abbr> of its health!)</small><br></div><div class="spacer battle-history"><br></div><h2 class="battle-history">Turn 21</h2><div class="spacer battle-history"><br></div><div class="battle-history">RouletteRusse, come back!<br></div><div class="battle-history">Go! ProfDeMaths (<strong>Jellicent</strong>)!<br></div><div class="spacer battle-history"><br></div><div class="battle-history">The opposing Charizard used <strong>Air Slash</strong>!<br></div><div class="battle-history"><small>(ProfDeMaths lost <abbr title="−115/404">28.5%</abbr> of its health!)</small><br></div><div class="spacer battle-history"><br></div><div class="battle-history"><small>ProfDeMaths restored a little HP using its Leftovers!</small><br></div><div class="spacer battle-history"><br></div><h2 class="battle-history">Turn 22</h2><div class="spacer battle-history"><br></div><div class="battle-history">PuddingKnife withdrew Charizard!<br></div><div class="battle-history">PuddingKnife sent out <strong>Eelektross</strong>!<br></div><div class="spacer battle-history"><br></div><div class="battle-history">ProfDeMaths used <strong>Scald</strong>!<br></div><div class="battle-history"><small>(The opposing Eelektross lost <abbr title="−99/311">31.8%</abbr> of its health!)</small><br></div><div class="spacer battle-history"><br></div><div class="battle-history"><small>ProfDeMaths restored a little HP using its Leftovers!</small><br></div><div class="spacer battle-history"><br></div><h2 class="battle-history">Turn 23</h2><div class="spacer battle-history"><br></div><div class="battle-history">ProfDeMaths, come back!<br></div><div class="battle-history">Go! RouletteRusse (<strong>Mismagius</strong>)!<br></div><div class="spacer battle-history"><br></div><div class="battle-history">The opposing Eelektross used <strong>Wild Charge</strong>!<br></div><div class="battle-history"><small>(RouletteRusse lost <abbr title="−25/262">9.5%</abbr> of its health!)</small><br></div><div class="battle-history"><small>The opposing Eelektross is damaged by the recoil!</small><br></div><div class="spacer battle-history"><br></div><div class="battle-history">RouletteRusse fainted!<br></div><div class="spacer battle-history"><br></div><div class="battle-history">Go! Andre (<strong>Scrafty</strong>)!<br></div><div class="spacer battle-history"><br></div><h2 class="battle-history">Turn 24</h2><div class="spacer battle-history"><br></div><div class="battle-history">Andre used <strong>High Jump Kick</strong>!<br></div><div class="battle-history"><small>(The opposing Eelektross lost <abbr title="−206/311">66.2%</abbr> of its health!)</small><br></div><div class="battle-history"><small>Andre lost some of its HP!</small><br></div><div class="spacer battle-history"><br></div><div class="battle-history">The opposing Eelektross fainted!<br></div><div class="battle-history"><small>[Andre's Moxie]</small><br></div><div class="battle-history"><small>Andre's Attack rose!</small><br></div><div class="spacer battle-history"><br></div><div class="battle-history">PuddingKnife sent out <strong>Charizard</strong>!<br></div><div class="spacer battle-history"><br></div><h2 class="battle-history">Turn 25</h2><div class="spacer battle-history"><br></div><div class="battle-history">The opposing Charizard used <strong>Air Slash</strong>!<br></div><div class="battle-history"><small>It's super effective!</small><br></div><div class="battle-history"><small>(Andre lost <abbr title="−112/272">41.2%</abbr> of its health!)</small><br></div><div class="spacer battle-history"><br></div><div class="battle-history">Andre fainted!<br></div><div class="spacer battle-history"><br></div><div class="battle-history">Go! Azumarill 2.0 (<strong>Cinccino</strong>)!<br></div><div class="spacer battle-history"><br></div><h2 class="battle-history">Turn 26</h2><div class="spacer battle-history"><br></div><div class="battle-history">Azumarill 2.0 used <strong>Rock Blast</strong>!<br></div><div class="battle-history"><small>It's super effective!</small><br></div><div class="battle-history"><small>(The opposing Charizard lost <abbr title="−128/297">43.1%</abbr> of its health!)</small><br></div><div class="battle-history"><small>The opposing Charizard ate its Sitrus Berry!</small><br></div><div class="battle-history"><small>The opposing Charizard restored HP using its Sitrus Berry!</small><br></div><div class="battle-history"><small>It's super effective!</small><br></div><div class="battle-history"><small>(The opposing Charizard lost <abbr title="−128/297">43.1%</abbr> of its health!)</small><br></div><div class="battle-history"><small>It's super effective!</small><br></div><div class="battle-history"><small>(The opposing Charizard lost <abbr title="−42/297">14.1%</abbr> of its health!)</small><br></div><div class="battle-history"><small>Hit 3 times!</small><br></div><div class="spacer battle-history"><br></div><div class="battle-history">The opposing Charizard fainted!<br></div><div class="spacer battle-history"><br></div><div class="battle-history"><strong>OnlyCartoon</strong> won the battle!<br></div><div class="chat chatmessage-puddingknife"><strong style="color:hsl(212,44%,45.95724857331142%)"><small>★</small><span class="username" data-name="PuddingKnife">PuddingKnife</span>:</strong> <em>gg :)</em></div></div><div class="inner-preempt"></div></div></div>
</div>
<script>
let daily = Math.floor(Date.now()/1000/60/60/24);document.write('<script src="https://play.pokemonshowdown.com/js/replay-embed.js?version'+daily+'"></'+'script>');
</script>
