<!DOCTYPE html>
<meta charset="utf-8" />
<!-- version 1 -->
<title>RU replay: 10blast vs. MaxRapture</title>
<style>
html,body {font-family:Verdana, sans-serif;font-size:10pt;margin:0;padding:0;}body{padding:12px 0;} .battle-log {font-family:Verdana, sans-serif;font-size:10pt;} .battle-log-inline {border:1px solid #AAAAAA;background:#EEF2F5;color:black;max-width:640px;margin:0 auto 80px;padding-bottom:5px;} .battle-log .inner {padding:4px 8px 0px 8px;} .battle-log .inner-preempt {padding:0 8px 4px 8px;} .battle-log .inner-after {margin-top:0.5em;} .battle-log h2 {margin:0.5em -8px;padding:4px 8px;border:1px solid #AAAAAA;background:#E0E7EA;border-left:0;border-right:0;font-family:Verdana, sans-serif;font-size:13pt;} .battle-log .chat {vertical-align:middle;padding:3px 0 3px 0;font-size:8pt;} .battle-log .chat strong {color:#40576A;} .battle-log .chat em {padding:1px 4px 1px 3px;color:#000000;font-style:normal;} .chat.mine {background:rgba(0,0,0,0.05);margin-left:-8px;margin-right:-8px;padding-left:8px;padding-right:8px;} .spoiler {color:#BBBBBB;background:#BBBBBB;padding:0px 3px;} .spoiler:hover, .spoiler:active, .spoiler-shown {color:#000000;background:#E2E2E2;padding:0px 3px;} .spoiler a {color:#BBBBBB;} .spoiler:hover a, .spoiler:active a, .spoiler-shown a {color:#2288CC;} .chat code, .chat .spoiler:hover code, .chat .spoiler:active code, .chat .spoiler-shown code {border:1px solid #C0C0C0;background:#EEEEEE;color:black;padding:0 2px;} .chat .spoiler code {border:1px solid #CCCCCC;background:#CCCCCC;color:#CCCCCC;} .battle-log .rated {padding:3px 4px;} .battle-log .rated strong {color:white;background:#89A;padding:1px 4px;border-radius:4px;} .spacer {margin-top:0.5em;} .message-announce {background:#6688AA;color:white;padding:1px 4px 2px;} .message-announce a, .broadcast-green a, .broadcast-blue a, .broadcast-red a {color:#DDEEFF;} .broadcast-green {background-color:#559955;color:white;padding:2px 4px;} .broadcast-blue {background-color:#6688AA;color:white;padding:2px 4px;} .infobox {border:1px solid #6688AA;padding:2px 4px;} .infobox-limited {max-height:200px;overflow:auto;overflow-x:hidden;} .broadcast-red {background-color:#AA5544;color:white;padding:2px 4px;} .message-learn-canlearn {font-weight:bold;color:#228822;text-decoration:underline;} .message-learn-cannotlearn {font-weight:bold;color:#CC2222;text-decoration:underline;} .message-effect-weak {font-weight:bold;color:#CC2222;} .message-effect-resist {font-weight:bold;color:#6688AA;} .message-effect-immune {font-weight:bold;color:#666666;} .message-learn-list {margin-top:0;margin-bottom:0;} .message-throttle-notice, .message-error {color:#992222;} .message-overflow, .chat small.message-overflow {font-size:0pt;} .message-overflow::before {font-size:9pt;content:'...';} .subtle {color:#3A4A66;}
</style>
<div class="wrapper replay-wrapper" style="max-width:1180px;margin:0 auto">
<input type="hidden" name="replayid" value="ru-536183091" />
<div class="battle"></div><div class="battle-log"></div><div class="replay-controls"></div><div class="replay-controls-2"></div>
<h1 style="font-weight:normal;text-align:center"><strong>RU</strong><br /><a href="http://pokemonshowdown.com/users/10blast" class="subtle" target="_blank">10blast</a> vs. <a href="http://pokemonshowdown.com/users/maxrapture" class="subtle" target="_blank">MaxRapture</a></h1>
<script type="text/plain" class="battle-log-data">|j|10blast
|j|MaxRapture
|player|p1|10blast|68
|player|p2|MaxRapture|143
|gametype|singles
|gen|6
|tier|RU
|rated
|seed|58366,49314,64368,31383
|rule|Sleep Clause Mod: Limit one foe put to sleep
|rule|Species Clause: Limit one of each Pokémon
|rule|OHKO Clause: OHKO moves are banned
|rule|Moody Clause: Moody is banned
|rule|Evasion Moves Clause: Evasion moves are banned
|rule|Endless Battle Clause: Forcing endless battles is banned
|rule|HP Percentage Mod: HP is shown in percentages
|clearpoke
|poke|p1|Rhyperior, F|item
|poke|p1|Bronzong|item
|poke|p1|Slowking, F, shiny|item
|poke|p1|Clawitzer, F|item
|poke|p1|Scrafty, M|item
|poke|p1|Ambipom, M|item
|poke|p2|Accelgor, F|item
|poke|p2|Jellicent, M|item
|poke|p2|Eelektross, F|item
|poke|p2|Xatu, M|item
|poke|p2|Registeel|item
|poke|p2|Sawk, M|item
|rule|Swagger Clause: Swagger is banned
|rule|Baton Pass Clause: Limit one Baton Passer, can't pass Spe and other stats simultaneously
|teampreview
|choice|team 6, team 2, team 3, team 4, team 5, team 1|team 5, team 2, team 3, team 4, team 1, team 6
|
|start
|switch|p1a: Harambe|Ambipom, M|291\/291
|switch|p2a: R-108|Registeel|364\/364
|turn|1
|choice|move fakeout|move thunderwave
|
|move|p1a: Harambe|Fake Out|p2a: R-108
|-resisted|p2a: R-108
|-damage|p2a: R-108|326\/364
|cant|p2a: R-108|flinch
|
|-heal|p2a: R-108|348\/364|[from] item: Leftovers
|upkeep
|turn|2
|choice|move uturn|move thunderwave
|
|move|p1a: Harambe|U-turn|p2a: R-108
|-resisted|p2a: R-108
|-damage|p2a: R-108|321\/364
|choice|switch 2|
|
|switch|p1a: Bronzong|Bronzong|276\/276
|move|p2a: R-108|Thunder Wave|p1a: Bronzong
|-status|p1a: Bronzong|par
|
|-heal|p2a: R-108|343\/364|[from] item: Leftovers
|upkeep
|turn|3
|choice|move stealthrock|switch 4
|
|switch|p2a: Rafiel|Xatu, M|334\/334
|cant|p1a: Bronzong|par
|
|upkeep
|turn|4
|choice|move lightscreen|move nightshade
|
|move|p2a: Rafiel|Night Shade|p1a: Bronzong
|-damage|p1a: Bronzong|176\/276 par
|move|p1a: Bronzong|Light Screen|p1a: Bronzong
|-sidestart|p1: 10blast|move: Light Screen
|
|upkeep
|turn|5
|choice|switch 6|move nightshade
|
|switch|p1a: Rhyperior|Rhyperior, F|434\/434
|move|p2a: Rafiel|Night Shade|p1a: Rhyperior
|-damage|p1a: Rhyperior|334\/434
|
|-heal|p1a: Rhyperior|361\/434|[from] item: Leftovers
|upkeep
|turn|6
|choice|move poweruppunch|move toxic
|
|move|p2a: Rafiel|Toxic|p1a: Rhyperior|[miss]
|-miss|p2a: Rafiel|p1a: Rhyperior
|move|p1a: Rhyperior|Power-Up Punch|p2a: Rafiel
|-resisted|p2a: Rafiel
|-damage|p2a: Rafiel|322\/334
|-damage|p1a: Rhyperior|289\/434|[from] item: Rocky Helmet|[of] p2a: Rafiel
|-boost|p1a: Rhyperior|atk|1
|
|-heal|p1a: Rhyperior|316\/434|[from] item: Leftovers
|upkeep
|turn|7
|choice|move poisonjab|move toxic
|
|move|p2a: Rafiel|Toxic|p1a: Rhyperior
|-status|p1a: Rhyperior|tox
|move|p1a: Rhyperior|Poison Jab|p2a: Rafiel
|-damage|p2a: Rafiel|164\/334
|-damage|p1a: Rhyperior|244\/434 tox|[from] item: Rocky Helmet|[of] p2a: Rafiel
|
|-heal|p1a: Rhyperior|271\/434 tox|[from] item: Leftovers
|-damage|p1a: Rhyperior|244\/434 tox|[from] psn
|upkeep
|turn|8
|choice|move poisonjab|move roost
|
|move|p2a: Rafiel|Roost|p2a: Rafiel
|-heal|p2a: Rafiel|331\/334
|move|p1a: Rhyperior|Poison Jab|p2a: Rafiel
|-damage|p2a: Rafiel|174\/334
|-damage|p1a: Rhyperior|172\/434 tox|[from] item: Rocky Helmet|[of] p2a: Rafiel
|
|-heal|p1a: Rhyperior|199\/434 tox|[from] item: Leftovers
|-damage|p1a: Rhyperior|145\/434 tox|[from] psn
|upkeep
|turn|9
|choice|switch 2|move roost
|
|switch|p1a: Harambe|Ambipom, M|291\/291
|move|p2a: Rafiel|Roost|p2a: Rafiel
|-heal|p2a: Rafiel|334\/334
|
|upkeep
|turn|10
|choice|move fakeout|move uturn
|
|move|p1a: Harambe|Fake Out|p2a: Rafiel
|-damage|p2a: Rafiel|244\/334
|-damage|p1a: Harambe|243\/291|[from] item: Rocky Helmet|[of] p2a: Rafiel
|cant|p2a: Rafiel|flinch
|
|upkeep
|turn|11
|choice|switch 6|switch 4
|
|switch|p1a: Bronzong|Bronzong|176\/276 par
|switch|p2a: R-108|Registeel|343\/364
|
|-heal|p2a: R-108|364\/364|[from] item: Leftovers
|-sideend|p1: 10blast|move: Light Screen
|upkeep
|turn|12
|choice|move stealthrock|move stealthrock
|
|move|p2a: R-108|Stealth Rock|p1a: Bronzong
|-sidestart|p1: 10blast|move: Stealth Rock
|move|p1a: Bronzong|Stealth Rock|p2a: R-108
|-sidestart|p2: MaxRapture|move: Stealth Rock
|
|upkeep
|turn|13
|choice|move reflect|move seismictoss
|
|move|p2a: R-108|Seismic Toss|p1a: Bronzong
|-damage|p1a: Bronzong|76\/276 par
|move|p1a: Bronzong|Reflect|p1a: Bronzong
|-sidestart|p1: 10blast|Reflect
|
|upkeep
|turn|14
|choice|switch 5|move seismictoss
|
|switch|p1a: Scrafty|Scrafty, M|271\/271
|-damage|p1a: Scrafty|255\/271|[from] Stealth Rock
|move|p2a: R-108|Seismic Toss|p1a: Scrafty
|-damage|p1a: Scrafty|155\/271
|
|upkeep
|turn|15
|choice|move dragondance|move seismictoss
|
|move|p1a: Scrafty|Dragon Dance|p1a: Scrafty
|-boost|p1a: Scrafty|atk|1
|-boost|p1a: Scrafty|spe|1
|move|p2a: R-108|Seismic Toss|p1a: Scrafty
|-damage|p1a: Scrafty|55\/271
|
|upkeep
|turn|16
|choice|move drainpunch|move seismictoss
|
|move|p1a: Scrafty|Drain Punch|p2a: R-108
|-supereffective|p2a: R-108
|-crit|p2a: R-108
|-damage|p2a: R-108|0 fnt
|-heal|p1a: Scrafty|237\/271|[from] drain|[of] p2a: R-108
|-damage|p1a: Scrafty|210\/271|[from] item: Life Orb
|faint|p2a: R-108
|
|upkeep
|choice||switch 5
|
|switch|p2a: Krisha|Accelgor, F|364\/364
|-damage|p2a: Krisha|273\/364|[from] Stealth Rock
|turn|17
|choice|move drainpunch|move finalgambit
|
|move|p2a: Krisha|Final Gambit|p1a: Scrafty
|-damage|p1a: Scrafty|0 fnt
|faint|p2a: Krisha
|faint|p1a: Scrafty
|
|upkeep
|choice|switch 2|switch 4
|
|switch|p2a: Rafiel|Xatu, M|244\/334
|switch|p1a: Rhyperior|Rhyperior, F|145\/434 tox
|-damage|p2a: Rafiel|161\/334|[from] Stealth Rock
|-damage|p1a: Rhyperior|118\/434 tox|[from] Stealth Rock
|turn|18
|choice|move earthquake|move roost
|
|move|p2a: Rafiel|Roost|p2a: Rafiel
|-heal|p2a: Rafiel|328\/334
|move|p1a: Rhyperior|Earthquake|p2a: Rafiel
|-damage|p2a: Rafiel|126\/334
|
|-heal|p1a: Rhyperior|145\/434 tox|[from] item: Leftovers
|-damage|p1a: Rhyperior|118\/434 tox|[from] psn
|upkeep
|turn|19
|choice|move earthquake|move roost
|
|move|p2a: Rafiel|Roost|p2a: Rafiel
|-heal|p2a: Rafiel|293\/334
|move|p1a: Rhyperior|Earthquake|p2a: Rafiel
|-damage|p2a: Rafiel|91\/334
|
|-heal|p1a: Rhyperior|145\/434 tox|[from] item: Leftovers
|-damage|p1a: Rhyperior|91\/434 tox|[from] psn
|upkeep
|turn|20
|choice|move earthquake|move roost
|
|move|p2a: Rafiel|Roost|p2a: Rafiel
|-heal|p2a: Rafiel|258\/334
|move|p1a: Rhyperior|Earthquake|p2a: Rafiel
|-damage|p2a: Rafiel|60\/334
|
|-heal|p1a: Rhyperior|118\/434 tox|[from] item: Leftovers
|-damage|p1a: Rhyperior|37\/434 tox|[from] psn
|-sideend|p1: 10blast|Reflect
|upkeep
|turn|21
|choice|move earthquake|move nightshade
|
|move|p2a: Rafiel|Night Shade|p1a: Rhyperior
|-damage|p1a: Rhyperior|0 fnt
|faint|p1a: Rhyperior
|
|upkeep
|choice|switch 6|
|
|switch|p1a: Harambe|Ambipom, M|243\/291
|-damage|p1a: Harambe|207\/291|[from] Stealth Rock
|turn|22
|choice|move fakeout|move roost
|
|move|p1a: Harambe|Fake Out|p2a: Rafiel
|-damage|p2a: Rafiel|0 fnt
|-damage|p1a: Harambe|159\/291|[from] item: Rocky Helmet|[of] p2a: Rafiel
|faint|p2a: Rafiel
|
|upkeep
|choice||switch 6
|
|switch|p2a: Blitzkrieg|Sawk, M|291\/291
|-damage|p2a: Blitzkrieg|273\/291|[from] Stealth Rock
|turn|23
|choice|switch 3|move knockoff
|
|switch|p1a: Slowking|Slowking, F, shiny|394\/394
|-damage|p1a: Slowking|345\/394|[from] Stealth Rock
|move|p2a: Blitzkrieg|Knock Off|p1a: Slowking
|-supereffective|p1a: Slowking
|-damage|p1a: Slowking|155\/394
|-enditem|p1a: Slowking|Leftovers|[from] move: Knock Off|[of] p2a: Blitzkrieg
|
|upkeep
|turn|24
|choice|move psyshock|move knockoff
|
|move|p2a: Blitzkrieg|Knock Off|p1a: Slowking
|-supereffective|p1a: Slowking
|-damage|p1a: Slowking|9\/394
|move|p1a: Slowking|Psyshock|p2a: Blitzkrieg
|-supereffective|p2a: Blitzkrieg
|-damage|p2a: Blitzkrieg|51\/291
|
|upkeep
|turn|25
|choice|move psyshock|move knockoff
|
|move|p2a: Blitzkrieg|Knock Off|p1a: Slowking
|-supereffective|p1a: Slowking
|-damage|p1a: Slowking|0 fnt
|faint|p1a: Slowking
|
|upkeep
|choice|switch 3|
|
|switch|p1a: Harambe|Ambipom, M|159\/291
|-damage|p1a: Harambe|123\/291|[from] Stealth Rock
|turn|26
|choice|move fakeout|switch 2
|
|switch|p2a: Pops|Jellicent, M|404\/404
|-damage|p2a: Pops|354\/404|[from] Stealth Rock
|move|p1a: Harambe|Fake Out|p2a: Pops
|-immune|p2a: Pops|[msg]
|
|upkeep
|turn|27
|choice|move uturn|move scald
|
|move|p1a: Harambe|U-turn|p2a: Pops
|-resisted|p2a: Pops
|-damage|p2a: Pops|314\/404
|choice|switch 5|
|
|switch|p1a: Bronzong|Bronzong|76\/276 par
|-damage|p1a: Bronzong|59\/276 par|[from] Stealth Rock
|move|p2a: Pops|Scald|p1a: Bronzong
|-crit|p1a: Bronzong
|-damage|p1a: Bronzong|0 fnt
|faint|p1a: Bronzong
|
|upkeep
|choice|switch 4|
|
|switch|p1a: Clawitzer|Clawitzer, F|284\/284
|-damage|p1a: Clawitzer|249\/284|[from] Stealth Rock
|turn|28
|choice|move darkpulse|move willowisp
|
|move|p2a: Pops|Will-O-Wisp|p1a: Clawitzer
|-status|p1a: Clawitzer|brn
|move|p1a: Clawitzer|Dark Pulse|p2a: Pops
|-supereffective|p2a: Pops
|-enditem|p2a: Pops|Colbur Berry|[eat]
|-enditem|p2a: Pops|Colbur Berry|[weaken]
|-damage|p2a: Pops|179\/404
|
|-damage|p1a: Clawitzer|214\/284 brn|[from] brn
|upkeep
|turn|29
|choice|move darkpulse|move recover
|
|move|p2a: Pops|Recover|p2a: Pops
|-heal|p2a: Pops|381\/404
|move|p1a: Clawitzer|Dark Pulse|p2a: Pops
|-supereffective|p2a: Pops
|-damage|p2a: Pops|111\/404
|
|-damage|p1a: Clawitzer|179\/284 brn|[from] brn
|upkeep
|turn|30
|choice|move darkpulse|move scald
|
|move|p2a: Pops|Scald|p1a: Clawitzer
|-resisted|p1a: Clawitzer
|-damage|p1a: Clawitzer|155\/284 brn
|move|p1a: Clawitzer|Dark Pulse|p2a: Pops
|-supereffective|p2a: Pops
|-damage|p2a: Pops|0 fnt
|faint|p2a: Pops
|
|-damage|p1a: Clawitzer|120\/284 brn|[from] brn
|upkeep
|choice||switch 3
|
|switch|p2a: Marie|Eelektross, F|374\/374
|-damage|p2a: Marie|328\/374|[from] Stealth Rock
|turn|31
|choice|move dragonpulse|move gigadrain
|
|move|p1a: Clawitzer|Dragon Pulse|p2a: Marie
|-damage|p2a: Marie|219\/374
|move|p2a: Marie|Giga Drain|p1a: Clawitzer
|-supereffective|p1a: Clawitzer
|-damage|p1a: Clawitzer|34\/284 brn
|-heal|p2a: Marie|262\/374|[from] drain|[of] p1a: Clawitzer
|
|-damage|p1a: Clawitzer|0 fnt|[from] brn
|upkeep
|faint|p1a: Clawitzer
|choice|switch 5|
|
|switch|p1a: Harambe|Ambipom, M|123\/291
|-damage|p1a: Harambe|87\/291|[from] Stealth Rock
|turn|32
|choice|move fakeout|move gigadrain
|
|move|p1a: Harambe|Fake Out|p2a: Marie
|-damage|p2a: Marie|136\/374
|cant|p2a: Marie|flinch
|
|upkeep
|turn|33
|choice|move return|move gigadrain
|
|move|p1a: Harambe|Return|p2a: Marie
|-damage|p2a: Marie|0 fnt
|faint|p2a: Marie
|
|upkeep
|choice||switch 2
|
|switch|p2a: Blitzkrieg|Sawk, M|51\/291
|-damage|p2a: Blitzkrieg|33\/291|[from] Stealth Rock
|turn|34
|choice|move return|move closecombat
|
|move|p2a: Blitzkrieg|Close Combat|p1a: Harambe
|-supereffective|p1a: Harambe
|-damage|p1a: Harambe|0 fnt
|-unboost|p2a: Blitzkrieg|def|1
|-unboost|p2a: Blitzkrieg|spd|1
|faint|p1a: Harambe
|
|win|MaxRapture
|player|p1
|player|p2
|raw|10blast's rating: 1095 &rarr; <strong>1068<\/strong><br \/>(-27 for losing)
|raw|MaxRapture's rating: 1060 &rarr; <strong>1094<\/strong><br \/>(+34 for winning)</script>
</div>
<div class="battle-log battle-log-inline"><div class="inner"><div class="battle-options"></div><div class="inner"><div class="chat"><small>10blast joined.</small></div><div class="chat"><small>MaxRapture joined.</small></div><div class=""><small>Format:</small> <br><strong>RU</strong></div><div class="rated"><strong>Rated battle</strong></div><div class=""><small><em>Sleep Clause Mod:</em> Limit one foe put to sleep</small></div><div class=""><small><em>Species Clause:</em> Limit one of each Pokémon</small></div><div class=""><small><em>OHKO Clause:</em> OHKO moves are banned</small></div><div class=""><small><em>Moody Clause:</em> Moody is banned</small></div><div class=""><small><em>Evasion Moves Clause:</em> Evasion moves are banned</small></div><div class=""><small><em>Endless Battle Clause:</em> Forcing endless battles is banned</small></div><div class=""><small><em>HP Percentage Mod:</em> HP is shown in percentages</small></div><div class=""><small><em>Swagger Clause:</em> Swagger is banned</small></div><div class=""><small><em>Baton Pass Clause:</em> Limit one Baton Passer, can't pass Spe and other stats simultaneously</small></div><div class="chat battle-history"><strong>10blast's team:</strong> <em style="color:#445566;display:block;">Rhyperior / Bronzong / Slowking / Clawitzer / Scrafty / Ambipom</em></div><div class="chat battle-history"><strong>MaxRapture's team:</strong> <em style="color:#445566;display:block;">Accelgor / Jellicent / Eelektross / Xatu / Registeel / Sawk</em></div><div class="spacer battle-history"><br></div><div class="battle-history">Battle started between 10blast and MaxRapture!<br></div><div class="spacer battle-history"><br></div><div class="battle-history">Go! Harambe (<strong>Ambipom</strong>)!<br></div><div class="spacer battle-history"><br></div><div class="battle-history">MaxRapture sent out R-108 (<strong>Registeel</strong>)!<br></div><div class="spacer battle-history"><br></div><h2 class="battle-history">Turn 1</h2><div class="spacer battle-history"><br></div><div class="battle-history">Harambe used <strong>Fake Out</strong>!<br></div><div class="battle-history"><small>It's not very effective...</small><br></div><div class="battle-history"><small>(The opposing R-108 lost <abbr title="−38/364">10.4%</abbr> of its health!)</small><br></div><div class="spacer battle-history"><br></div><div class="battle-history">The opposing R-108 flinched and couldn't move!<br></div><div class="spacer battle-history"><br></div><div class="battle-history"><small>The opposing R-108 restored a little HP using its Leftovers!</small><br></div><div class="spacer battle-history"><br></div><h2 class="battle-history">Turn 2</h2><div class="spacer battle-history"><br></div><div class="battle-history">Harambe used <strong>U-turn</strong>!<br></div><div class="battle-history"><small>It's not very effective...</small><br></div><div class="battle-history"><small>(The opposing R-108 lost <abbr title="−27/364">7.4%</abbr> of its health!)</small><br></div><div class="spacer battle-history"><br></div><div class="battle-history">Harambe went back to 10blast!<br></div><div class="battle-history">Go! <strong>Bronzong</strong>!<br></div><div class="spacer battle-history"><br></div><div class="battle-history">The opposing R-108 used <strong>Thunder Wave</strong>!<br></div><div class="battle-history"><small>Bronzong is paralyzed! It may be unable to move!</small><br></div><div class="spacer battle-history"><br></div><div class="battle-history"><small>The opposing R-108 restored a little HP using its Leftovers!</small><br></div><div class="spacer battle-history"><br></div><h2 class="battle-history">Turn 3</h2><div class="spacer battle-history"><br></div><div class="battle-history">MaxRapture withdrew R-108!<br></div><div class="battle-history">MaxRapture sent out Rafiel (<strong>Xatu</strong>)!<br></div><div class="spacer battle-history"><br></div><div class="battle-history">Bronzong is paralyzed! It can't move!<br></div><div class="spacer battle-history"><br></div><h2 class="battle-history">Turn 4</h2><div class="spacer battle-history"><br></div><div class="battle-history">The opposing Rafiel used <strong>Night Shade</strong>!<br></div><div class="battle-history"><small>(Bronzong lost <abbr title="−100/276">36.2%</abbr> of its health!)</small><br></div><div class="spacer battle-history"><br></div><div class="battle-history">Bronzong used <strong>Light Screen</strong>!<br></div><div class="battle-history"><small>Light Screen made your team stronger against special moves!</small><br></div><div class="spacer battle-history"><br></div><h2 class="battle-history">Turn 5</h2><div class="spacer battle-history"><br></div><div class="battle-history">Bronzong, come back!<br></div><div class="battle-history">Go! <strong>Rhyperior</strong>!<br></div><div class="spacer battle-history"><br></div><div class="battle-history">The opposing Rafiel used <strong>Night Shade</strong>!<br></div><div class="battle-history"><small>(Rhyperior lost <abbr title="−100/434">23.0%</abbr> of its health!)</small><br></div><div class="spacer battle-history"><br></div><div class="battle-history"><small>Rhyperior restored a little HP using its Leftovers!</small><br></div><div class="spacer battle-history"><br></div><h2 class="battle-history">Turn 6</h2><div class="spacer battle-history"><br></div><div class="battle-history">The opposing Rafiel used <strong>Toxic</strong>!<br></div><div class="battle-history"><small>Rhyperior avoided the attack!</small><br></div><div class="spacer battle-history"><br></div><div class="battle-history">Rhyperior used <strong>Power-Up Punch</strong>!<br></div><div class="battle-history"><small>It's not very effective...</small><br></div><div class="battle-history"><small>(The opposing Rafiel lost <abbr title="−12/334">3.6%</abbr> of its health!)</small><br></div><div class="battle-history"><small>Rhyperior was hurt by the Rocky Helmet!</small><br></div><div class="battle-history"><small>Rhyperior's Attack rose!</small><br></div><div class="spacer battle-history"><br></div><div class="battle-history"><small>Rhyperior restored a little HP using its Leftovers!</small><br></div><div class="spacer battle-history"><br></div><h2 class="battle-history">Turn 7</h2><div class="spacer battle-history"><br></div><div class="battle-history">The opposing Rafiel used <strong>Toxic</strong>!<br></div><div class="battle-history"><small>Rhyperior was badly poisoned!</small><br></div><div class="spacer battle-history"><br></div><div class="battle-history">Rhyperior used <strong>Poison Jab</strong>!<br></div><div class="battle-history"><small>(The opposing Rafiel lost <abbr title="−158/334">47.3%</abbr> of its health!)</small><br></div><div class="battle-history"><small>Rhyperior was hurt by the Rocky Helmet!</small><br></div><div class="spacer battle-history"><br></div><div class="battle-history"><small>Rhyperior restored a little HP using its Leftovers!</small><br></div><div class="battle-history"><small>Rhyperior was hurt by poison!</small><br></div><div class="spacer battle-history"><br></div><h2 class="battle-history">Turn 8</h2><div class="spacer battle-history"><br></div><div class="battle-history">The opposing Rafiel used <strong>Roost</strong>!<br></div><div class="battle-history"><small>The opposing Rafiel restored its HP.</small><br></div><div class="spacer battle-history"><br></div><div class="battle-history">Rhyperior used <strong>Poison Jab</strong>!<br></div><div class="battle-history"><small>(The opposing Rafiel lost <abbr title="−157/334">47.0%</abbr> of its health!)</small><br></div><div class="battle-history"><small>Rhyperior was hurt by the Rocky Helmet!</small><br></div><div class="spacer battle-history"><br></div><div class="battle-history"><small>Rhyperior restored a little HP using its Leftovers!</small><br></div><div class="battle-history"><small>Rhyperior was hurt by poison!</small><br></div><div class="spacer battle-history"><br></div><h2 class="battle-history">Turn 9</h2><div class="spacer battle-history"><br></div><div class="battle-history">Rhyperior, come back!<br></div><div class="battle-history">Go! Harambe (<strong>Ambipom</strong>)!<br></div><div class="spacer battle-history"><br></div><div class="battle-history">The opposing Rafiel used <strong>Roost</strong>!<br></div><div class="battle-history"><small>The opposing Rafiel restored its HP.</small><br></div><div class="spacer battle-history"><br></div><h2 class="battle-history">Turn 10</h2><div class="spacer battle-history"><br></div><div class="battle-history">Harambe used <strong>Fake Out</strong>!<br></div><div class="battle-history"><small>(The opposing Rafiel lost <abbr title="−90/334">26.9%</abbr> of its health!)</small><br></div><div class="battle-history"><small>Harambe was hurt by the Rocky Helmet!</small><br></div><div class="spacer battle-history"><br></div><div class="battle-history">The opposing Rafiel flinched and couldn't move!<br></div><div class="spacer battle-history"><br></div><h2 class="battle-history">Turn 11</h2><div class="spacer battle-history"><br></div><div class="battle-history">Harambe, come back!<br></div><div class="battle-history">Go! <strong>Bronzong</strong>!<br></div><div class="spacer battle-history"><br></div><div class="battle-history">MaxRapture withdrew Rafiel!<br></div><div class="battle-history">MaxRapture sent out R-108 (<strong>Registeel</strong>)!<br></div><div class="spacer battle-history"><br></div><div class="battle-history"><small>The opposing R-108 restored a little HP using its Leftovers!</small><br></div><div class="battle-history"><small>Your team's Light Screen wore off!</small><br></div><div class="spacer battle-history"><br></div><h2 class="battle-history">Turn 12</h2><div class="spacer battle-history"><br></div><div class="battle-history">The opposing R-108 used <strong>Stealth Rock</strong>!<br></div><div class="battle-history"><small>Pointed stones float in the air around your team!</small><br></div><div class="spacer battle-history"><br></div><div class="battle-history">Bronzong used <strong>Stealth Rock</strong>!<br></div><div class="battle-history"><small>Pointed stones float in the air around the opposing team!</small><br></div><div class="spacer battle-history"><br></div><h2 class="battle-history">Turn 13</h2><div class="spacer battle-history"><br></div><div class="battle-history">The opposing R-108 used <strong>Seismic Toss</strong>!<br></div><div class="battle-history"><small>(Bronzong lost <abbr title="−100/276">36.2%</abbr> of its health!)</small><br></div><div class="spacer battle-history"><br></div><div class="battle-history">Bronzong used <strong>Reflect</strong>!<br></div><div class="battle-history"><small>Reflect made your team stronger against physical moves!</small><br></div><div class="spacer battle-history"><br></div><h2 class="battle-history">Turn 14</h2><div class="spacer battle-history"><br></div><div class="battle-history">Bronzong, come back!<br></div><div class="battle-history">Go! <strong>Scrafty</strong>!<br></div><div class="battle-history"><small>Pointed stones dug into Scrafty!</small><br></div><div class="spacer battle-history"><br></div><div class="battle-history">The opposing R-108 used <strong>Seismic Toss</strong>!<br></div><div class="battle-history"><small>(Scrafty lost <abbr title="−100/271">36.9%</abbr> of its health!)</small><br></div><div class="spacer battle-history"><br></div><h2 class="battle-history">Turn 15</h2><div class="spacer battle-history"><br></div><div class="battle-history">Scrafty used <strong>Dragon Dance</strong>!<br></div><div class="battle-history"><small>Scrafty's Attack rose!</small><br></div><div class="battle-history"><small>Scrafty's Speed rose!</small><br></div><div class="spacer battle-history"><br></div><div class="battle-history">The opposing R-108 used <strong>Seismic Toss</strong>!<br></div><div class="battle-history"><small>(Scrafty lost <abbr title="−100/271">36.9%</abbr> of its health!)</small><br></div><div class="spacer battle-history"><br></div><h2 class="battle-history">Turn 16</h2><div class="spacer battle-history"><br></div><div class="battle-history">Scrafty used <strong>Drain Punch</strong>!<br></div><div class="battle-history"><small>It's super effective!</small><br></div><div class="battle-history"><small>A critical hit!</small><br></div><div class="battle-history"><small>(The opposing R-108 lost <abbr title="−364/364">100%</abbr> of its health!)</small><br></div><div class="battle-history"><small>The opposing R-108 had its energy drained!</small><br></div><div class="battle-history"><small>Scrafty lost some of its HP!</small><br></div><div class="spacer battle-history"><br></div><div class="battle-history">The opposing R-108 fainted!<br></div><div class="spacer battle-history"><br></div><div class="battle-history">MaxRapture sent out Krisha (<strong>Accelgor</strong>)!<br></div><div class="battle-history"><small>Pointed stones dug into the opposing Krisha!</small><br></div><div class="spacer battle-history"><br></div><h2 class="battle-history">Turn 17</h2><div class="spacer battle-history"><br></div><div class="battle-history">The opposing Krisha used <strong>Final Gambit</strong>!<br></div><div class="battle-history"><small>(Scrafty lost <abbr title="−210/271">77.5%</abbr> of its health!)</small><br></div><div class="spacer battle-history"><br></div><div class="battle-history">The opposing Krisha fainted!<br></div><div class="battle-history">Scrafty fainted!<br></div><div class="spacer battle-history"><br></div><div class="battle-history">MaxRapture sent out Rafiel (<strong>Xatu</strong>)!<br></div><div class="spacer battle-history"><br></div><div class="battle-history">Go! <strong>Rhyperior</strong>!<br></div><div class="battle-history"><small>Pointed stones dug into the opposing Rafiel!</small><br></div><div class="battle-history"><small>Pointed stones dug into Rhyperior!</small><br></div><div class="spacer battle-history"><br></div><h2 class="battle-history">Turn 18</h2><div class="spacer battle-history"><br></div><div class="battle-history">The opposing Rafiel used <strong>Roost</strong>!<br></div><div class="battle-history"><small>The opposing Rafiel restored its HP.</small><br></div><div class="spacer battle-history"><br></div><div class="battle-history">Rhyperior used <strong>Earthquake</strong>!<br></div><div class="battle-history"><small>(The opposing Rafiel lost <abbr title="−202/334">60.5%</abbr> of its health!)</small><br></div><div class="spacer battle-history"><br></div><div class="battle-history"><small>Rhyperior restored a little HP using its Leftovers!</small><br></div><div class="battle-history"><small>Rhyperior was hurt by poison!</small><br></div><div class="spacer battle-history"><br></div><h2 class="battle-history">Turn 19</h2><div class="spacer battle-history"><br></div><div class="battle-history">The opposing Rafiel used <strong>Roost</strong>!<br></div><div class="battle-history"><small>The opposing Rafiel restored its HP.</small><br></div><div class="spacer battle-history"><br></div><div class="battle-history">Rhyperior used <strong>Earthquake</strong>!<br></div><div class="battle-history"><small>(The opposing Rafiel lost <abbr title="−202/334">60.5%</abbr> of its health!)</small><br></div><div class="spacer battle-history"><br></div><div class="battle-history"><small>Rhyperior restored a little HP using its Leftovers!</small><br></div><div class="battle-history"><small>Rhyperior was hurt by poison!</small><br></div><div class="spacer battle-history"><br></div><h2 class="battle-history">Turn 20</h2><div class="spacer battle-history"><br></div><div class="battle-history">The opposing Rafiel used <strong>Roost</strong>!<br></div><div class="battle-history"><small>The opposing Rafiel restored its HP.</small><br></div><div class="spacer battle-history"><br></div><div class="battle-history">Rhyperior used <strong>Earthquake</strong>!<br></div><div class="battle-history"><small>(The opposing Rafiel lost <abbr title="−198/334">59.3%</abbr> of its health!)</small><br></div><div class="spacer battle-history"><br></div><div class="battle-history"><small>Rhyperior restored a little HP using its Leftovers!</small><br></div><div class="battle-history"><small>Rhyperior was hurt by poison!</small><br></div><div class="battle-history"><small>Your team's Reflect wore off!</small><br></div><div class="spacer battle-history"><br></div><h2 class="battle-history">Turn 21</h2><div class="spacer battle-history"><br></div><div class="battle-history">The opposing Rafiel used <strong>Night Shade</strong>!<br></div><div class="battle-history"><small>(Rhyperior lost <abbr title="−37/434">8.5%</abbr> of its health!)</small><br></div><div class="spacer battle-history"><br></div><div class="battle-history">Rhyperior fainted!<br></div><div class="spacer battle-history"><br></div><div class="battle-history">Go! Harambe (<strong>Ambipom</strong>)!<br></div><div class="battle-history"><small>Pointed stones dug into Harambe!</small><br></div><div class="spacer battle-history"><br></div><h2 class="battle-history">Turn 22</h2><div class="spacer battle-history"><br></div><div class="battle-history">Harambe used <strong>Fake Out</strong>!<br></div><div class="battle-history"><small>(The opposing Rafiel lost <abbr title="−60/334">18.0%</abbr> of its health!)</small><br></div><div class="battle-history"><small>Harambe was hurt by the Rocky Helmet!</small><br></div><div class="spacer battle-history"><br></div><div class="battle-history">The opposing Rafiel fainted!<br></div><div class="spacer battle-history"><br></div><div class="battle-history">MaxRapture sent out Blitzkrieg (<strong>Sawk</strong>)!<br></div><div class="battle-history"><small>Pointed stones dug into the opposing Blitzkrieg!</small><br></div><div class="spacer battle-history"><br></div><h2 class="battle-history">Turn 23</h2><div class="spacer battle-history"><br></div><div class="battle-history">Harambe, come back!<br></div><div class="battle-history">Go! <strong>Slowking</strong>!<br></div><div class="battle-history"><small>Pointed stones dug into Slowking!</small><br></div><div class="spacer battle-history"><br></div><div class="battle-history">The opposing Blitzkrieg used <strong>Knock Off</strong>!<br></div><div class="battle-history"><small>It's super effective!</small><br></div><div class="battle-history"><small>(Slowking lost <abbr title="−190/394">48.2%</abbr> of its health!)</small><br></div><div class="battle-history"><small>The opposing Blitzkrieg knocked off Slowking's Leftovers!</small><br></div><div class="spacer battle-history"><br></div><h2 class="battle-history">Turn 24</h2><div class="spacer battle-history"><br></div><div class="battle-history">The opposing Blitzkrieg used <strong>Knock Off</strong>!<br></div><div class="battle-history"><small>It's super effective!</small><br></div><div class="battle-history"><small>(Slowking lost <abbr title="−146/394">37.1%</abbr> of its health!)</small><br></div><div class="spacer battle-history"><br></div><div class="battle-history">Slowking used <strong>Psyshock</strong>!<br></div><div class="battle-history"><small>It's super effective!</small><br></div><div class="battle-history"><small>(The opposing Blitzkrieg lost <abbr title="−222/291">76.3%</abbr> of its health!)</small><br></div><div class="spacer battle-history"><br></div><h2 class="battle-history">Turn 25</h2><div class="spacer battle-history"><br></div><div class="battle-history">The opposing Blitzkrieg used <strong>Knock Off</strong>!<br></div><div class="battle-history"><small>It's super effective!</small><br></div><div class="battle-history"><small>(Slowking lost <abbr title="−9/394">2.3%</abbr> of its health!)</small><br></div><div class="spacer battle-history"><br></div><div class="battle-history">Slowking fainted!<br></div><div class="spacer battle-history"><br></div><div class="battle-history">Go! Harambe (<strong>Ambipom</strong>)!<br></div><div class="battle-history"><small>Pointed stones dug into Harambe!</small><br></div><div class="spacer battle-history"><br></div><h2 class="battle-history">Turn 26</h2><div class="spacer battle-history"><br></div><div class="battle-history">MaxRapture withdrew Blitzkrieg!<br></div><div class="battle-history">MaxRapture sent out Pops (<strong>Jellicent</strong>)!<br></div><div class="battle-history"><small>Pointed stones dug into the opposing Pops!</small><br></div><div class="spacer battle-history"><br></div><div class="battle-history">Harambe used <strong>Fake Out</strong>!<br></div><div class="battle-history"><small>It doesn't affect the opposing Pops...</small><br></div><div class="spacer battle-history"><br></div><h2 class="battle-history">Turn 27</h2><div class="spacer battle-history"><br></div><div class="battle-history">Harambe used <strong>U-turn</strong>!<br></div><div class="battle-history"><small>It's not very effective...</small><br></div><div class="battle-history"><small>(The opposing Pops lost <abbr title="−40/404">9.9%</abbr> of its health!)</small><br></div><div class="spacer battle-history"><br></div><div class="battle-history">Harambe went back to 10blast!<br></div><div class="battle-history">Go! <strong>Bronzong</strong>!<br></div><div class="battle-history"><small>Pointed stones dug into Bronzong!</small><br></div><div class="spacer battle-history"><br></div><div class="battle-history">The opposing Pops used <strong>Scald</strong>!<br></div><div class="battle-history"><small>A critical hit!</small><br></div><div class="battle-history"><small>(Bronzong lost <abbr title="−59/276">21.4%</abbr> of its health!)</small><br></div><div class="spacer battle-history"><br></div><div class="battle-history">Bronzong fainted!<br></div><div class="spacer battle-history"><br></div><div class="battle-history">Go! <strong>Clawitzer</strong>!<br></div><div class="battle-history"><small>Pointed stones dug into Clawitzer!</small><br></div><div class="spacer battle-history"><br></div><h2 class="battle-history">Turn 28</h2><div class="spacer battle-history"><br></div><div class="battle-history">The opposing Pops used <strong>Will-O-Wisp</strong>!<br></div><div class="battle-history"><small>Clawitzer was burned!</small><br></div><div class="spacer battle-history"><br></div><div class="battle-history">Clawitzer used <strong>Dark Pulse</strong>!<br></div><div class="battle-history"><small>It's super effective!</small><br></div><div class="battle-history"><small>The opposing Pops ate its Colbur Berry!</small><br></div><div class="battle-history"><small>The Colbur Berry weakened the damage to the opposing Pops!</small><br></div><div class="battle-history"><small>(The opposing Pops lost <abbr title="−135/404">33.4%</abbr> of its health!)</small><br></div><div class="spacer battle-history"><br></div><div class="battle-history"><small>Clawitzer was hurt by its burn!</small><br></div><div class="spacer battle-history"><br></div><h2 class="battle-history">Turn 29</h2><div class="spacer battle-history"><br></div><div class="battle-history">The opposing Pops used <strong>Recover</strong>!<br></div><div class="battle-history"><small>The opposing Pops restored its HP.</small><br></div><div class="spacer battle-history"><br></div><div class="battle-history">Clawitzer used <strong>Dark Pulse</strong>!<br></div><div class="battle-history"><small>It's super effective!</small><br></div><div class="battle-history"><small>(The opposing Pops lost <abbr title="−270/404">66.8%</abbr> of its health!)</small><br></div><div class="spacer battle-history"><br></div><div class="battle-history"><small>Clawitzer was hurt by its burn!</small><br></div><div class="spacer battle-history"><br></div><h2 class="battle-history">Turn 30</h2><div class="spacer battle-history"><br></div><div class="battle-history">The opposing Pops used <strong>Scald</strong>!<br></div><div class="battle-history"><small>It's not very effective...</small><br></div><div class="battle-history"><small>(Clawitzer lost <abbr title="−24/284">8.5%</abbr> of its health!)</small><br></div><div class="spacer battle-history"><br></div><div class="battle-history">Clawitzer used <strong>Dark Pulse</strong>!<br></div><div class="battle-history"><small>It's super effective!</small><br></div><div class="battle-history"><small>(The opposing Pops lost <abbr title="−111/404">27.5%</abbr> of its health!)</small><br></div><div class="spacer battle-history"><br></div><div class="battle-history">The opposing Pops fainted!<br></div><div class="spacer battle-history"><br></div><div class="battle-history"><small>Clawitzer was hurt by its burn!</small><br></div><div class="spacer battle-history"><br></div><div class="battle-history">MaxRapture sent out Marie (<strong>Eelektross</strong>)!<br></div><div class="battle-history"><small>Pointed stones dug into the opposing Marie!</small><br></div><div class="spacer battle-history"><br></div><h2 class="battle-history">Turn 31</h2><div class="spacer battle-history"><br></div><div class="battle-history">Clawitzer used <strong>Dragon Pulse</strong>!<br></div><div class="battle-history"><small>(The opposing Marie lost <abbr title="−109/374">29.1%</abbr> of its health!)</small><br></div><div class="spacer battle-history"><br></div><div class="battle-history">The opposing Marie used <strong>Giga Drain</strong>!<br></div><div class="battle-history"><small>It's super effective!</small><br></div><div class="battle-history"><small>(Clawitzer lost <abbr title="−86/284">30.3%</abbr> of its health!)</small><br></div><div class="battle-history"><small>Clawitzer had its energy drained!</small><br></div><div class="spacer battle-history"><br></div><div class="battle-history"><small>Clawitzer was hurt by its burn!</small><br></div><div class="spacer battle-history"><br></div><div class="battle-history">Clawitzer fainted!<br></div><div class="spacer battle-history"><br></div><div class="battle-history">Go! Harambe (<strong>Ambipom</strong>)!<br></div><div class="battle-history"><small>Pointed stones dug into Harambe!</small><br></div><div class="spacer battle-history"><br></div><h2 class="battle-history">Turn 32</h2><div class="spacer battle-history"><br></div><div class="battle-history">Harambe used <strong>Fake Out</strong>!<br></div><div class="battle-history"><small>(The opposing Marie lost <abbr title="−126/374">33.7%</abbr> of its health!)</small><br></div><div class="spacer battle-history"><br></div><div class="battle-history">The opposing Marie flinched and couldn't move!<br></div><div class="spacer battle-history"><br></div><h2 class="battle-history">Turn 33</h2><div class="spacer battle-history"><br></div><div class="battle-history">Harambe used <strong>Return</strong>!<br></div><div class="battle-history"><small>(The opposing Marie lost <abbr title="−136/374">36.4%</abbr> of its health!)</small><br></div><div class="spacer battle-history"><br></div><div class="battle-history">The opposing Marie fainted!<br></div><div class="spacer battle-history"><br></div><div class="battle-history">MaxRapture sent out Blitzkrieg (<strong>Sawk</strong>)!<br></div><div class="battle-history"><small>Pointed stones dug into the opposing Blitzkrieg!</small><br></div><div class="spacer battle-history"><br></div><h2 class="battle-history">Turn 34</h2><div class="spacer battle-history"><br></div><div class="battle-history">The opposing Blitzkrieg used <strong>Close Combat</strong>!<br></div><div class="battle-history"><small>It's super effective!</small><br></div><div class="battle-history"><small>(Harambe lost <abbr title="−87/291">29.9%</abbr> of its health!)</small><br></div><div class="battle-history"><small>The opposing Blitzkrieg's Defense fell!</small><br></div><div class="battle-history"><small>The opposing Blitzkrieg's Special Defense fell!</small><br></div><div class="spacer battle-history"><br></div><div class="battle-history">Harambe fainted!<br></div><div class="spacer battle-history"><br></div><div class="battle-history"><strong>MaxRapture</strong> won the battle!<br></div><div class="chat">10blast's rating: 1095 → <strong>1068</strong><br>(-27 for losing)</div><div class="chat">MaxRapture's rating: 1060 → <strong>1094</strong><br>(+34 for winning)</div></div><div class="inner-preempt"></div></div></div>
</div>
<script>
let daily = Math.floor(Date.now()/1000/60/60/24);document.write('<script src="https://play.pokemonshowdown.com/js/replay-embed.js?version'+daily+'"></'+'script>');
</script>
