<!DOCTYPE html>
<meta charset="utf-8" />
<!-- version 1 -->
<title>RU replay: EviGaro vs. lighthouses</title>
<style>
html,body {font-family:Verdana, sans-serif;font-size:10pt;margin:0;padding:0;}body{padding:12px 0;} .battle-log {font-family:Verdana, sans-serif;font-size:10pt;} .battle-log-inline {border:1px solid #AAAAAA;background:#EEF2F5;color:black;max-width:640px;margin:0 auto 80px;padding-bottom:5px;} .battle-log .inner {padding:4px 8px 0px 8px;} .battle-log .inner-preempt {padding:0 8px 4px 8px;} .battle-log .inner-after {margin-top:0.5em;} .battle-log h2 {margin:0.5em -8px;padding:4px 8px;border:1px solid #AAAAAA;background:#E0E7EA;border-left:0;border-right:0;font-family:Verdana, sans-serif;font-size:13pt;} .battle-log .chat {vertical-align:middle;padding:3px 0 3px 0;font-size:8pt;} .battle-log .chat strong {color:#40576A;} .battle-log .chat em {padding:1px 4px 1px 3px;color:#000000;font-style:normal;} .chat.mine {background:rgba(0,0,0,0.05);margin-left:-8px;margin-right:-8px;padding-left:8px;padding-right:8px;} .spoiler {color:#BBBBBB;background:#BBBBBB;padding:0px 3px;} .spoiler:hover, .spoiler:active, .spoiler-shown {color:#000000;background:#E2E2E2;padding:0px 3px;} .spoiler a {color:#BBBBBB;} .spoiler:hover a, .spoiler:active a, .spoiler-shown a {color:#2288CC;} .chat code, .chat .spoiler:hover code, .chat .spoiler:active code, .chat .spoiler-shown code {border:1px solid #C0C0C0;background:#EEEEEE;color:black;padding:0 2px;} .chat .spoiler code {border:1px solid #CCCCCC;background:#CCCCCC;color:#CCCCCC;} .battle-log .rated {padding:3px 4px;} .battle-log .rated strong {color:white;background:#89A;padding:1px 4px;border-radius:4px;} .spacer {margin-top:0.5em;} .message-announce {background:#6688AA;color:white;padding:1px 4px 2px;} .message-announce a, .broadcast-green a, .broadcast-blue a, .broadcast-red a {color:#DDEEFF;} .broadcast-green {background-color:#559955;color:white;padding:2px 4px;} .broadcast-blue {background-color:#6688AA;color:white;padding:2px 4px;} .infobox {border:1px solid #6688AA;padding:2px 4px;} .infobox-limited {max-height:200px;overflow:auto;overflow-x:hidden;} .broadcast-red {background-color:#AA5544;color:white;padding:2px 4px;} .message-learn-canlearn {font-weight:bold;color:#228822;text-decoration:underline;} .message-learn-cannotlearn {font-weight:bold;color:#CC2222;text-decoration:underline;} .message-effect-weak {font-weight:bold;color:#CC2222;} .message-effect-resist {font-weight:bold;color:#6688AA;} .message-effect-immune {font-weight:bold;color:#666666;} .message-learn-list {margin-top:0;margin-bottom:0;} .message-throttle-notice, .message-error {color:#992222;} .message-overflow, .chat small.message-overflow {font-size:0pt;} .message-overflow::before {font-size:9pt;content:'...';} .subtle {color:#3A4A66;}
</style>
<div class="wrapper replay-wrapper" style="max-width:1180px;margin:0 auto">
<input type="hidden" name="replayid" value="ru-576011684" />
<div class="battle"></div><div class="battle-log"></div><div class="replay-controls"></div><div class="replay-controls-2"></div>
<h1 style="font-weight:normal;text-align:center"><strong>RU</strong><br /><a href="http://pokemonshowdown.com/users/evigaro" class="subtle" target="_blank">EviGaro</a> vs. <a href="http://pokemonshowdown.com/users/lighthouses" class="subtle" target="_blank">lighthouses</a></h1>
<script type="text/plain" class="battle-log-data">|j|EviGaro
|j|lighthouses
|player|p1|EviGaro|128
|player|p2|lighthouses|11
|gametype|singles
|gen|6
|tier|RU
|seed|17567,21037,9842,38266
|rule|Sleep Clause Mod: Limit one foe put to sleep
|rule|Species Clause: Limit one of each Pokémon
|rule|OHKO Clause: OHKO moves are banned
|rule|Moody Clause: Moody is banned
|rule|Evasion Moves Clause: Evasion moves are banned
|rule|Endless Battle Clause: Forcing endless battles is banned
|rule|HP Percentage Mod: HP is shown in percentages
|clearpoke
|poke|p1|Audino, F|item
|poke|p1|Lanturn, M|item
|poke|p1|Escavalier, F|item
|poke|p1|Flygon, M|item
|poke|p1|Virizion|item
|poke|p1|Mesprit|item
|poke|p2|Rhyperior, M|item
|poke|p2|Uxie|item
|poke|p2|Drapion, M|item
|poke|p2|Blastoise, M|item
|poke|p2|Jolteon, M|item
|poke|p2|Venusaur, M|item
|rule|Swagger Clause: Swagger is banned
|rule|Baton Pass Clause: Limit one Baton Passer, can't pass Spe and other stats simultaneously
|teampreview
|c|☆lighthouses|glhf
|c|☆EviGaro|u2
|choice|team 3, team 2, team 1, team 4, team 5, team 6|team 1, team 2, team 3, team 4, team 5, team 6
|
|start
|switch|p1a: Escavalier|Escavalier, F|343\/343
|switch|p2a: Rhyperior|Rhyperior, M|380\/380
|turn|1
|choice|move protect|move stoneedge
|
|move|p1a: Escavalier|Protect|p1a: Escavalier
|-singleturn|p1a: Escavalier|Protect
|move|p2a: Rhyperior|Stone Edge|p1a: Escavalier
|-activate|p1a: Escavalier|move: Protect
|
|upkeep
|turn|2
|choice|switch 4|move stoneedge
|
|switch|p1a: Flygon|Flygon, M|301\/301
|move|p2a: Rhyperior|Stone Edge|p1a: Flygon
|-resisted|p1a: Flygon
|-damage|p1a: Flygon|122\/301
|
|upkeep
|turn|3
|choice|move earthquake|switch 6
|
|switch|p2a: Venusaur|Venusaur, M|364\/364
|move|p1a: Flygon|Earthquake|p2a: Venusaur
|-damage|p2a: Venusaur|217\/364
|
|-heal|p2a: Venusaur|239\/364|[from] item: Black Sludge
|upkeep
|turn|4
|choice|move earthquake|move synthesis
|
|move|p1a: Flygon|Earthquake|p2a: Venusaur
|-damage|p2a: Venusaur|88\/364
|move|p2a: Venusaur|Synthesis|p2a: Venusaur
|-heal|p2a: Venusaur|270\/364
|
|-heal|p2a: Venusaur|292\/364|[from] item: Black Sludge
|upkeep
|turn|5
|choice|move uturn|move gigadrain
|
|move|p1a: Flygon|U-turn|p2a: Venusaur
|-damage|p2a: Venusaur|230\/364
|choice|switch 3|
|
|switch|p1a: Audino|Audino, F|410\/410
|move|p2a: Venusaur|Giga Drain|p1a: Audino
|-damage|p1a: Audino|305\/410
|-heal|p2a: Venusaur|283\/364|[from] drain|[of] p1a: Audino
|
|-heal|p2a: Venusaur|305\/364|[from] item: Black Sludge
|upkeep
|turn|6
|choice|move knockoff|switch 2
|
|switch|p2a: Uxie|Uxie|354\/354
|move|p1a: Audino|Knock Off|p2a: Uxie
|-supereffective|p2a: Uxie
|-damage|p2a: Uxie|286\/354
|-enditem|p2a: Uxie|Leftovers|[from] move: Knock Off|[of] p1a: Audino
|
|upkeep
|turn|7
|choice|move wish|move stealthrock
|
|move|p2a: Uxie|Stealth Rock|p1a: Audino
|-sidestart|p1: EviGaro|move: Stealth Rock
|move|p1a: Audino|Wish|p1a: Audino
|
|upkeep
|turn|8
|choice|move knockoff|move knockoff
|
|move|p2a: Uxie|Knock Off|p1a: Audino
|-damage|p1a: Audino|273\/410
|move|p1a: Audino|Knock Off|p2a: Uxie
|-supereffective|p2a: Uxie
|-damage|p2a: Uxie|234\/354
|
|-heal|p1a: Audino|410\/410|[from] move: Wish|[wisher] Audino
|upkeep
|turn|9
|choice|move wish|move uturn
|
|move|p2a: Uxie|U-turn|p1a: Audino
|-damage|p1a: Audino|380\/410
|choice||switch 2
|
|switch|p2a: Venusaur|Venusaur, M|305\/364
|move|p1a: Audino|Wish|p1a: Audino
|
|-heal|p2a: Venusaur|327\/364|[from] item: Black Sludge
|upkeep
|turn|10
|choice|move knockoff|move sludgebomb
|
|move|p2a: Venusaur|Sludge Bomb|p1a: Audino
|-damage|p1a: Audino|269\/410
|move|p1a: Audino|Knock Off|p2a: Venusaur
|-damage|p2a: Venusaur|285\/364
|-enditem|p2a: Venusaur|Black Sludge|[from] move: Knock Off|[of] p1a: Audino
|
|-heal|p1a: Audino|410\/410|[from] move: Wish|[wisher] Audino
|upkeep
|turn|11
|choice|switch 4|switch 4
|
|switch|p2a: Blastoise|Blastoise, M|362\/362
|switch|p1a: Escavalier|Escavalier, F|343\/343
|-damage|p1a: Escavalier|301\/343|[from] stealthrock
|
|-heal|p1a: Escavalier|322\/343|[from] item: Leftovers
|upkeep
|turn|12
|choice|switch 2|move scald
|
|switch|p1a: Lanturn|Lanturn, M|417\/417
|-damage|p1a: Lanturn|365\/417|[from] stealthrock
|move|p2a: Blastoise|Scald|p1a: Lanturn
|-resisted|p1a: Lanturn
|-crit|p1a: Lanturn
|-damage|p1a: Lanturn|311\/417
|-status|p1a: Lanturn|brn
|
|-heal|p1a: Lanturn|337\/417 brn|[from] item: Leftovers
|-damage|p1a: Lanturn|285\/417 brn|[from] brn
|upkeep
|turn|13
|choice|move scald|switch 5
|
|switch|p2a: Jolteon|Jolteon, M|271\/271
|move|p1a: Lanturn|Scald|p2a: Jolteon
|-crit|p2a: Jolteon
|-damage|p2a: Jolteon|141\/271
|
|-heal|p1a: Lanturn|311\/417 brn|[from] item: Leftovers
|-damage|p1a: Lanturn|259\/417 brn|[from] brn
|upkeep
|turn|14
|choice|move scald|move shadowball
|
|move|p2a: Jolteon|Shadow Ball|p1a: Lanturn
|-damage|p1a: Lanturn|146\/417 brn
|move|p1a: Lanturn|Scald|p2a: Jolteon
|-damage|p2a: Jolteon|63\/271
|-status|p2a: Jolteon|brn
|
|-heal|p1a: Lanturn|172\/417 brn|[from] item: Leftovers
|-damage|p2a: Jolteon|30\/271 brn|[from] brn
|-damage|p1a: Lanturn|120\/417 brn|[from] brn
|upkeep
|turn|15
|choice|switch 4|switch 4
|
|switch|p2a: Venusaur|Venusaur, M|285\/364
|switch|p1a: Audino|Audino, F|410\/410
|-damage|p1a: Audino|359\/410|[from] stealthrock
|
|upkeep
|turn|16
|choice|move wish|move sludgebomb
|
|move|p2a: Venusaur|Sludge Bomb|p1a: Audino
|-damage|p1a: Audino|238\/410
|move|p1a: Audino|Wish|p1a: Audino
|
|upkeep
|turn|17
|choice|switch 3|move sludgebomb
|
|switch|p1a: Flygon|Flygon, M|122\/301
|-damage|p1a: Flygon|104\/301|[from] stealthrock
|move|p2a: Venusaur|Sludge Bomb|p1a: Flygon
|-resisted|p1a: Flygon
|-damage|p1a: Flygon|39\/301
|
|-heal|p1a: Flygon|244\/301|[from] move: Wish|[wisher] Audino
|upkeep
|turn|18
|choice|move uturn|move synthesis
|
|move|p1a: Flygon|U-turn|p2a: Venusaur
|-damage|p2a: Venusaur|230\/364
|choice|switch 2|
|
|switch|p1a: Escavalier|Escavalier, F|322\/343
|-damage|p1a: Escavalier|280\/343|[from] stealthrock
|move|p2a: Venusaur|Synthesis|p2a: Venusaur
|-heal|p2a: Venusaur|364\/364
|
|-heal|p1a: Escavalier|301\/343|[from] item: Leftovers
|upkeep
|turn|19
|choice|move megahorn|switch 4
|
|switch|p2a: Jolteon|Jolteon, M|30\/271 brn
|move|p1a: Escavalier|Megahorn|p2a: Jolteon
|-damage|p2a: Jolteon|0 fnt
|faint|p2a: Jolteon
|
|-heal|p1a: Escavalier|322\/343|[from] item: Leftovers
|upkeep
|choice||switch 6
|
|switch|p2a: Rhyperior|Rhyperior, M|380\/380
|turn|20
|choice|move protect|move stoneedge
|
|move|p1a: Escavalier|Protect|p1a: Escavalier
|-singleturn|p1a: Escavalier|Protect
|move|p2a: Rhyperior|Stone Edge|p1a: Escavalier
|-activate|p1a: Escavalier|move: Protect
|
|-heal|p1a: Escavalier|343\/343|[from] item: Leftovers
|upkeep
|turn|21
|choice|switch 2|move stoneedge
|
|switch|p1a: Flygon|Flygon, M|244\/301
|-damage|p1a: Flygon|226\/301|[from] stealthrock
|move|p2a: Rhyperior|Stone Edge|p1a: Flygon
|-resisted|p1a: Flygon
|-damage|p1a: Flygon|55\/301
|
|upkeep
|turn|22
|choice|move defog|switch 2
|
|switch|p2a: Uxie|Uxie|234\/354
|move|p1a: Flygon|Defog|p2a: Uxie
|-unboost|p2a: Uxie|evasion|1
|-sideend|p1: EviGaro|stealthrock|[from] move: Defog|[of] p1a: Flygon
|
|upkeep
|turn|23
|j|The Never Story
|choice|move dragonclaw|move uturn
|
|move|p1a: Flygon|Dragon Claw|p2a: Uxie
|-damage|p2a: Uxie|147\/354
|move|p2a: Uxie|U-turn|p1a: Flygon
|-damage|p1a: Flygon|6\/301
|c| Ajna|diogo
|choice||switch 4
|
|switch|p2a: Venusaur|Venusaur, M|364\/364
|
|upkeep
|turn|24
|c| Ajna|i just randomly woke up with the flu this morning
|choice|move earthquake|move leechseed
|
|move|p1a: Flygon|Earthquake|p2a: Venusaur
|-crit|p2a: Venusaur
|-damage|p2a: Venusaur|133\/364
|move|p2a: Venusaur|Leech Seed|p1a: Flygon
|-start|p1a: Flygon|move: Leech Seed
|
|-damage|p1a: Flygon|0 fnt|[from] leechseed|[of] p2a: Venusaur
|-heal|p2a: Venusaur|139\/364|[silent]
|upkeep
|faint|p1a: Flygon
|choice|switch 6|
|
|switch|p1a: Mesprit|Mesprit|301\/301
|turn|25
|c| Ajna|so i played pkmn all day
|choice|move stealthrock|switch 4
|
|switch|p2a: Uxie|Uxie|147\/354
|move|p1a: Mesprit|Stealth Rock|p2a: Uxie
|-sidestart|p2: lighthouses|move: Stealth Rock
|
|upkeep
|turn|26
|c| Ajna|and topped the ladder
|c| Ajna|,
|c|☆lighthouses|are you proud
|c|☆lighthouses|of yourself
|c| Ajna|yes
|c| Ajna|bro
|c| Ajna|that shit
|c| Ajna|is impossible
|c|☆lighthouses|lmfao
|choice|switch 2|move stealthrock
|
|switch|p1a: Escavalier|Escavalier, F|343\/343
|move|p2a: Uxie|Stealth Rock|p1a: Escavalier
|-sidestart|p1: EviGaro|move: Stealth Rock
|
|upkeep
|turn|27
|c| Ajna|those kids are so good
|choice|move pursuit|move uturn
|
|move|p2a: Uxie|U-turn|p1a: Escavalier
|-resisted|p1a: Escavalier
|-damage|p1a: Escavalier|324\/343
|choice||switch 5
|
|-activate|p2a: Uxie|move: Pursuit
|move|p1a: Escavalier|Pursuit|p2a: Uxie|[from]pursuit
|-supereffective|p2a: Uxie
|-damage|p2a: Uxie|0 fnt
|faint|p2a: Uxie
|
|-heal|p1a: Escavalier|343\/343|[from] item: Leftovers
|upkeep
|choice||switch 2
|
|switch|p2a: Rhyperior|Rhyperior, M|380\/380
|-damage|p2a: Rhyperior|357\/380|[from] stealthrock
|turn|28
|c|☆lighthouses|i can imagine
|c| Ajna|i just spammed ho with cb bruxish
|choice|move protect|move stoneedge
|
|move|p1a: Escavalier|Protect|p1a: Escavalier
|-singleturn|p1a: Escavalier|Protect
|move|p2a: Rhyperior|Stone Edge|p1a: Escavalier
|-activate|p1a: Escavalier|move: Protect
|
|upkeep
|turn|29
|choice|move ironhead|move stoneedge
|
|move|p2a: Rhyperior|Stone Edge|p1a: Escavalier
|-damage|p1a: Escavalier|45\/343
|move|p1a: Escavalier|Iron Head|p2a: Rhyperior
|-supereffective|p2a: Rhyperior
|-damage|p2a: Rhyperior|200\/380
|
|-heal|p1a: Escavalier|66\/343|[from] item: Leftovers
|upkeep
|turn|30
|c| Ajna|it was v fun
|choice|move protect|switch 5
|
|switch|p2a: Blastoise|Blastoise, M|362\/362
|-damage|p2a: Blastoise|317\/362|[from] stealthrock
|move|p1a: Escavalier|Protect|p1a: Escavalier
|-fail|p1a: Escavalier
|
|-heal|p2a: Blastoise|339\/362|[from] item: Leftovers
|-heal|p1a: Escavalier|87\/343|[from] item: Leftovers
|upkeep
|turn|31
|choice|move megahorn|switch 4
|
|switch|p2a: Venusaur|Venusaur, M|139\/364
|-damage|p2a: Venusaur|94\/364|[from] stealthrock
|move|p1a: Escavalier|Megahorn|p2a: Venusaur
|-crit|p2a: Venusaur
|-damage|p2a: Venusaur|0 fnt
|faint|p2a: Venusaur
|
|-heal|p1a: Escavalier|108\/343|[from] item: Leftovers
|upkeep
|c| Ajna|i used a cryogonal too
|choice||switch 3
|
|switch|p2a: Drapion|Drapion, M|281\/281
|-damage|p2a: Drapion|246\/281|[from] stealthrock
|turn|32
|j|Mr. Aldo
|c| Ajna|and it's actually pretty good
|choice|move megahorn|move knockoff
|
|move|p2a: Drapion|Knock Off|p1a: Escavalier
|-damage|p1a: Escavalier|0 fnt
|-enditem|p1a: Escavalier|Leftovers|[from] move: Knock Off|[of] p2a: Drapion
|faint|p1a: Escavalier
|
|upkeep
|c|☆lighthouses|is cryogonal
|c|☆lighthouses|good
|choice|switch 2|
|
|switch|p1a: Mesprit|Mesprit|301\/301
|-damage|p1a: Mesprit|264\/301|[from] stealthrock
|turn|33
|c| Ajna|the only set ppl have tried is offensive
|c|☆EviGaro|It's ok
|c| Ajna|but i used spdef
|choice|move thunderbolt|switch 4
|
|switch|p2a: Blastoise|Blastoise, M|339\/362
|-damage|p2a: Blastoise|294\/362|[from] stealthrock
|move|p1a: Mesprit|Thunderbolt|p2a: Blastoise
|-supereffective|p2a: Blastoise
|-damage|p2a: Blastoise|122\/362
|
|-heal|p2a: Blastoise|144\/362|[from] item: Leftovers
|upkeep
|turn|34
|c| Ajna|and it does its job well
|choice|move thunderbolt|switch 5
|
|switch|p2a: Rhyperior|Rhyperior, M|200\/380
|-damage|p2a: Rhyperior|177\/380|[from] stealthrock
|move|p1a: Mesprit|Thunderbolt|p2a: Rhyperior
|-immune|p2a: Rhyperior|[msg]
|
|upkeep
|turn|35
|c|☆lighthouses|i see
|choice|move psychic|move icepunch
|
|move|p1a: Mesprit|Psychic|p2a: Rhyperior
|-damage|p2a: Rhyperior|0 fnt
|faint|p2a: Rhyperior
|
|upkeep
|c| Ajna|i had s ball whimsi to lure doublade
|choice||switch 4
|
|switch|p2a: Drapion|Drapion, M|246\/281
|-damage|p2a: Drapion|211\/281|[from] stealthrock
|turn|36
|choice|move thunderbolt|move knockoff
|
|move|p2a: Drapion|Knock Off|p1a: Mesprit
|-supereffective|p1a: Mesprit
|-enditem|p1a: Mesprit|Colbur Berry|[eat]
|-enditem|p1a: Mesprit|Colbur Berry|[weaken]
|-damage|p1a: Mesprit|135\/301
|move|p1a: Mesprit|Thunderbolt|p2a: Drapion
|-damage|p2a: Drapion|89\/281
|
|upkeep
|turn|37
|choice|move thunderbolt|move knockoff
|
|move|p2a: Drapion|Knock Off|p1a: Mesprit
|-supereffective|p1a: Mesprit
|-damage|p1a: Mesprit|0 fnt
|faint|p1a: Mesprit
|
|upkeep
|c| Ajna|so once u get rid of blade it keeps rocks gone
|c|☆lighthouses|what do u check w spdef
|choice|switch 3|
|
|switch|p1a: Audino|Audino, F|374\/410
|-damage|p1a: Audino|323\/410|[from] stealthrock
|turn|38
|c| Ajna|and it checks shaymin and nidoqueen
|choice|move knockoff|move swordsdance
|
|move|p2a: Drapion|Swords Dance|p2a: Drapion
|-boost|p2a: Drapion|atk|2
|move|p1a: Audino|Knock Off|p2a: Drapion
|-resisted|p2a: Drapion
|-damage|p2a: Drapion|67\/281
|-enditem|p2a: Drapion|Shuca Berry|[from] move: Knock Off|[of] p1a: Audino
|
|upkeep
|turn|39
|c| Ajna|uh
|choice|move wish|move knockoff
|
|move|p2a: Drapion|Knock Off|p1a: Audino
|-damage|p1a: Audino|181\/410
|move|p1a: Audino|Wish|p1a: Audino
|
|upkeep
|turn|40
|choice|move dazzlinggleam|move poisonjab
|
|move|p2a: Drapion|Poison Jab|p1a: Audino
|-crit|p1a: Audino
|-damage|p1a: Audino|0 fnt
|faint|p1a: Audino
|
|upkeep
|choice|switch 5|
|
|switch|p1a: Virizion|Virizion|323\/323
|-damage|p1a: Virizion|303\/323|[from] stealthrock
|turn|41
|choice|move closecombat|move poisonjab
|
|move|p1a: Virizion|Close Combat|p2a: Drapion
|-damage|p2a: Drapion|0 fnt
|-unboost|p1a: Virizion|def|1
|-unboost|p1a: Virizion|spd|1
|-damage|p1a: Virizion|271\/323|[from] item: Life Orb
|faint|p2a: Drapion
|
|upkeep
|choice||switch 5
|
|switch|p2a: Blastoise|Blastoise, M|144\/362
|-damage|p2a: Blastoise|99\/362|[from] stealthrock
|turn|42
|c|☆EviGaro|ggs
|c|☆lighthouses|gg
|choice|move gigadrain|move scald
|
|move|p1a: Virizion|Giga Drain|p2a: Blastoise
|-supereffective|p2a: Blastoise
|-damage|p2a: Blastoise|0 fnt
|-heal|p1a: Virizion|321\/323|[from] drain|[of] p2a: Blastoise
|-damage|p1a: Virizion|289\/323|[from] item: Life Orb
|faint|p2a: Blastoise
|
|win|EviGaro</script>
</div>
<div class="battle-log battle-log-inline"><div class="inner"><div class="battle-options"></div><div class="inner"><div class="chat"><small>EviGaro joined.</small></div><div class="chat"><small>lighthouses joined.</small></div><div class=""><small>Format:</small> <br><strong>RU</strong></div><div class=""><small><em>Sleep Clause Mod:</em> Limit one foe put to sleep</small></div><div class=""><small><em>Species Clause:</em> Limit one of each Pokémon</small></div><div class=""><small><em>OHKO Clause:</em> OHKO moves are banned</small></div><div class=""><small><em>Moody Clause:</em> Moody is banned</small></div><div class=""><small><em>Evasion Moves Clause:</em> Evasion moves are banned</small></div><div class=""><small><em>Endless Battle Clause:</em> Forcing endless battles is banned</small></div><div class=""><small><em>HP Percentage Mod:</em> HP is shown in percentages</small></div><div class=""><small><em>Swagger Clause:</em> Swagger is banned</small></div><div class=""><small><em>Baton Pass Clause:</em> Limit one Baton Passer, can't pass Spe and other stats simultaneously</small></div><div class="chat battle-history"><strong>EviGaro's team:</strong> <em style="color:#445566;display:block;">Audino / Lanturn / Escavalier / Flygon / Virizion / Mesprit</em></div><div class="chat battle-history"><strong>lighthouses's team:</strong> <em style="color:#445566;display:block;">Rhyperior / Uxie / Drapion / Blastoise / Jolteon / Venusaur</em></div><div class="chat chatmessage-lighthouses"><strong style="color:hsl(320,49%,50.56078876181623%)"><small>☆</small><span class="username" data-name="lighthouses">lighthouses</span>:</strong> <em>glhf</em></div><div class="chat chatmessage-evigaro"><strong style="color:hsl(57,78%,32.99963059042893%)"><small>☆</small><span class="username" data-name="EviGaro">EviGaro</span>:</strong> <em>u2</em></div><div class="spacer battle-history"><br></div><div class="battle-history">Battle started between EviGaro and lighthouses!<br></div><div class="spacer battle-history"><br></div><div class="battle-history">Go! <strong>Escavalier</strong>!<br></div><div class="spacer battle-history"><br></div><div class="battle-history">lighthouses sent out <strong>Rhyperior</strong>!<br></div><div class="spacer battle-history"><br></div><h2 class="battle-history">Turn 1</h2><div class="spacer battle-history"><br></div><div class="battle-history">Escavalier used <strong>Protect</strong>!<br></div><div class="battle-history"><small>Escavalier protected itself!</small><br></div><div class="spacer battle-history"><br></div><div class="battle-history">The opposing Rhyperior used <strong>Stone Edge</strong>!<br></div><div class="battle-history"><small>Escavalier protected itself!</small><br></div><div class="spacer battle-history"><br></div><h2 class="battle-history">Turn 2</h2><div class="spacer battle-history"><br></div><div class="battle-history">Escavalier, come back!<br></div><div class="battle-history">Go! <strong>Flygon</strong>!<br></div><div class="spacer battle-history"><br></div><div class="battle-history">The opposing Rhyperior used <strong>Stone Edge</strong>!<br></div><div class="battle-history"><small>It's not very effective...</small><br></div><div class="battle-history"><small>(Flygon lost <abbr title="−179/301">59.5%</abbr> of its health!)</small><br></div><div class="spacer battle-history"><br></div><h2 class="battle-history">Turn 3</h2><div class="spacer battle-history"><br></div><div class="battle-history">lighthouses withdrew Rhyperior!<br></div><div class="battle-history">lighthouses sent out <strong>Venusaur</strong>!<br></div><div class="spacer battle-history"><br></div><div class="battle-history">Flygon used <strong>Earthquake</strong>!<br></div><div class="battle-history"><small>(The opposing Venusaur lost <abbr title="−147/364">40.4%</abbr> of its health!)</small><br></div><div class="spacer battle-history"><br></div><div class="battle-history"><small>The opposing Venusaur restored a little HP using its Black Sludge!</small><br></div><div class="spacer battle-history"><br></div><h2 class="battle-history">Turn 4</h2><div class="spacer battle-history"><br></div><div class="battle-history">Flygon used <strong>Earthquake</strong>!<br></div><div class="battle-history"><small>(The opposing Venusaur lost <abbr title="−151/364">41.5%</abbr> of its health!)</small><br></div><div class="spacer battle-history"><br></div><div class="battle-history">The opposing Venusaur used <strong>Synthesis</strong>!<br></div><div class="battle-history"><small>The opposing Venusaur restored its HP.</small><br></div><div class="spacer battle-history"><br></div><div class="battle-history"><small>The opposing Venusaur restored a little HP using its Black Sludge!</small><br></div><div class="spacer battle-history"><br></div><h2 class="battle-history">Turn 5</h2><div class="spacer battle-history"><br></div><div class="battle-history">Flygon used <strong>U-turn</strong>!<br></div><div class="battle-history"><small>(The opposing Venusaur lost <abbr title="−62/364">17.0%</abbr> of its health!)</small><br></div><div class="spacer battle-history"><br></div><div class="battle-history">Flygon went back to EviGaro!<br></div><div class="battle-history">Go! <strong>Audino</strong>!<br></div><div class="spacer battle-history"><br></div><div class="battle-history">The opposing Venusaur used <strong>Giga Drain</strong>!<br></div><div class="battle-history"><small>(Audino lost <abbr title="−105/410">25.6%</abbr> of its health!)</small><br></div><div class="battle-history"><small>Audino had its energy drained!</small><br></div><div class="spacer battle-history"><br></div><div class="battle-history"><small>The opposing Venusaur restored a little HP using its Black Sludge!</small><br></div><div class="spacer battle-history"><br></div><h2 class="battle-history">Turn 6</h2><div class="spacer battle-history"><br></div><div class="battle-history">lighthouses withdrew Venusaur!<br></div><div class="battle-history">lighthouses sent out <strong>Uxie</strong>!<br></div><div class="spacer battle-history"><br></div><div class="battle-history">Audino used <strong>Knock Off</strong>!<br></div><div class="battle-history"><small>It's super effective!</small><br></div><div class="battle-history"><small>(The opposing Uxie lost <abbr title="−68/354">19.2%</abbr> of its health!)</small><br></div><div class="battle-history"><small>Audino knocked off the opposing Uxie's Leftovers!</small><br></div><div class="spacer battle-history"><br></div><h2 class="battle-history">Turn 7</h2><div class="spacer battle-history"><br></div><div class="battle-history">The opposing Uxie used <strong>Stealth Rock</strong>!<br></div><div class="battle-history"><small>Pointed stones float in the air around your team!</small><br></div><div class="spacer battle-history"><br></div><div class="battle-history">Audino used <strong>Wish</strong>!<br></div><div class="spacer battle-history"><br></div><h2 class="battle-history">Turn 8</h2><div class="spacer battle-history"><br></div><div class="battle-history">The opposing Uxie used <strong>Knock Off</strong>!<br></div><div class="battle-history"><small>(Audino lost <abbr title="−32/410">7.8%</abbr> of its health!)</small><br></div><div class="spacer battle-history"><br></div><div class="battle-history">Audino used <strong>Knock Off</strong>!<br></div><div class="battle-history"><small>It's super effective!</small><br></div><div class="battle-history"><small>(The opposing Uxie lost <abbr title="−52/354">14.7%</abbr> of its health!)</small><br></div><div class="spacer battle-history"><br></div><div class="battle-history"><small>Audino's wish came true!</small><br></div><div class="spacer battle-history"><br></div><h2 class="battle-history">Turn 9</h2><div class="spacer battle-history"><br></div><div class="battle-history">The opposing Uxie used <strong>U-turn</strong>!<br></div><div class="battle-history"><small>(Audino lost <abbr title="−30/410">7.3%</abbr> of its health!)</small><br></div><div class="spacer battle-history"><br></div><div class="battle-history">The opposing Uxie went back to lighthouses!<br></div><div class="battle-history">lighthouses sent out <strong>Venusaur</strong>!<br></div><div class="spacer battle-history"><br></div><div class="battle-history">Audino used <strong>Wish</strong>!<br></div><div class="spacer battle-history"><br></div><div class="battle-history"><small>The opposing Venusaur restored a little HP using its Black Sludge!</small><br></div><div class="spacer battle-history"><br></div><h2 class="battle-history">Turn 10</h2><div class="spacer battle-history"><br></div><div class="battle-history">The opposing Venusaur used <strong>Sludge Bomb</strong>!<br></div><div class="battle-history"><small>(Audino lost <abbr title="−111/410">27.1%</abbr> of its health!)</small><br></div><div class="spacer battle-history"><br></div><div class="battle-history">Audino used <strong>Knock Off</strong>!<br></div><div class="battle-history"><small>(The opposing Venusaur lost <abbr title="−42/364">11.5%</abbr> of its health!)</small><br></div><div class="battle-history"><small>Audino knocked off the opposing Venusaur's Black Sludge!</small><br></div><div class="spacer battle-history"><br></div><div class="battle-history"><small>Audino's wish came true!</small><br></div><div class="spacer battle-history"><br></div><h2 class="battle-history">Turn 11</h2><div class="spacer battle-history"><br></div><div class="battle-history">lighthouses withdrew Venusaur!<br></div><div class="battle-history">lighthouses sent out <strong>Blastoise</strong>!<br></div><div class="spacer battle-history"><br></div><div class="battle-history">Audino, come back!<br></div><div class="battle-history">Go! <strong>Escavalier</strong>!<br></div><div class="battle-history"><small>Pointed stones dug into Escavalier!</small><br></div><div class="spacer battle-history"><br></div><div class="battle-history"><small>Escavalier restored a little HP using its Leftovers!</small><br></div><div class="spacer battle-history"><br></div><h2 class="battle-history">Turn 12</h2><div class="spacer battle-history"><br></div><div class="battle-history">Escavalier, come back!<br></div><div class="battle-history">Go! <strong>Lanturn</strong>!<br></div><div class="battle-history"><small>Pointed stones dug into Lanturn!</small><br></div><div class="spacer battle-history"><br></div><div class="battle-history">The opposing Blastoise used <strong>Scald</strong>!<br></div><div class="battle-history"><small>It's not very effective...</small><br></div><div class="battle-history"><small>A critical hit!</small><br></div><div class="battle-history"><small>(Lanturn lost <abbr title="−54/417">12.9%</abbr> of its health!)</small><br></div><div class="battle-history"><small>Lanturn was burned!</small><br></div><div class="spacer battle-history"><br></div><div class="battle-history"><small>Lanturn restored a little HP using its Leftovers!</small><br></div><div class="battle-history"><small>Lanturn was hurt by its burn!</small><br></div><div class="spacer battle-history"><br></div><h2 class="battle-history">Turn 13</h2><div class="spacer battle-history"><br></div><div class="battle-history">lighthouses withdrew Blastoise!<br></div><div class="battle-history">lighthouses sent out <strong>Jolteon</strong>!<br></div><div class="spacer battle-history"><br></div><div class="battle-history">Lanturn used <strong>Scald</strong>!<br></div><div class="battle-history"><small>A critical hit!</small><br></div><div class="battle-history"><small>(The opposing Jolteon lost <abbr title="−130/271">48.0%</abbr> of its health!)</small><br></div><div class="spacer battle-history"><br></div><div class="battle-history"><small>Lanturn restored a little HP using its Leftovers!</small><br></div><div class="battle-history"><small>Lanturn was hurt by its burn!</small><br></div><div class="spacer battle-history"><br></div><h2 class="battle-history">Turn 14</h2><div class="spacer battle-history"><br></div><div class="battle-history">The opposing Jolteon used <strong>Shadow Ball</strong>!<br></div><div class="battle-history"><small>(Lanturn lost <abbr title="−113/417">27.1%</abbr> of its health!)</small><br></div><div class="spacer battle-history"><br></div><div class="battle-history">Lanturn used <strong>Scald</strong>!<br></div><div class="battle-history"><small>(The opposing Jolteon lost <abbr title="−78/271">28.8%</abbr> of its health!)</small><br></div><div class="battle-history"><small>The opposing Jolteon was burned!</small><br></div><div class="spacer battle-history"><br></div><div class="battle-history"><small>Lanturn restored a little HP using its Leftovers!</small><br></div><div class="battle-history"><small>The opposing Jolteon was hurt by its burn!</small><br></div><div class="battle-history"><small>Lanturn was hurt by its burn!</small><br></div><div class="spacer battle-history"><br></div><h2 class="battle-history">Turn 15</h2><div class="spacer battle-history"><br></div><div class="battle-history">lighthouses withdrew Jolteon!<br></div><div class="battle-history">lighthouses sent out <strong>Venusaur</strong>!<br></div><div class="spacer battle-history"><br></div><div class="battle-history">Lanturn, come back!<br></div><div class="battle-history">Go! <strong>Audino</strong>!<br></div><div class="battle-history"><small>Pointed stones dug into Audino!</small><br></div><div class="spacer battle-history"><br></div><h2 class="battle-history">Turn 16</h2><div class="spacer battle-history"><br></div><div class="battle-history">The opposing Venusaur used <strong>Sludge Bomb</strong>!<br></div><div class="battle-history"><small>(Audino lost <abbr title="−121/410">29.5%</abbr> of its health!)</small><br></div><div class="spacer battle-history"><br></div><div class="battle-history">Audino used <strong>Wish</strong>!<br></div><div class="spacer battle-history"><br></div><h2 class="battle-history">Turn 17</h2><div class="spacer battle-history"><br></div><div class="battle-history">Audino, come back!<br></div><div class="battle-history">Go! <strong>Flygon</strong>!<br></div><div class="battle-history"><small>Pointed stones dug into Flygon!</small><br></div><div class="spacer battle-history"><br></div><div class="battle-history">The opposing Venusaur used <strong>Sludge Bomb</strong>!<br></div><div class="battle-history"><small>It's not very effective...</small><br></div><div class="battle-history"><small>(Flygon lost <abbr title="−65/301">21.6%</abbr> of its health!)</small><br></div><div class="spacer battle-history"><br></div><div class="battle-history"><small>Audino's wish came true!</small><br></div><div class="spacer battle-history"><br></div><h2 class="battle-history">Turn 18</h2><div class="spacer battle-history"><br></div><div class="battle-history">Flygon used <strong>U-turn</strong>!<br></div><div class="battle-history"><small>(The opposing Venusaur lost <abbr title="−55/364">15.1%</abbr> of its health!)</small><br></div><div class="spacer battle-history"><br></div><div class="battle-history">Flygon went back to EviGaro!<br></div><div class="battle-history">Go! <strong>Escavalier</strong>!<br></div><div class="battle-history"><small>Pointed stones dug into Escavalier!</small><br></div><div class="spacer battle-history"><br></div><div class="battle-history">The opposing Venusaur used <strong>Synthesis</strong>!<br></div><div class="battle-history"><small>The opposing Venusaur restored its HP.</small><br></div><div class="spacer battle-history"><br></div><div class="battle-history"><small>Escavalier restored a little HP using its Leftovers!</small><br></div><div class="spacer battle-history"><br></div><h2 class="battle-history">Turn 19</h2><div class="spacer battle-history"><br></div><div class="battle-history">lighthouses withdrew Venusaur!<br></div><div class="battle-history">lighthouses sent out <strong>Jolteon</strong>!<br></div><div class="spacer battle-history"><br></div><div class="battle-history">Escavalier used <strong>Megahorn</strong>!<br></div><div class="battle-history"><small>(The opposing Jolteon lost <abbr title="−30/271">11.1%</abbr> of its health!)</small><br></div><div class="spacer battle-history"><br></div><div class="battle-history">The opposing Jolteon fainted!<br></div><div class="spacer battle-history"><br></div><div class="battle-history"><small>Escavalier restored a little HP using its Leftovers!</small><br></div><div class="spacer battle-history"><br></div><div class="battle-history">lighthouses sent out <strong>Rhyperior</strong>!<br></div><div class="spacer battle-history"><br></div><h2 class="battle-history">Turn 20</h2><div class="spacer battle-history"><br></div><div class="battle-history">Escavalier used <strong>Protect</strong>!<br></div><div class="battle-history"><small>Escavalier protected itself!</small><br></div><div class="spacer battle-history"><br></div><div class="battle-history">The opposing Rhyperior used <strong>Stone Edge</strong>!<br></div><div class="battle-history"><small>Escavalier protected itself!</small><br></div><div class="spacer battle-history"><br></div><div class="battle-history"><small>Escavalier restored a little HP using its Leftovers!</small><br></div><div class="spacer battle-history"><br></div><h2 class="battle-history">Turn 21</h2><div class="spacer battle-history"><br></div><div class="battle-history">Escavalier, come back!<br></div><div class="battle-history">Go! <strong>Flygon</strong>!<br></div><div class="battle-history"><small>Pointed stones dug into Flygon!</small><br></div><div class="spacer battle-history"><br></div><div class="battle-history">The opposing Rhyperior used <strong>Stone Edge</strong>!<br></div><div class="battle-history"><small>It's not very effective...</small><br></div><div class="battle-history"><small>(Flygon lost <abbr title="−171/301">56.8%</abbr> of its health!)</small><br></div><div class="spacer battle-history"><br></div><h2 class="battle-history">Turn 22</h2><div class="spacer battle-history"><br></div><div class="battle-history">lighthouses withdrew Rhyperior!<br></div><div class="battle-history">lighthouses sent out <strong>Uxie</strong>!<br></div><div class="spacer battle-history"><br></div><div class="battle-history">Flygon used <strong>Defog</strong>!<br></div><div class="battle-history"><small>The opposing Uxie's evasiveness fell!</small><br></div><div class="battle-history"><small>The pointed stones disappeared from around your team!</small><br></div><div class="spacer battle-history"><br></div><h2 class="battle-history">Turn 23</h2><div class="chat"><small>The Never Story joined.</small></div><div class="spacer battle-history"><br></div><div class="battle-history">Flygon used <strong>Dragon Claw</strong>!<br></div><div class="battle-history"><small>(The opposing Uxie lost <abbr title="−87/354">24.6%</abbr> of its health!)</small><br></div><div class="spacer battle-history"><br></div><div class="battle-history">The opposing Uxie used <strong>U-turn</strong>!<br></div><div class="battle-history"><small>(Flygon lost <abbr title="−49/301">16.3%</abbr> of its health!)</small><br></div><div class="chat chatmessage-ajna"><strong style="color:hsl(16,65%,44.207154230337885%)"><small> </small><span class="username" data-name="Ajna">Ajna</span>:</strong> <em>diogo</em></div><div class="spacer battle-history"><br></div><div class="battle-history">The opposing Uxie went back to lighthouses!<br></div><div class="battle-history">lighthouses sent out <strong>Venusaur</strong>!<br></div><div class="spacer battle-history"><br></div><h2 class="battle-history">Turn 24</h2><div class="chat chatmessage-ajna"><strong style="color:hsl(16,65%,44.207154230337885%)"><small> </small><span class="username" data-name="Ajna">Ajna</span>:</strong> <em>i just randomly woke up with the flu this morning</em></div><div class="spacer battle-history"><br></div><div class="battle-history">Flygon used <strong>Earthquake</strong>!<br></div><div class="battle-history"><small>A critical hit!</small><br></div><div class="battle-history"><small>(The opposing Venusaur lost <abbr title="−231/364">63.5%</abbr> of its health!)</small><br></div><div class="spacer battle-history"><br></div><div class="battle-history">The opposing Venusaur used <strong>Leech Seed</strong>!<br></div><div class="battle-history"><small>Flygon was seeded!</small><br></div><div class="spacer battle-history"><br></div><div class="battle-history"><small>Flygon's health is sapped by Leech Seed!</small><br></div><div class="spacer battle-history"><br></div><div class="battle-history">Flygon fainted!<br></div><div class="spacer battle-history"><br></div><div class="battle-history">Go! <strong>Mesprit</strong>!<br></div><div class="spacer battle-history"><br></div><h2 class="battle-history">Turn 25</h2><div class="chat chatmessage-ajna"><strong style="color:hsl(16,65%,44.207154230337885%)"><small> </small><span class="username" data-name="Ajna">Ajna</span>:</strong> <em>so i played pkmn all day</em></div><div class="spacer battle-history"><br></div><div class="battle-history">lighthouses withdrew Venusaur!<br></div><div class="battle-history">lighthouses sent out <strong>Uxie</strong>!<br></div><div class="spacer battle-history"><br></div><div class="battle-history">Mesprit used <strong>Stealth Rock</strong>!<br></div><div class="battle-history"><small>Pointed stones float in the air around the opposing team!</small><br></div><div class="spacer battle-history"><br></div><h2 class="battle-history">Turn 26</h2><div class="chat chatmessage-ajna"><strong style="color:hsl(16,65%,44.207154230337885%)"><small> </small><span class="username" data-name="Ajna">Ajna</span>:</strong> <em>and topped the ladder</em></div><div class="chat chatmessage-ajna"><strong style="color:hsl(16,65%,44.207154230337885%)"><small> </small><span class="username" data-name="Ajna">Ajna</span>:</strong> <em>,</em></div><div class="chat chatmessage-lighthouses"><strong style="color:hsl(320,49%,50.56078876181623%)"><small>☆</small><span class="username" data-name="lighthouses">lighthouses</span>:</strong> <em>are you proud</em></div><div class="chat chatmessage-lighthouses"><strong style="color:hsl(320,49%,50.56078876181623%)"><small>☆</small><span class="username" data-name="lighthouses">lighthouses</span>:</strong> <em>of yourself</em></div><div class="chat chatmessage-ajna"><strong style="color:hsl(16,65%,44.207154230337885%)"><small> </small><span class="username" data-name="Ajna">Ajna</span>:</strong> <em>yes</em></div><div class="chat chatmessage-ajna"><strong style="color:hsl(16,65%,44.207154230337885%)"><small> </small><span class="username" data-name="Ajna">Ajna</span>:</strong> <em>bro</em></div><div class="chat chatmessage-ajna"><strong style="color:hsl(16,65%,44.207154230337885%)"><small> </small><span class="username" data-name="Ajna">Ajna</span>:</strong> <em>that shit</em></div><div class="chat chatmessage-ajna"><strong style="color:hsl(16,65%,44.207154230337885%)"><small> </small><span class="username" data-name="Ajna">Ajna</span>:</strong> <em>is impossible</em></div><div class="chat chatmessage-lighthouses"><strong style="color:hsl(320,49%,50.56078876181623%)"><small>☆</small><span class="username" data-name="lighthouses">lighthouses</span>:</strong> <em>lmfao</em></div><div class="spacer battle-history"><br></div><div class="battle-history">Mesprit, come back!<br></div><div class="battle-history">Go! <strong>Escavalier</strong>!<br></div><div class="spacer battle-history"><br></div><div class="battle-history">The opposing Uxie used <strong>Stealth Rock</strong>!<br></div><div class="battle-history"><small>Pointed stones float in the air around your team!</small><br></div><div class="spacer battle-history"><br></div><h2 class="battle-history">Turn 27</h2><div class="chat chatmessage-ajna"><strong style="color:hsl(16,65%,44.207154230337885%)"><small> </small><span class="username" data-name="Ajna">Ajna</span>:</strong> <em>those kids are so good</em></div><div class="spacer battle-history"><br></div><div class="battle-history">The opposing Uxie used <strong>U-turn</strong>!<br></div><div class="battle-history"><small>It's not very effective...</small><br></div><div class="battle-history"><small>(Escavalier lost <abbr title="−19/343">5.5%</abbr> of its health!)</small><br></div><div class="spacer battle-history"><br></div><div class="battle-history"><small>(The opposing Uxie is being withdrawn...)</small><br></div><div class="spacer battle-history"><br></div><div class="battle-history">Escavalier used <strong>Pursuit</strong>!<br></div><div class="battle-history"><small>It's super effective!</small><br></div><div class="battle-history"><small>(The opposing Uxie lost <abbr title="−147/354">41.5%</abbr> of its health!)</small><br></div><div class="spacer battle-history"><br></div><div class="battle-history">The opposing Uxie fainted!<br></div><div class="spacer battle-history"><br></div><div class="battle-history"><small>Escavalier restored a little HP using its Leftovers!</small><br></div><div class="spacer battle-history"><br></div><div class="battle-history">lighthouses sent out <strong>Rhyperior</strong>!<br></div><div class="battle-history"><small>Pointed stones dug into the opposing Rhyperior!</small><br></div><div class="spacer battle-history"><br></div><h2 class="battle-history">Turn 28</h2><div class="chat chatmessage-lighthouses"><strong style="color:hsl(320,49%,50.56078876181623%)"><small>☆</small><span class="username" data-name="lighthouses">lighthouses</span>:</strong> <em>i can imagine</em></div><div class="chat chatmessage-ajna"><strong style="color:hsl(16,65%,44.207154230337885%)"><small> </small><span class="username" data-name="Ajna">Ajna</span>:</strong> <em>i just spammed ho with cb bruxish</em></div><div class="spacer battle-history"><br></div><div class="battle-history">Escavalier used <strong>Protect</strong>!<br></div><div class="battle-history"><small>Escavalier protected itself!</small><br></div><div class="spacer battle-history"><br></div><div class="battle-history">The opposing Rhyperior used <strong>Stone Edge</strong>!<br></div><div class="battle-history"><small>Escavalier protected itself!</small><br></div><div class="spacer battle-history"><br></div><h2 class="battle-history">Turn 29</h2><div class="spacer battle-history"><br></div><div class="battle-history">The opposing Rhyperior used <strong>Stone Edge</strong>!<br></div><div class="battle-history"><small>(Escavalier lost <abbr title="−298/343">86.9%</abbr> of its health!)</small><br></div><div class="spacer battle-history"><br></div><div class="battle-history">Escavalier used <strong>Iron Head</strong>!<br></div><div class="battle-history"><small>It's super effective!</small><br></div><div class="battle-history"><small>(The opposing Rhyperior lost <abbr title="−157/380">41.3%</abbr> of its health!)</small><br></div><div class="spacer battle-history"><br></div><div class="battle-history"><small>Escavalier restored a little HP using its Leftovers!</small><br></div><div class="spacer battle-history"><br></div><h2 class="battle-history">Turn 30</h2><div class="chat chatmessage-ajna"><strong style="color:hsl(16,65%,44.207154230337885%)"><small> </small><span class="username" data-name="Ajna">Ajna</span>:</strong> <em>it was v fun</em></div><div class="spacer battle-history"><br></div><div class="battle-history">lighthouses withdrew Rhyperior!<br></div><div class="battle-history">lighthouses sent out <strong>Blastoise</strong>!<br></div><div class="battle-history"><small>Pointed stones dug into the opposing Blastoise!</small><br></div><div class="spacer battle-history"><br></div><div class="battle-history">Escavalier used <strong>Protect</strong>!<br></div><div class="battle-history"><small>But it failed!</small><br></div><div class="spacer battle-history"><br></div><div class="battle-history"><small>The opposing Blastoise restored a little HP using its Leftovers!</small><br></div><div class="battle-history"><small>Escavalier restored a little HP using its Leftovers!</small><br></div><div class="spacer battle-history"><br></div><h2 class="battle-history">Turn 31</h2><div class="spacer battle-history"><br></div><div class="battle-history">lighthouses withdrew Blastoise!<br></div><div class="battle-history">lighthouses sent out <strong>Venusaur</strong>!<br></div><div class="battle-history"><small>Pointed stones dug into the opposing Venusaur!</small><br></div><div class="spacer battle-history"><br></div><div class="battle-history">Escavalier used <strong>Megahorn</strong>!<br></div><div class="battle-history"><small>A critical hit!</small><br></div><div class="battle-history"><small>(The opposing Venusaur lost <abbr title="−94/364">25.8%</abbr> of its health!)</small><br></div><div class="spacer battle-history"><br></div><div class="battle-history">The opposing Venusaur fainted!<br></div><div class="spacer battle-history"><br></div><div class="battle-history"><small>Escavalier restored a little HP using its Leftovers!</small><br></div><div class="chat chatmessage-ajna"><strong style="color:hsl(16,65%,44.207154230337885%)"><small> </small><span class="username" data-name="Ajna">Ajna</span>:</strong> <em>i used a cryogonal too</em></div><div class="spacer battle-history"><br></div><div class="battle-history">lighthouses sent out <strong>Drapion</strong>!<br></div><div class="battle-history"><small>Pointed stones dug into the opposing Drapion!</small><br></div><div class="spacer battle-history"><br></div><h2 class="battle-history">Turn 32</h2><div class="chat"><small>Mr. Aldo joined.</small></div><div class="chat chatmessage-ajna"><strong style="color:hsl(16,65%,44.207154230337885%)"><small> </small><span class="username" data-name="Ajna">Ajna</span>:</strong> <em>and it's actually pretty good</em></div><div class="spacer battle-history"><br></div><div class="battle-history">The opposing Drapion used <strong>Knock Off</strong>!<br></div><div class="battle-history"><small>(Escavalier lost <abbr title="−108/343">31.5%</abbr> of its health!)</small><br></div><div class="battle-history"><small>The opposing Drapion knocked off Escavalier's Leftovers!</small><br></div><div class="spacer battle-history"><br></div><div class="battle-history">Escavalier fainted!<br></div><div class="chat chatmessage-lighthouses"><strong style="color:hsl(320,49%,50.56078876181623%)"><small>☆</small><span class="username" data-name="lighthouses">lighthouses</span>:</strong> <em>is cryogonal</em></div><div class="chat chatmessage-lighthouses"><strong style="color:hsl(320,49%,50.56078876181623%)"><small>☆</small><span class="username" data-name="lighthouses">lighthouses</span>:</strong> <em>good</em></div><div class="spacer battle-history"><br></div><div class="battle-history">Go! <strong>Mesprit</strong>!<br></div><div class="battle-history"><small>Pointed stones dug into Mesprit!</small><br></div><div class="spacer battle-history"><br></div><h2 class="battle-history">Turn 33</h2><div class="chat chatmessage-ajna"><strong style="color:hsl(16,65%,44.207154230337885%)"><small> </small><span class="username" data-name="Ajna">Ajna</span>:</strong> <em>the only set ppl have tried is offensive</em></div><div class="chat chatmessage-evigaro"><strong style="color:hsl(57,78%,32.99963059042893%)"><small>☆</small><span class="username" data-name="EviGaro">EviGaro</span>:</strong> <em>It's ok</em></div><div class="chat chatmessage-ajna"><strong style="color:hsl(16,65%,44.207154230337885%)"><small> </small><span class="username" data-name="Ajna">Ajna</span>:</strong> <em>but i used spdef</em></div><div class="spacer battle-history"><br></div><div class="battle-history">lighthouses withdrew Drapion!<br></div><div class="battle-history">lighthouses sent out <strong>Blastoise</strong>!<br></div><div class="battle-history"><small>Pointed stones dug into the opposing Blastoise!</small><br></div><div class="spacer battle-history"><br></div><div class="battle-history">Mesprit used <strong>Thunderbolt</strong>!<br></div><div class="battle-history"><small>It's super effective!</small><br></div><div class="battle-history"><small>(The opposing Blastoise lost <abbr title="−172/362">47.5%</abbr> of its health!)</small><br></div><div class="spacer battle-history"><br></div><div class="battle-history"><small>The opposing Blastoise restored a little HP using its Leftovers!</small><br></div><div class="spacer battle-history"><br></div><h2 class="battle-history">Turn 34</h2><div class="chat chatmessage-ajna"><strong style="color:hsl(16,65%,44.207154230337885%)"><small> </small><span class="username" data-name="Ajna">Ajna</span>:</strong> <em>and it does its job well</em></div><div class="spacer battle-history"><br></div><div class="battle-history">lighthouses withdrew Blastoise!<br></div><div class="battle-history">lighthouses sent out <strong>Rhyperior</strong>!<br></div><div class="battle-history"><small>Pointed stones dug into the opposing Rhyperior!</small><br></div><div class="spacer battle-history"><br></div><div class="battle-history">Mesprit used <strong>Thunderbolt</strong>!<br></div><div class="battle-history"><small>It doesn't affect the opposing Rhyperior...</small><br></div><div class="spacer battle-history"><br></div><h2 class="battle-history">Turn 35</h2><div class="chat chatmessage-lighthouses"><strong style="color:hsl(320,49%,50.56078876181623%)"><small>☆</small><span class="username" data-name="lighthouses">lighthouses</span>:</strong> <em>i see</em></div><div class="spacer battle-history"><br></div><div class="battle-history">Mesprit used <strong>Psychic</strong>!<br></div><div class="battle-history"><small>(The opposing Rhyperior lost <abbr title="−177/380">46.6%</abbr> of its health!)</small><br></div><div class="spacer battle-history"><br></div><div class="battle-history">The opposing Rhyperior fainted!<br></div><div class="chat chatmessage-ajna"><strong style="color:hsl(16,65%,44.207154230337885%)"><small> </small><span class="username" data-name="Ajna">Ajna</span>:</strong> <em>i had s ball whimsi to lure doublade</em></div><div class="spacer battle-history"><br></div><div class="battle-history">lighthouses sent out <strong>Drapion</strong>!<br></div><div class="battle-history"><small>Pointed stones dug into the opposing Drapion!</small><br></div><div class="spacer battle-history"><br></div><h2 class="battle-history">Turn 36</h2><div class="spacer battle-history"><br></div><div class="battle-history">The opposing Drapion used <strong>Knock Off</strong>!<br></div><div class="battle-history"><small>It's super effective!</small><br></div><div class="battle-history"><small>Mesprit ate its Colbur Berry!</small><br></div><div class="battle-history"><small>The Colbur Berry weakened the damage to Mesprit!</small><br></div><div class="battle-history"><small>(Mesprit lost <abbr title="−129/301">42.9%</abbr> of its health!)</small><br></div><div class="spacer battle-history"><br></div><div class="battle-history">Mesprit used <strong>Thunderbolt</strong>!<br></div><div class="battle-history"><small>(The opposing Drapion lost <abbr title="−122/281">43.4%</abbr> of its health!)</small><br></div><div class="spacer battle-history"><br></div><h2 class="battle-history">Turn 37</h2><div class="spacer battle-history"><br></div><div class="battle-history">The opposing Drapion used <strong>Knock Off</strong>!<br></div><div class="battle-history"><small>It's super effective!</small><br></div><div class="battle-history"><small>(Mesprit lost <abbr title="−135/301">44.9%</abbr> of its health!)</small><br></div><div class="spacer battle-history"><br></div><div class="battle-history">Mesprit fainted!<br></div><div class="chat chatmessage-ajna"><strong style="color:hsl(16,65%,44.207154230337885%)"><small> </small><span class="username" data-name="Ajna">Ajna</span>:</strong> <em>so once u get rid of blade it keeps rocks gone</em></div><div class="chat chatmessage-lighthouses"><strong style="color:hsl(320,49%,50.56078876181623%)"><small>☆</small><span class="username" data-name="lighthouses">lighthouses</span>:</strong> <em>what do u check w spdef</em></div><div class="spacer battle-history"><br></div><div class="battle-history">Go! <strong>Audino</strong>!<br></div><div class="battle-history"><small>Pointed stones dug into Audino!</small><br></div><div class="spacer battle-history"><br></div><h2 class="battle-history">Turn 38</h2><div class="chat chatmessage-ajna"><strong style="color:hsl(16,65%,44.207154230337885%)"><small> </small><span class="username" data-name="Ajna">Ajna</span>:</strong> <em>and it checks shaymin and nidoqueen</em></div><div class="spacer battle-history"><br></div><div class="battle-history">The opposing Drapion used <strong>Swords Dance</strong>!<br></div><div class="battle-history"><small>The opposing Drapion's Attack rose sharply!</small><br></div><div class="spacer battle-history"><br></div><div class="battle-history">Audino used <strong>Knock Off</strong>!<br></div><div class="battle-history"><small>It's not very effective...</small><br></div><div class="battle-history"><small>(The opposing Drapion lost <abbr title="−22/281">7.8%</abbr> of its health!)</small><br></div><div class="battle-history"><small>Audino knocked off the opposing Drapion's Shuca Berry!</small><br></div><div class="spacer battle-history"><br></div><h2 class="battle-history">Turn 39</h2><div class="chat chatmessage-ajna"><strong style="color:hsl(16,65%,44.207154230337885%)"><small> </small><span class="username" data-name="Ajna">Ajna</span>:</strong> <em>uh</em></div><div class="spacer battle-history"><br></div><div class="battle-history">The opposing Drapion used <strong>Knock Off</strong>!<br></div><div class="battle-history"><small>(Audino lost <abbr title="−142/410">34.6%</abbr> of its health!)</small><br></div><div class="spacer battle-history"><br></div><div class="battle-history">Audino used <strong>Wish</strong>!<br></div><div class="spacer battle-history"><br></div><h2 class="battle-history">Turn 40</h2><div class="spacer battle-history"><br></div><div class="battle-history">The opposing Drapion used <strong>Poison Jab</strong>!<br></div><div class="battle-history"><small>A critical hit!</small><br></div><div class="battle-history"><small>(Audino lost <abbr title="−181/410">44.1%</abbr> of its health!)</small><br></div><div class="spacer battle-history"><br></div><div class="battle-history">Audino fainted!<br></div><div class="spacer battle-history"><br></div><div class="battle-history">Go! <strong>Virizion</strong>!<br></div><div class="battle-history"><small>Pointed stones dug into Virizion!</small><br></div><div class="spacer battle-history"><br></div><h2 class="battle-history">Turn 41</h2><div class="spacer battle-history"><br></div><div class="battle-history">Virizion used <strong>Close Combat</strong>!<br></div><div class="battle-history"><small>(The opposing Drapion lost <abbr title="−67/281">23.8%</abbr> of its health!)</small><br></div><div class="battle-history"><small>Virizion's Defense fell!</small><br></div><div class="battle-history"><small>Virizion's Special Defense fell!</small><br></div><div class="battle-history"><small>Virizion lost some of its HP!</small><br></div><div class="spacer battle-history"><br></div><div class="battle-history">The opposing Drapion fainted!<br></div><div class="spacer battle-history"><br></div><div class="battle-history">lighthouses sent out <strong>Blastoise</strong>!<br></div><div class="battle-history"><small>Pointed stones dug into the opposing Blastoise!</small><br></div><div class="spacer battle-history"><br></div><h2 class="battle-history">Turn 42</h2><div class="chat chatmessage-evigaro"><strong style="color:hsl(57,78%,32.99963059042893%)"><small>☆</small><span class="username" data-name="EviGaro">EviGaro</span>:</strong> <em>ggs</em></div><div class="chat chatmessage-lighthouses"><strong style="color:hsl(320,49%,50.56078876181623%)"><small>☆</small><span class="username" data-name="lighthouses">lighthouses</span>:</strong> <em>gg</em></div><div class="spacer battle-history"><br></div><div class="battle-history">Virizion used <strong>Giga Drain</strong>!<br></div><div class="battle-history"><small>It's super effective!</small><br></div><div class="battle-history"><small>(The opposing Blastoise lost <abbr title="−99/362">27.3%</abbr> of its health!)</small><br></div><div class="battle-history"><small>The opposing Blastoise had its energy drained!</small><br></div><div class="battle-history"><small>Virizion lost some of its HP!</small><br></div><div class="spacer battle-history"><br></div><div class="battle-history">The opposing Blastoise fainted!<br></div><div class="spacer battle-history"><br></div><div class="battle-history"><strong>EviGaro</strong> won the battle!<br></div></div><div class="inner-preempt"></div></div></div>
</div>
<script>
let daily = Math.floor(Date.now()/1000/60/60/24);document.write('<script src="https://play.pokemonshowdown.com/js/replay-embed.js?version'+daily+'"></'+'script>');
</script>
