<!DOCTYPE html>
<meta charset="utf-8" />
<!-- version 1 -->
<title>RU replay: Ne͜͡crocat219 vs. MunnAy</title>
<style>
html,body {font-family:Verdana, sans-serif;font-size:10pt;margin:0;padding:0;}body{padding:12px 0;} .battle-log {font-family:Verdana, sans-serif;font-size:10pt;} .battle-log-inline {border:1px solid #AAAAAA;background:#EEF2F5;color:black;max-width:640px;margin:0 auto 80px;padding-bottom:5px;} .battle-log .inner {padding:4px 8px 0px 8px;} .battle-log .inner-preempt {padding:0 8px 4px 8px;} .battle-log .inner-after {margin-top:0.5em;} .battle-log h2 {margin:0.5em -8px;padding:4px 8px;border:1px solid #AAAAAA;background:#E0E7EA;border-left:0;border-right:0;font-family:Verdana, sans-serif;font-size:13pt;} .battle-log .chat {vertical-align:middle;padding:3px 0 3px 0;font-size:8pt;} .battle-log .chat strong {color:#40576A;} .battle-log .chat em {padding:1px 4px 1px 3px;color:#000000;font-style:normal;} .chat.mine {background:rgba(0,0,0,0.05);margin-left:-8px;margin-right:-8px;padding-left:8px;padding-right:8px;} .spoiler {color:#BBBBBB;background:#BBBBBB;padding:0px 3px;} .spoiler:hover, .spoiler:active, .spoiler-shown {color:#000000;background:#E2E2E2;padding:0px 3px;} .spoiler a {color:#BBBBBB;} .spoiler:hover a, .spoiler:active a, .spoiler-shown a {color:#2288CC;} .chat code, .chat .spoiler:hover code, .chat .spoiler:active code, .chat .spoiler-shown code {border:1px solid #C0C0C0;background:#EEEEEE;color:black;padding:0 2px;} .chat .spoiler code {border:1px solid #CCCCCC;background:#CCCCCC;color:#CCCCCC;} .battle-log .rated {padding:3px 4px;} .battle-log .rated strong {color:white;background:#89A;padding:1px 4px;border-radius:4px;} .spacer {margin-top:0.5em;} .message-announce {background:#6688AA;color:white;padding:1px 4px 2px;} .message-announce a, .broadcast-green a, .broadcast-blue a, .broadcast-red a {color:#DDEEFF;} .broadcast-green {background-color:#559955;color:white;padding:2px 4px;} .broadcast-blue {background-color:#6688AA;color:white;padding:2px 4px;} .infobox {border:1px solid #6688AA;padding:2px 4px;} .infobox-limited {max-height:200px;overflow:auto;overflow-x:hidden;} .broadcast-red {background-color:#AA5544;color:white;padding:2px 4px;} .message-learn-canlearn {font-weight:bold;color:#228822;text-decoration:underline;} .message-learn-cannotlearn {font-weight:bold;color:#CC2222;text-decoration:underline;} .message-effect-weak {font-weight:bold;color:#CC2222;} .message-effect-resist {font-weight:bold;color:#6688AA;} .message-effect-immune {font-weight:bold;color:#666666;} .message-learn-list {margin-top:0;margin-bottom:0;} .message-throttle-notice, .message-error {color:#992222;} .message-overflow, .chat small.message-overflow {font-size:0pt;} .message-overflow::before {font-size:9pt;content:'...';} .subtle {color:#3A4A66;}
</style>
<div class="wrapper replay-wrapper" style="max-width:1180px;margin:0 auto">
<input type="hidden" name="replayid" value="ru-534112703" />
<div class="battle"></div><div class="battle-log"></div><div class="replay-controls"></div><div class="replay-controls-2"></div>
<h1 style="font-weight:normal;text-align:center"><strong>RU</strong><br /><a href="http://pokemonshowdown.com/users/necrocat219" class="subtle" target="_blank">Ne͜͡crocat219</a> vs. <a href="http://pokemonshowdown.com/users/munnay" class="subtle" target="_blank">MunnAy</a></h1>
<script type="text/plain" class="battle-log-data">|j|Ne͜͡crocat219
|j|MunnAy
|player|p1|Ne͜͡crocat219|2
|player|p2|MunnAy|294
|gametype|singles
|gen|6
|tier|RU
|seed|29425,56442,19143,2783
|rule|Sleep Clause Mod: Limit one foe put to sleep
|rule|Species Clause: Limit one of each Pokémon
|rule|OHKO Clause: OHKO moves are banned
|rule|Moody Clause: Moody is banned
|rule|Evasion Moves Clause: Evasion moves are banned
|rule|Endless Battle Clause: Forcing endless battles is banned
|rule|HP Percentage Mod: HP is shown in percentages
|clearpoke
|poke|p1|Sneasel, F|item
|poke|p1|Bronzong|item
|poke|p1|Tangela, M|item
|poke|p1|Qwilfish, F|item
|poke|p1|Diancie|item
|poke|p1|Flygon, M|item
|poke|p2|Venusaur, F|item
|poke|p2|Scrafty, F|item
|poke|p2|Diancie|item
|poke|p2|Flygon, M|item
|poke|p2|Alomomola, F|item
|poke|p2|Fletchinder, M|
|rule|Swagger Clause: Swagger is banned
|rule|Baton Pass Clause: Limit one Baton Passer, can't pass Spe and other stats simultaneously
|teampreview
|j|Stats Bot
|l|Stats Bot
|j|dem_noodles®
|j|Liseyn
|j|MOBA_n_Tilt
|j|popplioindaface
|choice|team 4, team 2, team 3, team 1, team 5, team 6|team 3, team 2, team 1, team 4, team 5, team 6
|
|start
|switch|p1a: Qwilfish|Qwilfish, F|333\/333
|switch|p2a: Charlotte|Diancie|304\/304
|turn|1
|j|Oras-mega
|choice|move spikes|move stealthrock
|
|move|p1a: Qwilfish|Spikes|p2a: Charlotte
|-sidestart|p2: MunnAy|Spikes
|move|p2a: Charlotte|Stealth Rock|p1a: Qwilfish
|-sidestart|p1: Ne͜͡crocat219|move: Stealth Rock
|
|upkeep
|turn|2
|choice|switch 2|switch 4
|
|switch|p1a: Bronzong|Bronzong|337\/337
|-damage|p1a: Bronzong|316\/337|[from] Stealth Rock
|switch|p2a: Murdock|Flygon, M|302\/302
|
|-heal|p1a: Bronzong|337\/337|[from] item: Leftovers
|upkeep
|turn|3
|l|Liseyn
|choice|move stealthrock|move defog
|
|move|p2a: Murdock|Defog|p1a: Bronzong
|-unboost|p1a: Bronzong|evasion|1
|-sideend|p1: Ne͜͡crocat219|Stealth Rock|[from] move: Defog|[of] p1a: Bronzong
|-sideend|p2: MunnAy|Spikes|[from] move: Defog|[of] p2a: Murdock
|move|p1a: Bronzong|Stealth Rock|p2a: Murdock
|-sidestart|p2: MunnAy|move: Stealth Rock
|
|upkeep
|turn|4
|choice|move toxic|move defog
|
|move|p2a: Murdock|Defog|p1a: Bronzong
|-unboost|p1a: Bronzong|evasion|1
|-sideend|p2: MunnAy|Stealth Rock|[from] move: Defog|[of] p2a: Murdock
|move|p1a: Bronzong|Toxic|p2a: Murdock
|-status|p2a: Murdock|tox
|
|-damage|p2a: Murdock|284\/302 tox|[from] psn
|upkeep
|turn|5
|choice|move stealthrock|move uturn
|
|move|p2a: Murdock|U-turn|p1a: Bronzong
|-damage|p1a: Bronzong|283\/337
|choice||switch 2
|
|switch|p2a: Sgt B.A.|Scrafty, F|271\/271
|-ability|p2a: Sgt B.A.|Intimidate|boost
|-unboost|p1a: Bronzong|atk|1
|move|p1a: Bronzong|Stealth Rock|p2a: Sgt B.A.
|-sidestart|p2: MunnAy|move: Stealth Rock
|
|-heal|p1a: Bronzong|304\/337|[from] item: Leftovers
|upkeep
|turn|6
|choice|switch 5|move dragondance
|
|switch|p1a: Diancie|Diancie|303\/303
|move|p2a: Sgt B.A.|Dragon Dance|p2a: Sgt B.A.
|-boost|p2a: Sgt B.A.|atk|1
|-boost|p2a: Sgt B.A.|spe|1
|
|upkeep
|turn|7
|choice|move moonblast|move ironhead
|
|move|p2a: Sgt B.A.|Iron Head|p1a: Diancie
|-supereffective|p1a: Diancie
|-damage|p1a: Diancie|0 fnt
|faint|p1a: Diancie
|
|upkeep
|choice|switch 3|
|
|switch|p1a: Tangela|Tangela, M|334\/334
|turn|8
|choice|move sleeppowder|move knockoff
|
|move|p2a: Sgt B.A.|Knock Off|p1a: Tangela
|-damage|p1a: Tangela|219\/334
|-enditem|p1a: Tangela|Eviolite|[from] move: Knock Off|[of] p2a: Sgt B.A.
|move|p1a: Tangela|Sleep Powder|p2a: Sgt B.A.
|-status|p2a: Sgt B.A.|slp
|
|upkeep
|turn|9
|choice|move leafstorm|move drainpunch
|
|cant|p2a: Sgt B.A.|slp
|move|p1a: Tangela|Leaf Storm|p2a: Sgt B.A.|[miss]
|-miss|p1a: Tangela|p2a: Sgt B.A.
|
|upkeep
|turn|10
|choice|move leafstorm|move drainpunch
|
|cant|p2a: Sgt B.A.|slp
|move|p1a: Tangela|Leaf Storm|p2a: Sgt B.A.
|-damage|p2a: Sgt B.A.|72\/271 slp
|-unboost|p1a: Tangela|spa|2
|
|-heal|p2a: Sgt B.A.|88\/271 slp|[from] item: Leftovers
|upkeep
|turn|11
|choice|move leafstorm|move drainpunch
|
|-curestatus|p2a: Sgt B.A.|slp|[msg]
|move|p2a: Sgt B.A.|Drain Punch|p1a: Tangela
|-damage|p1a: Tangela|75\/334
|-heal|p2a: Sgt B.A.|160\/271|[from] drain|[of] p1a: Tangela
|move|p1a: Tangela|Leaf Storm|p2a: Sgt B.A.
|-damage|p2a: Sgt B.A.|70\/271
|-unboost|p1a: Tangela|spa|2
|
|-heal|p2a: Sgt B.A.|86\/271|[from] item: Leftovers
|upkeep
|turn|12
|choice|move leafstorm|move drainpunch
|
|move|p2a: Sgt B.A.|Drain Punch|p1a: Tangela
|-damage|p1a: Tangela|0 fnt
|-heal|p2a: Sgt B.A.|124\/271|[from] drain|[of] p1a: Tangela
|faint|p1a: Tangela
|
|-heal|p2a: Sgt B.A.|140\/271|[from] item: Leftovers
|upkeep
|choice|switch 4|
|
|switch|p1a: Sneasel|Sneasel, F|251\/251
|turn|13
|choice|move iciclecrash|move drainpunch
|
|move|p1a: Sneasel|Icicle Crash|p2a: Sgt B.A.
|-damage|p2a: Sgt B.A.|0 fnt
|faint|p2a: Sgt B.A.
|
|upkeep
|choice||switch 4
|
|switch|p2a: Charlotte|Diancie|304\/304
|-damage|p2a: Charlotte|266\/304|[from] Stealth Rock
|turn|14
|choice|switch 5|move healbell
|
|switch|p1a: Bronzong|Bronzong|304\/337
|move|p2a: Charlotte|Heal Bell|p2a: Charlotte
|-activate|p2a: Charlotte|move: Heal Bell
|-curestatus|p2: Murdock|tox|[msg]
|
|-heal|p2a: Charlotte|285\/304|[from] item: Leftovers
|-heal|p1a: Bronzong|325\/337|[from] item: Leftovers
|upkeep
|turn|15
|choice|move toxic|switch 3
|
|switch|p2a: Hannibal|Venusaur, F|363\/363
|-damage|p2a: Hannibal|318\/363|[from] Stealth Rock
|move|p1a: Bronzong|Toxic|p2a: Hannibal
|-immune|p2a: Hannibal|[msg]
|
|-heal|p2a: Hannibal|340\/363|[from] item: Black Sludge
|-heal|p1a: Bronzong|337\/337|[from] item: Leftovers
|upkeep
|turn|16
|choice|move psywave|move leechseed
|
|move|p2a: Hannibal|Leech Seed|p1a: Bronzong|[miss]
|-miss|p2a: Hannibal|p1a: Bronzong
|move|p1a: Bronzong|Psywave|p2a: Hannibal
|-damage|p2a: Hannibal|199\/363
|
|-heal|p2a: Hannibal|221\/363|[from] item: Black Sludge
|upkeep
|turn|17
|choice|switch 5|move leechseed
|
|switch|p1a: Sneasel|Sneasel, F|251\/251
|move|p2a: Hannibal|Leech Seed|p1a: Sneasel
|-start|p1a: Sneasel|move: Leech Seed
|
|-heal|p2a: Hannibal|243\/363|[from] item: Black Sludge
|-damage|p1a: Sneasel|220\/251|[from] Leech Seed|[of] p2a: Hannibal
|-heal|p2a: Hannibal|274\/363|[silent]
|upkeep
|turn|18
|choice|move knockoff|switch 5
|
|switch|p2a: Face|Alomomola, F|505\/505
|-damage|p2a: Face|442\/505|[from] Stealth Rock
|move|p1a: Sneasel|Knock Off|p2a: Face
|-damage|p2a: Face|223\/505
|-enditem|p2a: Face|Leftovers|[from] move: Knock Off|[of] p1a: Sneasel
|
|-damage|p1a: Sneasel|189\/251|[from] Leech Seed|[of] p2a: Face
|-heal|p2a: Face|254\/505|[silent]
|upkeep
|turn|19
|choice|switch 5|move wish
|
|switch|p1a: Bronzong|Bronzong|337\/337
|move|p2a: Face|Wish|p2a: Face
|
|upkeep
|turn|20
|choice|move psywave|move protect
|
|move|p2a: Face|Protect|p2a: Face
|-singleturn|p2a: Face|Protect
|move|p1a: Bronzong|Psywave|p2a: Face
|-activate|p2a: Face|move: Protect
|
|-heal|p2a: Face|505\/505|[from] move: Wish|[wisher] Face
|upkeep
|turn|21
|choice|move toxic|move wish
|
|move|p2a: Face|Wish|p2a: Face
|move|p1a: Bronzong|Toxic|p2a: Face
|-status|p2a: Face|tox
|
|-damage|p2a: Face|474\/505 tox|[from] psn
|upkeep
|turn|22
|choice|move gyroball|switch 5
|
|switch|p2a: Hannibal|Venusaur, F|274\/363
|-damage|p2a: Hannibal|229\/363|[from] Stealth Rock
|move|p1a: Bronzong|Gyro Ball|p2a: Hannibal
|-damage|p2a: Hannibal|139\/363
|
|-heal|p2a: Hannibal|363\/363|[from] move: Wish|[wisher] Face
|upkeep
|turn|23
|j|tntbarrel
|choice|move psywave|move leechseed
|
|move|p2a: Hannibal|Leech Seed|p1a: Bronzong
|-start|p1a: Bronzong|move: Leech Seed
|move|p1a: Bronzong|Psywave|p2a: Hannibal
|-damage|p2a: Hannibal|238\/363
|
|-heal|p2a: Hannibal|260\/363|[from] item: Black Sludge
|-damage|p1a: Bronzong|295\/337|[from] Leech Seed|[of] p2a: Hannibal
|-heal|p2a: Hannibal|302\/363|[silent]
|upkeep
|turn|24
|choice|move psywave|move gigadrain
|
|move|p2a: Hannibal|Giga Drain|p1a: Bronzong
|-resisted|p1a: Bronzong
|-damage|p1a: Bronzong|263\/337
|-heal|p2a: Hannibal|318\/363|[from] drain|[of] p1a: Bronzong
|move|p1a: Bronzong|Psywave|p2a: Hannibal
|-damage|p2a: Hannibal|225\/363
|
|-heal|p2a: Hannibal|247\/363|[from] item: Black Sludge
|-heal|p1a: Bronzong|284\/337|[from] item: Leftovers
|-damage|p1a: Bronzong|242\/337|[from] Leech Seed|[of] p2a: Hannibal
|-heal|p2a: Hannibal|289\/363|[silent]
|upkeep
|turn|25
|choice|move psywave|move gigadrain
|
|move|p2a: Hannibal|Giga Drain|p1a: Bronzong
|-resisted|p1a: Bronzong
|-damage|p1a: Bronzong|209\/337
|-heal|p2a: Hannibal|306\/363|[from] drain|[of] p1a: Bronzong
|move|p1a: Bronzong|Psywave|p2a: Hannibal
|-damage|p2a: Hannibal|223\/363
|
|-heal|p2a: Hannibal|245\/363|[from] item: Black Sludge
|-heal|p1a: Bronzong|230\/337|[from] item: Leftovers
|-damage|p1a: Bronzong|188\/337|[from] Leech Seed|[of] p2a: Hannibal
|-heal|p2a: Hannibal|287\/363|[silent]
|upkeep
|turn|26
|choice|switch 5|move gigadrain
|
|switch|p1a: Sneasel|Sneasel, F|189\/251
|move|p2a: Hannibal|Giga Drain|p1a: Sneasel
|-damage|p1a: Sneasel|77\/251
|-heal|p2a: Hannibal|343\/363|[from] drain|[of] p1a: Sneasel
|
|-heal|p2a: Hannibal|363\/363|[from] item: Black Sludge
|upkeep
|turn|27
|choice|move pursuit|switch 5
|
|-activate|p2a: Hannibal|move: Pursuit
|move|p1a: Sneasel|Pursuit|p2a: Hannibal|[from]Pursuit
|-damage|p2a: Hannibal|206\/363
|switch|p2a: Face|Alomomola, F|505\/505 tox
|-damage|p2a: Face|442\/505 tox|[from] Stealth Rock
|
|-damage|p2a: Face|411\/505 tox|[from] psn
|upkeep
|turn|28
|choice|move pursuit|move scald
|
|move|p1a: Sneasel|Pursuit|p2a: Face
|-damage|p2a: Face|321\/505 tox
|move|p2a: Face|Scald|p1a: Sneasel
|-damage|p1a: Sneasel|17\/251
|
|-damage|p2a: Face|259\/505 tox|[from] psn
|upkeep
|turn|29
|choice|switch 6|move wish
|
|switch|p1a: Flygon|Flygon, M|333\/333
|move|p2a: Face|Wish|p2a: Face
|
|-damage|p2a: Face|166\/505 tox|[from] psn
|upkeep
|turn|30
|choice|move earthquake|move protect
|
|move|p2a: Face|Protect|p2a: Face
|-singleturn|p2a: Face|Protect
|move|p1a: Flygon|Earthquake|p2a: Face
|-activate|p2a: Face|move: Protect
|
|-heal|p2a: Face|418\/505 tox|[from] move: Wish|[wisher] Face
|-damage|p2a: Face|294\/505 tox|[from] psn
|upkeep
|turn|31
|choice|move earthquake|switch 6
|
|switch|p2a: Gwaehir jr.|Fletchinder, M|283\/283
|-damage|p2a: Gwaehir jr.|142\/283|[from] Stealth Rock
|move|p1a: Flygon|Earthquake|p2a: Gwaehir jr.
|-immune|p2a: Gwaehir jr.|[msg]
|
|upkeep
|turn|32
|choice|switch 2|move swordsdance
|
|switch|p1a: Qwilfish|Qwilfish, F|333\/333
|move|p2a: Gwaehir jr.|Swords Dance|p2a: Gwaehir jr.
|-boost|p2a: Gwaehir jr.|atk|2
|
|upkeep
|turn|33
|choice|move scald|move acrobatics
|
|move|p2a: Gwaehir jr.|Acrobatics|p1a: Qwilfish
|-damage|p1a: Qwilfish|62\/333
|-damage|p2a: Gwaehir jr.|95\/283|[from] item: Rocky Helmet|[of] p1a: Qwilfish
|move|p1a: Qwilfish|Scald|p2a: Gwaehir jr.
|-supereffective|p2a: Gwaehir jr.
|-damage|p2a: Gwaehir jr.|0 fnt
|faint|p2a: Gwaehir jr.
|
|upkeep
|choice||switch 3
|
|switch|p2a: Charlotte|Diancie|285\/304
|-damage|p2a: Charlotte|247\/304|[from] Stealth Rock
|turn|34
|choice|move taunt|move stealthrock
|
|move|p1a: Qwilfish|Taunt|p2a: Charlotte
|-start|p2a: Charlotte|move: Taunt
|cant|p2a: Charlotte|move: Taunt|Stealth Rock
|
|-heal|p2a: Charlotte|266\/304|[from] item: Leftovers
|upkeep
|turn|35
|choice|move painsplit|move diamondstorm
|
|move|p1a: Qwilfish|Pain Split|p2a: Charlotte
|-sethp|p2a: Charlotte|164\/304|p1a: Qwilfish|164\/333|[from] move: Pain Split
|move|p2a: Charlotte|Diamond Storm|p1a: Qwilfish
|-damage|p1a: Qwilfish|49\/333
|
|-heal|p2a: Charlotte|183\/304|[from] item: Leftovers
|upkeep
|turn|36
|choice|move scald|move diamondstorm
|
|move|p1a: Qwilfish|Scald|p2a: Charlotte
|-supereffective|p2a: Charlotte
|-damage|p2a: Charlotte|111\/304
|move|p2a: Charlotte|Diamond Storm|p1a: Qwilfish
|-damage|p1a: Qwilfish|0 fnt
|-boost|p2a: Charlotte|def|1
|faint|p1a: Qwilfish
|
|-heal|p2a: Charlotte|130\/304|[from] item: Leftovers
|-end|p2a: Charlotte|move: Taunt
|upkeep
|l|MOBA_n_Tilt
|choice|switch 2|
|
|switch|p1a: Flygon|Flygon, M|333\/333
|turn|37
|choice|move earthquake|move moonblast
|
|move|p1a: Flygon|Earthquake|p2a: Charlotte
|-supereffective|p2a: Charlotte
|-damage|p2a: Charlotte|32\/304
|move|p2a: Charlotte|Moonblast|p1a: Flygon
|-supereffective|p1a: Flygon
|-damage|p1a: Flygon|75\/333
|
|-heal|p1a: Flygon|95\/333|[from] item: Leftovers
|-heal|p2a: Charlotte|51\/304|[from] item: Leftovers
|upkeep
|turn|38
|choice|move earthquake|move moonblast
|
|move|p1a: Flygon|Earthquake|p2a: Charlotte
|-supereffective|p2a: Charlotte
|-damage|p2a: Charlotte|0 fnt
|faint|p2a: Charlotte
|
|-heal|p1a: Flygon|115\/333|[from] item: Leftovers
|upkeep
|choice||switch 2
|
|switch|p2a: Murdock|Flygon, M|284\/302
|-damage|p2a: Murdock|266\/302|[from] Stealth Rock
|turn|39
|choice|move dragonclaw|move dragonclaw
|
|move|p1a: Flygon|Dragon Claw|p2a: Murdock
|-supereffective|p2a: Murdock
|-damage|p2a: Murdock|0 fnt
|faint|p2a: Murdock
|
|-heal|p1a: Flygon|135\/333|[from] item: Leftovers
|upkeep
|choice||switch 6
|
|switch|p2a: Face|Alomomola, F|462\/505 tox
|-damage|p2a: Face|399\/505 tox|[from] Stealth Rock
|turn|40
|choice|move earthquake|move toxic
|
|move|p1a: Flygon|Earthquake|p2a: Face
|-damage|p2a: Face|266\/505 tox
|move|p2a: Face|Toxic|p1a: Flygon
|-status|p1a: Flygon|tox
|
|-heal|p1a: Flygon|155\/333 tox|[from] item: Leftovers
|-damage|p1a: Flygon|135\/333 tox|[from] psn
|-damage|p2a: Face|235\/505 tox|[from] psn
|upkeep
|turn|41
|choice|move earthquake|move wish
|
|move|p1a: Flygon|Earthquake|p2a: Face
|-damage|p2a: Face|97\/505 tox
|move|p2a: Face|Wish|p2a: Face
|
|-heal|p1a: Flygon|155\/333 tox|[from] item: Leftovers
|-damage|p1a: Flygon|115\/333 tox|[from] psn
|-damage|p2a: Face|35\/505 tox|[from] psn
|upkeep
|turn|42
|choice|switch 6|move protect
|
|switch|p1a: Sneasel|Sneasel, F|17\/251
|move|p2a: Face|Protect|p2a: Face
|-fail|p2a: Face
|
|-heal|p2a: Face|287\/505 tox|[from] move: Wish|[wisher] Face
|-damage|p2a: Face|194\/505 tox|[from] psn
|upkeep
|turn|43
|choice|switch 6|move scald
|
|switch|p1a: Flygon|Flygon, M|115\/333 tox
|move|p2a: Face|Scald|p1a: Flygon
|-damage|p1a: Flygon|61\/333 tox
|
|-heal|p1a: Flygon|81\/333 tox|[from] item: Leftovers
|-damage|p1a: Flygon|61\/333 tox|[from] psn
|-damage|p2a: Face|70\/505 tox|[from] psn
|upkeep
|turn|44
|choice|move earthquake|switch 5
|
|switch|p2a: Hannibal|Venusaur, F|206\/363
|-damage|p2a: Hannibal|161\/363|[from] Stealth Rock
|move|p1a: Flygon|Earthquake|p2a: Hannibal
|-damage|p2a: Hannibal|32\/363
|
|-heal|p1a: Flygon|81\/333 tox|[from] item: Leftovers
|-heal|p2a: Hannibal|54\/363|[from] item: Black Sludge
|-damage|p1a: Flygon|41\/333 tox|[from] psn
|upkeep
|turn|45
|choice|move earthquake|switch 5
|
|switch|p2a: Face|Alomomola, F|238\/505 tox
|-damage|p2a: Face|175\/505 tox|[from] Stealth Rock
|move|p1a: Flygon|Earthquake|p2a: Face
|-crit|p2a: Face
|-damage|p2a: Face|0 fnt
|faint|p2a: Face
|
|-heal|p1a: Flygon|61\/333 tox|[from] item: Leftovers
|-damage|p1a: Flygon|1\/333 tox|[from] psn
|upkeep
|choice||switch 5
|
|switch|p2a: Hannibal|Venusaur, F|54\/363
|-damage|p2a: Hannibal|9\/363|[from] Stealth Rock
|turn|46
|choice|move earthquake|move gigadrain
|
|move|p1a: Flygon|Earthquake|p2a: Hannibal
|-damage|p2a: Hannibal|0 fnt
|faint|p2a: Hannibal
|
|win|Ne͜͡crocat219
|player|p1
|player|p2
|c|★Ne͜͡crocat219|gg
|l|MunnAy</script>
</div>
<div class="battle-log battle-log-inline"><div class="inner"><div class="battle-options"></div><div class="inner"><div class="chat"><small>Ne͜͡crocat219 joined.</small></div><div class="chat"><small>MunnAy joined.</small></div><div class=""><small>Format:</small> <br><strong>RU</strong></div><div class=""><small><em>Sleep Clause Mod:</em> Limit one foe put to sleep</small></div><div class=""><small><em>Species Clause:</em> Limit one of each Pokémon</small></div><div class=""><small><em>OHKO Clause:</em> OHKO moves are banned</small></div><div class=""><small><em>Moody Clause:</em> Moody is banned</small></div><div class=""><small><em>Evasion Moves Clause:</em> Evasion moves are banned</small></div><div class=""><small><em>Endless Battle Clause:</em> Forcing endless battles is banned</small></div><div class=""><small><em>HP Percentage Mod:</em> HP is shown in percentages</small></div><div class=""><small><em>Swagger Clause:</em> Swagger is banned</small></div><div class=""><small><em>Baton Pass Clause:</em> Limit one Baton Passer, can't pass Spe and other stats simultaneously</small></div><div class="chat battle-history"><strong>Ne͜͡crocat219's team:</strong> <em style="color:#445566;display:block;">Sneasel / Bronzong / Tangela / Qwilfish / Diancie / Flygon</em></div><div class="chat battle-history"><strong>MunnAy's team:</strong> <em style="color:#445566;display:block;">Venusaur / Scrafty / Diancie / Flygon / Alomomola / Fletchinder</em></div><div class="chat"><small>Stats Bot joined.</small></div><div class="chat"><small>Stats Bot left.</small></div><div class="chat"><small>dem_noodles® joined.</small></div><div class="chat"><small>Liseyn joined.</small></div><div class="chat"><small>MOBA_n_Tilt joined.</small></div><div class="chat"><small>popplioindaface joined.</small></div><div class="spacer battle-history"><br></div><div class="battle-history">Battle started between Ne͜͡crocat219 and MunnAy!<br></div><div class="spacer battle-history"><br></div><div class="battle-history">Go! <strong>Qwilfish</strong>!<br></div><div class="spacer battle-history"><br></div><div class="battle-history">MunnAy sent out Charlotte (<strong>Diancie</strong>)!<br></div><div class="spacer battle-history"><br></div><h2 class="battle-history">Turn 1</h2><div class="chat"><small>Oras-mega joined.</small></div><div class="spacer battle-history"><br></div><div class="battle-history">Qwilfish used <strong>Spikes</strong>!<br></div><div class="battle-history"><small>Spikes were scattered on the ground all around the opposing team!</small><br></div><div class="spacer battle-history"><br></div><div class="battle-history">The opposing Charlotte used <strong>Stealth Rock</strong>!<br></div><div class="battle-history"><small>Pointed stones float in the air around your team!</small><br></div><div class="spacer battle-history"><br></div><h2 class="battle-history">Turn 2</h2><div class="spacer battle-history"><br></div><div class="battle-history">Qwilfish, come back!<br></div><div class="battle-history">Go! <strong>Bronzong</strong>!<br></div><div class="battle-history"><small>Pointed stones dug into Bronzong!</small><br></div><div class="spacer battle-history"><br></div><div class="battle-history">MunnAy withdrew Charlotte!<br></div><div class="battle-history">MunnAy sent out Murdock (<strong>Flygon</strong>)!<br></div><div class="spacer battle-history"><br></div><div class="battle-history"><small>Bronzong restored a little HP using its Leftovers!</small><br></div><div class="spacer battle-history"><br></div><h2 class="battle-history">Turn 3</h2><div class="chat"><small>Liseyn left.</small></div><div class="spacer battle-history"><br></div><div class="battle-history">The opposing Murdock used <strong>Defog</strong>!<br></div><div class="battle-history"><small>Bronzong's evasiveness fell!</small><br></div><div class="battle-history"><small>The pointed stones disappeared from around your team!</small><br></div><div class="battle-history"><small>The spikes disappeared from the ground around the opposing team!</small><br></div><div class="spacer battle-history"><br></div><div class="battle-history">Bronzong used <strong>Stealth Rock</strong>!<br></div><div class="battle-history"><small>Pointed stones float in the air around the opposing team!</small><br></div><div class="spacer battle-history"><br></div><h2 class="battle-history">Turn 4</h2><div class="spacer battle-history"><br></div><div class="battle-history">The opposing Murdock used <strong>Defog</strong>!<br></div><div class="battle-history"><small>Bronzong's evasiveness fell!</small><br></div><div class="battle-history"><small>The pointed stones disappeared from around the opposing team!</small><br></div><div class="spacer battle-history"><br></div><div class="battle-history">Bronzong used <strong>Toxic</strong>!<br></div><div class="battle-history"><small>The opposing Murdock was badly poisoned!</small><br></div><div class="spacer battle-history"><br></div><div class="battle-history"><small>The opposing Murdock was hurt by poison!</small><br></div><div class="spacer battle-history"><br></div><h2 class="battle-history">Turn 5</h2><div class="spacer battle-history"><br></div><div class="battle-history">The opposing Murdock used <strong>U-turn</strong>!<br></div><div class="battle-history"><small>(Bronzong lost <abbr title="−54/337">16.0%</abbr> of its health!)</small><br></div><div class="spacer battle-history"><br></div><div class="battle-history">The opposing Murdock went back to MunnAy!<br></div><div class="battle-history">MunnAy sent out Sgt B.A. (<strong>Scrafty</strong>)!<br></div><div class="battle-history"><small>[The opposing Sgt B.A.'s Intimidate]</small><br></div><div class="battle-history"><small>Bronzong's Attack fell!</small><br></div><div class="spacer battle-history"><br></div><div class="battle-history">Bronzong used <strong>Stealth Rock</strong>!<br></div><div class="battle-history"><small>Pointed stones float in the air around the opposing team!</small><br></div><div class="spacer battle-history"><br></div><div class="battle-history"><small>Bronzong restored a little HP using its Leftovers!</small><br></div><div class="spacer battle-history"><br></div><h2 class="battle-history">Turn 6</h2><div class="spacer battle-history"><br></div><div class="battle-history">Bronzong, come back!<br></div><div class="battle-history">Go! <strong>Diancie</strong>!<br></div><div class="spacer battle-history"><br></div><div class="battle-history">The opposing Sgt B.A. used <strong>Dragon Dance</strong>!<br></div><div class="battle-history"><small>The opposing Sgt B.A.'s Attack rose!</small><br></div><div class="battle-history"><small>The opposing Sgt B.A.'s Speed rose!</small><br></div><div class="spacer battle-history"><br></div><h2 class="battle-history">Turn 7</h2><div class="spacer battle-history"><br></div><div class="battle-history">The opposing Sgt B.A. used <strong>Iron Head</strong>!<br></div><div class="battle-history"><small>It's super effective!</small><br></div><div class="battle-history"><small>(Diancie lost <abbr title="−303/303">100%</abbr> of its health!)</small><br></div><div class="spacer battle-history"><br></div><div class="battle-history">Diancie fainted!<br></div><div class="spacer battle-history"><br></div><div class="battle-history">Go! <strong>Tangela</strong>!<br></div><div class="spacer battle-history"><br></div><h2 class="battle-history">Turn 8</h2><div class="spacer battle-history"><br></div><div class="battle-history">The opposing Sgt B.A. used <strong>Knock Off</strong>!<br></div><div class="battle-history"><small>(Tangela lost <abbr title="−115/334">34.4%</abbr> of its health!)</small><br></div><div class="battle-history"><small>The opposing Sgt B.A. knocked off Tangela's Eviolite!</small><br></div><div class="spacer battle-history"><br></div><div class="battle-history">Tangela used <strong>Sleep Powder</strong>!<br></div><div class="battle-history"><small>The opposing Sgt B.A. fell asleep!</small><br></div><div class="spacer battle-history"><br></div><h2 class="battle-history">Turn 9</h2><div class="spacer battle-history"><br></div><div class="battle-history">The opposing Sgt B.A. is fast asleep.<br></div><div class="spacer battle-history"><br></div><div class="battle-history">Tangela used <strong>Leaf Storm</strong>!<br></div><div class="battle-history"><small>The opposing Sgt B.A. avoided the attack!</small><br></div><div class="spacer battle-history"><br></div><h2 class="battle-history">Turn 10</h2><div class="spacer battle-history"><br></div><div class="battle-history">The opposing Sgt B.A. is fast asleep.<br></div><div class="spacer battle-history"><br></div><div class="battle-history">Tangela used <strong>Leaf Storm</strong>!<br></div><div class="battle-history"><small>(The opposing Sgt B.A. lost <abbr title="−199/271">73.4%</abbr> of its health!)</small><br></div><div class="battle-history"><small>Tangela's Special Attack fell harshly!</small><br></div><div class="spacer battle-history"><br></div><div class="battle-history"><small>The opposing Sgt B.A. restored a little HP using its Leftovers!</small><br></div><div class="spacer battle-history"><br></div><h2 class="battle-history">Turn 11</h2><div class="spacer battle-history"><br></div><div class="battle-history"><small>The opposing Sgt B.A. woke up!</small><br></div><div class="spacer battle-history"><br></div><div class="battle-history">The opposing Sgt B.A. used <strong>Drain Punch</strong>!<br></div><div class="battle-history"><small>(Tangela lost <abbr title="−144/334">43.1%</abbr> of its health!)</small><br></div><div class="battle-history"><small>Tangela had its energy drained!</small><br></div><div class="spacer battle-history"><br></div><div class="battle-history">Tangela used <strong>Leaf Storm</strong>!<br></div><div class="battle-history"><small>(The opposing Sgt B.A. lost <abbr title="−90/271">33.2%</abbr> of its health!)</small><br></div><div class="battle-history"><small>Tangela's Special Attack fell harshly!</small><br></div><div class="spacer battle-history"><br></div><div class="battle-history"><small>The opposing Sgt B.A. restored a little HP using its Leftovers!</small><br></div><div class="spacer battle-history"><br></div><h2 class="battle-history">Turn 12</h2><div class="spacer battle-history"><br></div><div class="battle-history">The opposing Sgt B.A. used <strong>Drain Punch</strong>!<br></div><div class="battle-history"><small>(Tangela lost <abbr title="−75/334">22.5%</abbr> of its health!)</small><br></div><div class="battle-history"><small>Tangela had its energy drained!</small><br></div><div class="spacer battle-history"><br></div><div class="battle-history">Tangela fainted!<br></div><div class="spacer battle-history"><br></div><div class="battle-history"><small>The opposing Sgt B.A. restored a little HP using its Leftovers!</small><br></div><div class="spacer battle-history"><br></div><div class="battle-history">Go! <strong>Sneasel</strong>!<br></div><div class="spacer battle-history"><br></div><h2 class="battle-history">Turn 13</h2><div class="spacer battle-history"><br></div><div class="battle-history">Sneasel used <strong>Icicle Crash</strong>!<br></div><div class="battle-history"><small>(The opposing Sgt B.A. lost <abbr title="−140/271">51.7%</abbr> of its health!)</small><br></div><div class="spacer battle-history"><br></div><div class="battle-history">The opposing Sgt B.A. fainted!<br></div><div class="spacer battle-history"><br></div><div class="battle-history">MunnAy sent out Charlotte (<strong>Diancie</strong>)!<br></div><div class="battle-history"><small>Pointed stones dug into the opposing Charlotte!</small><br></div><div class="spacer battle-history"><br></div><h2 class="battle-history">Turn 14</h2><div class="spacer battle-history"><br></div><div class="battle-history">Sneasel, come back!<br></div><div class="battle-history">Go! <strong>Bronzong</strong>!<br></div><div class="spacer battle-history"><br></div><div class="battle-history">The opposing Charlotte used <strong>Heal Bell</strong>!<br></div><div class="battle-history"><small>A bell chimed!</small><br></div><div class="battle-history"><small>The opposing Murdock was cured of its poisoning.</small><br></div><div class="spacer battle-history"><br></div><div class="battle-history"><small>The opposing Charlotte restored a little HP using its Leftovers!</small><br></div><div class="battle-history"><small>Bronzong restored a little HP using its Leftovers!</small><br></div><div class="spacer battle-history"><br></div><h2 class="battle-history">Turn 15</h2><div class="spacer battle-history"><br></div><div class="battle-history">MunnAy withdrew Charlotte!<br></div><div class="battle-history">MunnAy sent out Hannibal (<strong>Venusaur</strong>)!<br></div><div class="battle-history"><small>Pointed stones dug into the opposing Hannibal!</small><br></div><div class="spacer battle-history"><br></div><div class="battle-history">Bronzong used <strong>Toxic</strong>!<br></div><div class="battle-history"><small>It doesn't affect the opposing Hannibal...</small><br></div><div class="spacer battle-history"><br></div><div class="battle-history"><small>The opposing Hannibal restored a little HP using its Black Sludge!</small><br></div><div class="battle-history"><small>Bronzong restored a little HP using its Leftovers!</small><br></div><div class="spacer battle-history"><br></div><h2 class="battle-history">Turn 16</h2><div class="spacer battle-history"><br></div><div class="battle-history">The opposing Hannibal used <strong>Leech Seed</strong>!<br></div><div class="battle-history"><small>Bronzong avoided the attack!</small><br></div><div class="spacer battle-history"><br></div><div class="battle-history">Bronzong used <strong>Psywave</strong>!<br></div><div class="battle-history"><small>(The opposing Hannibal lost <abbr title="−141/363">38.8%</abbr> of its health!)</small><br></div><div class="spacer battle-history"><br></div><div class="battle-history"><small>The opposing Hannibal restored a little HP using its Black Sludge!</small><br></div><div class="spacer battle-history"><br></div><h2 class="battle-history">Turn 17</h2><div class="spacer battle-history"><br></div><div class="battle-history">Bronzong, come back!<br></div><div class="battle-history">Go! <strong>Sneasel</strong>!<br></div><div class="spacer battle-history"><br></div><div class="battle-history">The opposing Hannibal used <strong>Leech Seed</strong>!<br></div><div class="battle-history"><small>Sneasel was seeded!</small><br></div><div class="spacer battle-history"><br></div><div class="battle-history"><small>The opposing Hannibal restored a little HP using its Black Sludge!</small><br></div><div class="battle-history"><small>Sneasel's health is sapped by Leech Seed!</small><br></div><div class="spacer battle-history"><br></div><h2 class="battle-history">Turn 18</h2><div class="spacer battle-history"><br></div><div class="battle-history">MunnAy withdrew Hannibal!<br></div><div class="battle-history">MunnAy sent out Face (<strong>Alomomola</strong>)!<br></div><div class="battle-history"><small>Pointed stones dug into the opposing Face!</small><br></div><div class="spacer battle-history"><br></div><div class="battle-history">Sneasel used <strong>Knock Off</strong>!<br></div><div class="battle-history"><small>(The opposing Face lost <abbr title="−219/505">43.4%</abbr> of its health!)</small><br></div><div class="battle-history"><small>Sneasel knocked off the opposing Face's Leftovers!</small><br></div><div class="spacer battle-history"><br></div><div class="battle-history"><small>Sneasel's health is sapped by Leech Seed!</small><br></div><div class="spacer battle-history"><br></div><h2 class="battle-history">Turn 19</h2><div class="spacer battle-history"><br></div><div class="battle-history">Sneasel, come back!<br></div><div class="battle-history">Go! <strong>Bronzong</strong>!<br></div><div class="spacer battle-history"><br></div><div class="battle-history">The opposing Face used <strong>Wish</strong>!<br></div><div class="spacer battle-history"><br></div><h2 class="battle-history">Turn 20</h2><div class="spacer battle-history"><br></div><div class="battle-history">The opposing Face used <strong>Protect</strong>!<br></div><div class="battle-history"><small>The opposing Face protected itself!</small><br></div><div class="spacer battle-history"><br></div><div class="battle-history">Bronzong used <strong>Psywave</strong>!<br></div><div class="battle-history"><small>The opposing Face protected itself!</small><br></div><div class="spacer battle-history"><br></div><div class="battle-history"><small>Face's wish came true!</small><br></div><div class="spacer battle-history"><br></div><h2 class="battle-history">Turn 21</h2><div class="spacer battle-history"><br></div><div class="battle-history">The opposing Face used <strong>Wish</strong>!<br></div><div class="spacer battle-history"><br></div><div class="battle-history">Bronzong used <strong>Toxic</strong>!<br></div><div class="battle-history"><small>The opposing Face was badly poisoned!</small><br></div><div class="spacer battle-history"><br></div><div class="battle-history"><small>The opposing Face was hurt by poison!</small><br></div><div class="spacer battle-history"><br></div><h2 class="battle-history">Turn 22</h2><div class="spacer battle-history"><br></div><div class="battle-history">MunnAy withdrew Face!<br></div><div class="battle-history">MunnAy sent out Hannibal (<strong>Venusaur</strong>)!<br></div><div class="battle-history"><small>Pointed stones dug into the opposing Hannibal!</small><br></div><div class="spacer battle-history"><br></div><div class="battle-history">Bronzong used <strong>Gyro Ball</strong>!<br></div><div class="battle-history"><small>(The opposing Hannibal lost <abbr title="−90/363">24.8%</abbr> of its health!)</small><br></div><div class="spacer battle-history"><br></div><div class="battle-history"><small>Face's wish came true!</small><br></div><div class="spacer battle-history"><br></div><h2 class="battle-history">Turn 23</h2><div class="chat"><small>tntbarrel joined.</small></div><div class="spacer battle-history"><br></div><div class="battle-history">The opposing Hannibal used <strong>Leech Seed</strong>!<br></div><div class="battle-history"><small>Bronzong was seeded!</small><br></div><div class="spacer battle-history"><br></div><div class="battle-history">Bronzong used <strong>Psywave</strong>!<br></div><div class="battle-history"><small>(The opposing Hannibal lost <abbr title="−125/363">34.4%</abbr> of its health!)</small><br></div><div class="spacer battle-history"><br></div><div class="battle-history"><small>The opposing Hannibal restored a little HP using its Black Sludge!</small><br></div><div class="battle-history"><small>Bronzong's health is sapped by Leech Seed!</small><br></div><div class="spacer battle-history"><br></div><h2 class="battle-history">Turn 24</h2><div class="spacer battle-history"><br></div><div class="battle-history">The opposing Hannibal used <strong>Giga Drain</strong>!<br></div><div class="battle-history"><small>It's not very effective...</small><br></div><div class="battle-history"><small>(Bronzong lost <abbr title="−32/337">9.5%</abbr> of its health!)</small><br></div><div class="battle-history"><small>Bronzong had its energy drained!</small><br></div><div class="spacer battle-history"><br></div><div class="battle-history">Bronzong used <strong>Psywave</strong>!<br></div><div class="battle-history"><small>(The opposing Hannibal lost <abbr title="−93/363">25.6%</abbr> of its health!)</small><br></div><div class="spacer battle-history"><br></div><div class="battle-history"><small>The opposing Hannibal restored a little HP using its Black Sludge!</small><br></div><div class="battle-history"><small>Bronzong restored a little HP using its Leftovers!</small><br></div><div class="battle-history"><small>Bronzong's health is sapped by Leech Seed!</small><br></div><div class="spacer battle-history"><br></div><h2 class="battle-history">Turn 25</h2><div class="spacer battle-history"><br></div><div class="battle-history">The opposing Hannibal used <strong>Giga Drain</strong>!<br></div><div class="battle-history"><small>It's not very effective...</small><br></div><div class="battle-history"><small>(Bronzong lost <abbr title="−33/337">9.8%</abbr> of its health!)</small><br></div><div class="battle-history"><small>Bronzong had its energy drained!</small><br></div><div class="spacer battle-history"><br></div><div class="battle-history">Bronzong used <strong>Psywave</strong>!<br></div><div class="battle-history"><small>(The opposing Hannibal lost <abbr title="−83/363">22.9%</abbr> of its health!)</small><br></div><div class="spacer battle-history"><br></div><div class="battle-history"><small>The opposing Hannibal restored a little HP using its Black Sludge!</small><br></div><div class="battle-history"><small>Bronzong restored a little HP using its Leftovers!</small><br></div><div class="battle-history"><small>Bronzong's health is sapped by Leech Seed!</small><br></div><div class="spacer battle-history"><br></div><h2 class="battle-history">Turn 26</h2><div class="spacer battle-history"><br></div><div class="battle-history">Bronzong, come back!<br></div><div class="battle-history">Go! <strong>Sneasel</strong>!<br></div><div class="spacer battle-history"><br></div><div class="battle-history">The opposing Hannibal used <strong>Giga Drain</strong>!<br></div><div class="battle-history"><small>(Sneasel lost <abbr title="−112/251">44.6%</abbr> of its health!)</small><br></div><div class="battle-history"><small>Sneasel had its energy drained!</small><br></div><div class="spacer battle-history"><br></div><div class="battle-history"><small>The opposing Hannibal restored a little HP using its Black Sludge!</small><br></div><div class="spacer battle-history"><br></div><h2 class="battle-history">Turn 27</h2><div class="spacer battle-history"><br></div><div class="battle-history"><small>(The opposing Hannibal is being withdrawn...)</small><br></div><div class="spacer battle-history"><br></div><div class="battle-history">Sneasel used <strong>Pursuit</strong>!<br></div><div class="battle-history"><small>(The opposing Hannibal lost <abbr title="−157/363">43.3%</abbr> of its health!)</small><br></div><div class="spacer battle-history"><br></div><div class="battle-history">MunnAy withdrew Hannibal!<br></div><div class="battle-history">MunnAy sent out Face (<strong>Alomomola</strong>)!<br></div><div class="battle-history"><small>Pointed stones dug into the opposing Face!</small><br></div><div class="spacer battle-history"><br></div><div class="battle-history"><small>The opposing Face was hurt by poison!</small><br></div><div class="spacer battle-history"><br></div><h2 class="battle-history">Turn 28</h2><div class="spacer battle-history"><br></div><div class="battle-history">Sneasel used <strong>Pursuit</strong>!<br></div><div class="battle-history"><small>(The opposing Face lost <abbr title="−90/505">17.8%</abbr> of its health!)</small><br></div><div class="spacer battle-history"><br></div><div class="battle-history">The opposing Face used <strong>Scald</strong>!<br></div><div class="battle-history"><small>(Sneasel lost <abbr title="−60/251">23.9%</abbr> of its health!)</small><br></div><div class="spacer battle-history"><br></div><div class="battle-history"><small>The opposing Face was hurt by poison!</small><br></div><div class="spacer battle-history"><br></div><h2 class="battle-history">Turn 29</h2><div class="spacer battle-history"><br></div><div class="battle-history">Sneasel, come back!<br></div><div class="battle-history">Go! <strong>Flygon</strong>!<br></div><div class="spacer battle-history"><br></div><div class="battle-history">The opposing Face used <strong>Wish</strong>!<br></div><div class="spacer battle-history"><br></div><div class="battle-history"><small>The opposing Face was hurt by poison!</small><br></div><div class="spacer battle-history"><br></div><h2 class="battle-history">Turn 30</h2><div class="spacer battle-history"><br></div><div class="battle-history">The opposing Face used <strong>Protect</strong>!<br></div><div class="battle-history"><small>The opposing Face protected itself!</small><br></div><div class="spacer battle-history"><br></div><div class="battle-history">Flygon used <strong>Earthquake</strong>!<br></div><div class="battle-history"><small>The opposing Face protected itself!</small><br></div><div class="spacer battle-history"><br></div><div class="battle-history"><small>Face's wish came true!</small><br></div><div class="battle-history"><small>The opposing Face was hurt by poison!</small><br></div><div class="spacer battle-history"><br></div><h2 class="battle-history">Turn 31</h2><div class="spacer battle-history"><br></div><div class="battle-history">MunnAy withdrew Face!<br></div><div class="battle-history">MunnAy sent out Gwaehir jr. (<strong>Fletchinder</strong>)!<br></div><div class="battle-history"><small>Pointed stones dug into the opposing Gwaehir jr.!</small><br></div><div class="spacer battle-history"><br></div><div class="battle-history">Flygon used <strong>Earthquake</strong>!<br></div><div class="battle-history"><small>It doesn't affect the opposing Gwaehir jr....</small><br></div><div class="spacer battle-history"><br></div><h2 class="battle-history">Turn 32</h2><div class="spacer battle-history"><br></div><div class="battle-history">Flygon, come back!<br></div><div class="battle-history">Go! <strong>Qwilfish</strong>!<br></div><div class="spacer battle-history"><br></div><div class="battle-history">The opposing Gwaehir jr. used <strong>Swords Dance</strong>!<br></div><div class="battle-history"><small>The opposing Gwaehir jr.'s Attack rose sharply!</small><br></div><div class="spacer battle-history"><br></div><h2 class="battle-history">Turn 33</h2><div class="spacer battle-history"><br></div><div class="battle-history">The opposing Gwaehir jr. used <strong>Acrobatics</strong>!<br></div><div class="battle-history"><small>(Qwilfish lost <abbr title="−271/333">81.4%</abbr> of its health!)</small><br></div><div class="battle-history"><small>The opposing Gwaehir jr. was hurt by the Rocky Helmet!</small><br></div><div class="spacer battle-history"><br></div><div class="battle-history">Qwilfish used <strong>Scald</strong>!<br></div><div class="battle-history"><small>It's super effective!</small><br></div><div class="battle-history"><small>(The opposing Gwaehir jr. lost <abbr title="−95/283">33.6%</abbr> of its health!)</small><br></div><div class="spacer battle-history"><br></div><div class="battle-history">The opposing Gwaehir jr. fainted!<br></div><div class="spacer battle-history"><br></div><div class="battle-history">MunnAy sent out Charlotte (<strong>Diancie</strong>)!<br></div><div class="battle-history"><small>Pointed stones dug into the opposing Charlotte!</small><br></div><div class="spacer battle-history"><br></div><h2 class="battle-history">Turn 34</h2><div class="spacer battle-history"><br></div><div class="battle-history">Qwilfish used <strong>Taunt</strong>!<br></div><div class="battle-history"><small>The opposing Charlotte fell for the taunt!</small><br></div><div class="spacer battle-history"><br></div><div class="battle-history">The opposing Charlotte can't use Stealth Rock after the taunt!<br></div><div class="spacer battle-history"><br></div><div class="battle-history"><small>The opposing Charlotte restored a little HP using its Leftovers!</small><br></div><div class="spacer battle-history"><br></div><h2 class="battle-history">Turn 35</h2><div class="spacer battle-history"><br></div><div class="battle-history">Qwilfish used <strong>Pain Split</strong>!<br></div><div class="battle-history"><small>The battlers shared their pain!</small><br></div><div class="spacer battle-history"><br></div><div class="battle-history">The opposing Charlotte used <strong>Diamond Storm</strong>!<br></div><div class="battle-history"><small>(Qwilfish lost <abbr title="−115/333">34.5%</abbr> of its health!)</small><br></div><div class="spacer battle-history"><br></div><div class="battle-history"><small>The opposing Charlotte restored a little HP using its Leftovers!</small><br></div><div class="spacer battle-history"><br></div><h2 class="battle-history">Turn 36</h2><div class="spacer battle-history"><br></div><div class="battle-history">Qwilfish used <strong>Scald</strong>!<br></div><div class="battle-history"><small>It's super effective!</small><br></div><div class="battle-history"><small>(The opposing Charlotte lost <abbr title="−72/304">23.7%</abbr> of its health!)</small><br></div><div class="spacer battle-history"><br></div><div class="battle-history">The opposing Charlotte used <strong>Diamond Storm</strong>!<br></div><div class="battle-history"><small>(Qwilfish lost <abbr title="−49/333">14.7%</abbr> of its health!)</small><br></div><div class="battle-history"><small>The opposing Charlotte's Defense rose!</small><br></div><div class="spacer battle-history"><br></div><div class="battle-history">Qwilfish fainted!<br></div><div class="spacer battle-history"><br></div><div class="battle-history"><small>The opposing Charlotte restored a little HP using its Leftovers!</small><br></div><div class="battle-history"><small>The opposing Charlotte's taunt wore off!</small><br></div><div class="chat"><small>MOBA_n_Tilt left.</small></div><div class="spacer battle-history"><br></div><div class="battle-history">Go! <strong>Flygon</strong>!<br></div><div class="spacer battle-history"><br></div><h2 class="battle-history">Turn 37</h2><div class="spacer battle-history"><br></div><div class="battle-history">Flygon used <strong>Earthquake</strong>!<br></div><div class="battle-history"><small>It's super effective!</small><br></div><div class="battle-history"><small>(The opposing Charlotte lost <abbr title="−98/304">32.2%</abbr> of its health!)</small><br></div><div class="spacer battle-history"><br></div><div class="battle-history">The opposing Charlotte used <strong>Moonblast</strong>!<br></div><div class="battle-history"><small>It's super effective!</small><br></div><div class="battle-history"><small>(Flygon lost <abbr title="−258/333">77.5%</abbr> of its health!)</small><br></div><div class="spacer battle-history"><br></div><div class="battle-history"><small>Flygon restored a little HP using its Leftovers!</small><br></div><div class="battle-history"><small>The opposing Charlotte restored a little HP using its Leftovers!</small><br></div><div class="spacer battle-history"><br></div><h2 class="battle-history">Turn 38</h2><div class="spacer battle-history"><br></div><div class="battle-history">Flygon used <strong>Earthquake</strong>!<br></div><div class="battle-history"><small>It's super effective!</small><br></div><div class="battle-history"><small>(The opposing Charlotte lost <abbr title="−51/304">16.8%</abbr> of its health!)</small><br></div><div class="spacer battle-history"><br></div><div class="battle-history">The opposing Charlotte fainted!<br></div><div class="spacer battle-history"><br></div><div class="battle-history"><small>Flygon restored a little HP using its Leftovers!</small><br></div><div class="spacer battle-history"><br></div><div class="battle-history">MunnAy sent out Murdock (<strong>Flygon</strong>)!<br></div><div class="battle-history"><small>Pointed stones dug into the opposing Murdock!</small><br></div><div class="spacer battle-history"><br></div><h2 class="battle-history">Turn 39</h2><div class="spacer battle-history"><br></div><div class="battle-history">Flygon used <strong>Dragon Claw</strong>!<br></div><div class="battle-history"><small>It's super effective!</small><br></div><div class="battle-history"><small>(The opposing Murdock lost <abbr title="−266/302">88.1%</abbr> of its health!)</small><br></div><div class="spacer battle-history"><br></div><div class="battle-history">The opposing Murdock fainted!<br></div><div class="spacer battle-history"><br></div><div class="battle-history"><small>Flygon restored a little HP using its Leftovers!</small><br></div><div class="spacer battle-history"><br></div><div class="battle-history">MunnAy sent out Face (<strong>Alomomola</strong>)!<br></div><div class="battle-history"><small>Pointed stones dug into the opposing Face!</small><br></div><div class="spacer battle-history"><br></div><h2 class="battle-history">Turn 40</h2><div class="spacer battle-history"><br></div><div class="battle-history">Flygon used <strong>Earthquake</strong>!<br></div><div class="battle-history"><small>(The opposing Face lost <abbr title="−133/505">26.3%</abbr> of its health!)</small><br></div><div class="spacer battle-history"><br></div><div class="battle-history">The opposing Face used <strong>Toxic</strong>!<br></div><div class="battle-history"><small>Flygon was badly poisoned!</small><br></div><div class="spacer battle-history"><br></div><div class="battle-history"><small>Flygon restored a little HP using its Leftovers!</small><br></div><div class="battle-history"><small>Flygon was hurt by poison!</small><br></div><div class="battle-history"><small>The opposing Face was hurt by poison!</small><br></div><div class="spacer battle-history"><br></div><h2 class="battle-history">Turn 41</h2><div class="spacer battle-history"><br></div><div class="battle-history">Flygon used <strong>Earthquake</strong>!<br></div><div class="battle-history"><small>(The opposing Face lost <abbr title="−138/505">27.3%</abbr> of its health!)</small><br></div><div class="spacer battle-history"><br></div><div class="battle-history">The opposing Face used <strong>Wish</strong>!<br></div><div class="spacer battle-history"><br></div><div class="battle-history"><small>Flygon restored a little HP using its Leftovers!</small><br></div><div class="battle-history"><small>Flygon was hurt by poison!</small><br></div><div class="battle-history"><small>The opposing Face was hurt by poison!</small><br></div><div class="spacer battle-history"><br></div><h2 class="battle-history">Turn 42</h2><div class="spacer battle-history"><br></div><div class="battle-history">Flygon, come back!<br></div><div class="battle-history">Go! <strong>Sneasel</strong>!<br></div><div class="spacer battle-history"><br></div><div class="battle-history">The opposing Face used <strong>Protect</strong>!<br></div><div class="battle-history"><small>But it failed!</small><br></div><div class="spacer battle-history"><br></div><div class="battle-history"><small>Face's wish came true!</small><br></div><div class="battle-history"><small>The opposing Face was hurt by poison!</small><br></div><div class="spacer battle-history"><br></div><h2 class="battle-history">Turn 43</h2><div class="spacer battle-history"><br></div><div class="battle-history">Sneasel, come back!<br></div><div class="battle-history">Go! <strong>Flygon</strong>!<br></div><div class="spacer battle-history"><br></div><div class="battle-history">The opposing Face used <strong>Scald</strong>!<br></div><div class="battle-history"><small>(Flygon lost <abbr title="−54/333">16.2%</abbr> of its health!)</small><br></div><div class="spacer battle-history"><br></div><div class="battle-history"><small>Flygon restored a little HP using its Leftovers!</small><br></div><div class="battle-history"><small>Flygon was hurt by poison!</small><br></div><div class="battle-history"><small>The opposing Face was hurt by poison!</small><br></div><div class="spacer battle-history"><br></div><h2 class="battle-history">Turn 44</h2><div class="spacer battle-history"><br></div><div class="battle-history">MunnAy withdrew Face!<br></div><div class="battle-history">MunnAy sent out Hannibal (<strong>Venusaur</strong>)!<br></div><div class="battle-history"><small>Pointed stones dug into the opposing Hannibal!</small><br></div><div class="spacer battle-history"><br></div><div class="battle-history">Flygon used <strong>Earthquake</strong>!<br></div><div class="battle-history"><small>(The opposing Hannibal lost <abbr title="−129/363">35.5%</abbr> of its health!)</small><br></div><div class="spacer battle-history"><br></div><div class="battle-history"><small>Flygon restored a little HP using its Leftovers!</small><br></div><div class="battle-history"><small>The opposing Hannibal restored a little HP using its Black Sludge!</small><br></div><div class="battle-history"><small>Flygon was hurt by poison!</small><br></div><div class="spacer battle-history"><br></div><h2 class="battle-history">Turn 45</h2><div class="spacer battle-history"><br></div><div class="battle-history">MunnAy withdrew Hannibal!<br></div><div class="battle-history">MunnAy sent out Face (<strong>Alomomola</strong>)!<br></div><div class="battle-history"><small>Pointed stones dug into the opposing Face!</small><br></div><div class="spacer battle-history"><br></div><div class="battle-history">Flygon used <strong>Earthquake</strong>!<br></div><div class="battle-history"><small>A critical hit!</small><br></div><div class="battle-history"><small>(The opposing Face lost <abbr title="−175/505">34.7%</abbr> of its health!)</small><br></div><div class="spacer battle-history"><br></div><div class="battle-history">The opposing Face fainted!<br></div><div class="spacer battle-history"><br></div><div class="battle-history"><small>Flygon restored a little HP using its Leftovers!</small><br></div><div class="battle-history"><small>Flygon was hurt by poison!</small><br></div><div class="spacer battle-history"><br></div><div class="battle-history">MunnAy sent out Hannibal (<strong>Venusaur</strong>)!<br></div><div class="battle-history"><small>Pointed stones dug into the opposing Hannibal!</small><br></div><div class="spacer battle-history"><br></div><h2 class="battle-history">Turn 46</h2><div class="spacer battle-history"><br></div><div class="battle-history">Flygon used <strong>Earthquake</strong>!<br></div><div class="battle-history"><small>(The opposing Hannibal lost <abbr title="−9/363">2.5%</abbr> of its health!)</small><br></div><div class="spacer battle-history"><br></div><div class="battle-history">The opposing Hannibal fainted!<br></div><div class="spacer battle-history"><br></div><div class="battle-history"><strong>Ne͜͡crocat219</strong> won the battle!<br></div><div class="chat chatmessage-necrocat219"><strong style="color:hsl(129,88%,34.37918800146608%)"><small>★</small><span class="username" data-name="Ne͜͡crocat219">Ne͜͡crocat219</span>:</strong> <em>gg</em></div><div class="chat"><small>MunnAy left.</small></div></div><div class="inner-preempt"></div></div></div>
</div>
<script>
let daily = Math.floor(Date.now()/1000/60/60/24);document.write('<script src="https://play.pokemonshowdown.com/js/replay-embed.js?version'+daily+'"></'+'script>');
</script>
