<!DOCTYPE html>
<meta charset="utf-8" />
<!-- version 1 -->
<title>RU replay: Miyami vs. hoblaph</title>
<style>
html,body {font-family:Verdana, sans-serif;font-size:10pt;margin:0;padding:0;}body{padding:12px 0;} .battle-log {font-family:Verdana, sans-serif;font-size:10pt;} .battle-log-inline {border:1px solid #AAAAAA;background:#EEF2F5;color:black;max-width:640px;margin:0 auto 80px;padding-bottom:5px;} .battle-log .inner {padding:4px 8px 0px 8px;} .battle-log .inner-preempt {padding:0 8px 4px 8px;} .battle-log .inner-after {margin-top:0.5em;} .battle-log h2 {margin:0.5em -8px;padding:4px 8px;border:1px solid #AAAAAA;background:#E0E7EA;border-left:0;border-right:0;font-family:Verdana, sans-serif;font-size:13pt;} .battle-log .chat {vertical-align:middle;padding:3px 0 3px 0;font-size:8pt;} .battle-log .chat strong {color:#40576A;} .battle-log .chat em {padding:1px 4px 1px 3px;color:#000000;font-style:normal;} .chat.mine {background:rgba(0,0,0,0.05);margin-left:-8px;margin-right:-8px;padding-left:8px;padding-right:8px;} .spoiler {color:#BBBBBB;background:#BBBBBB;padding:0px 3px;} .spoiler:hover, .spoiler:active, .spoiler-shown {color:#000000;background:#E2E2E2;padding:0px 3px;} .spoiler a {color:#BBBBBB;} .spoiler:hover a, .spoiler:active a, .spoiler-shown a {color:#2288CC;} .chat code, .chat .spoiler:hover code, .chat .spoiler:active code, .chat .spoiler-shown code {border:1px solid #C0C0C0;background:#EEEEEE;color:black;padding:0 2px;} .chat .spoiler code {border:1px solid #CCCCCC;background:#CCCCCC;color:#CCCCCC;} .battle-log .rated {padding:3px 4px;} .battle-log .rated strong {color:white;background:#89A;padding:1px 4px;border-radius:4px;} .spacer {margin-top:0.5em;} .message-announce {background:#6688AA;color:white;padding:1px 4px 2px;} .message-announce a, .broadcast-green a, .broadcast-blue a, .broadcast-red a {color:#DDEEFF;} .broadcast-green {background-color:#559955;color:white;padding:2px 4px;} .broadcast-blue {background-color:#6688AA;color:white;padding:2px 4px;} .infobox {border:1px solid #6688AA;padding:2px 4px;} .infobox-limited {max-height:200px;overflow:auto;overflow-x:hidden;} .broadcast-red {background-color:#AA5544;color:white;padding:2px 4px;} .message-learn-canlearn {font-weight:bold;color:#228822;text-decoration:underline;} .message-learn-cannotlearn {font-weight:bold;color:#CC2222;text-decoration:underline;} .message-effect-weak {font-weight:bold;color:#CC2222;} .message-effect-resist {font-weight:bold;color:#6688AA;} .message-effect-immune {font-weight:bold;color:#666666;} .message-learn-list {margin-top:0;margin-bottom:0;} .message-throttle-notice, .message-error {color:#992222;} .message-overflow, .chat small.message-overflow {font-size:0pt;} .message-overflow::before {font-size:9pt;content:'...';} .subtle {color:#3A4A66;}
</style>
<div class="wrapper replay-wrapper" style="max-width:1180px;margin:0 auto">
<input type="hidden" name="replayid" value="ru-575125534" />
<div class="battle"></div><div class="battle-log"></div><div class="replay-controls"></div><div class="replay-controls-2"></div>
<h1 style="font-weight:normal;text-align:center"><strong>RU</strong><br /><a href="http://pokemonshowdown.com/users/miyami" class="subtle" target="_blank">Miyami</a> vs. <a href="http://pokemonshowdown.com/users/hoblaph" class="subtle" target="_blank">hoblaph</a></h1>
<script type="text/plain" class="battle-log-data">|j|Miyami
|j|hoblaph
|player|p1|Miyami|44
|player|p2|hoblaph|40
|gametype|singles
|gen|6
|tier|RU
|seed|23833,1361,18054,58985
|rule|Sleep Clause Mod: Limit one foe put to sleep
|rule|Species Clause: Limit one of each Pokémon
|rule|OHKO Clause: OHKO moves are banned
|rule|Moody Clause: Moody is banned
|rule|Evasion Moves Clause: Evasion moves are banned
|rule|Endless Battle Clause: Forcing endless battles is banned
|rule|HP Percentage Mod: HP is shown in percentages
|clearpoke
|poke|p1|Mesprit|item
|poke|p1|Volbeat, M, shiny|item
|poke|p1|Ludicolo, M|item
|poke|p1|Kabutops, M|item
|poke|p1|Omastar, M|item
|poke|p1|Garbodor, M|item
|poke|p2|Alomomola, M|item
|poke|p2|Venusaur, F|item
|poke|p2|Flygon, M|item
|poke|p2|Escavalier, F|item
|poke|p2|Diancie|item
|poke|p2|Audino, F|item
|rule|Swagger Clause: Swagger is banned
|rule|Baton Pass Clause: Limit one Baton Passer, can't pass Spe and other stats simultaneously
|teampreview
|j|gorex
|c|☆Miyami|We're doing it
|c|☆hoblaph|gl hf
|c|☆Miyami|Good Luck!
|c| gorex|who won g1?
|choice|team 1, team 2, team 3, team 4, team 5, team 6|team 4, team 2, team 3, team 1, team 5, team 6
|
|start
|switch|p1a: Mesprit|Mesprit|364\/364
|switch|p2a: Escavalier|Escavalier, F|343\/343
|turn|1
|c|☆Miyami|Hob
|choice|move raindance|move knockoff
|
|move|p1a: Mesprit|Rain Dance|p1a: Mesprit
|-weather|RainDance
|move|p2a: Escavalier|Knock Off|p1a: Mesprit
|-supereffective|p1a: Mesprit
|-damage|p1a: Mesprit|176\/364
|-enditem|p1a: Mesprit|Damp Rock|[from] move: Knock Off|[of] p2a: Escavalier
|
|-weather|RainDance|[upkeep]
|upkeep
|turn|2
|j|spookysocialist
|choice|move stealthrock|move megahorn
|
|move|p1a: Mesprit|Stealth Rock|p2a: Escavalier
|-sidestart|p2: hoblaph|move: Stealth Rock
|move|p2a: Escavalier|Megahorn|p1a: Mesprit
|-supereffective|p1a: Mesprit
|-damage|p1a: Mesprit|0 fnt
|faint|p1a: Mesprit
|
|-weather|RainDance|[upkeep]
|upkeep
|choice|switch 5|
|
|switch|p1a: Omastar|Omastar, M|281\/281
|turn|3
|choice|move surf|move megahorn
|
|move|p1a: Omastar|Surf|p2a: Escavalier
|-damage|p2a: Escavalier|180\/343
|move|p2a: Escavalier|Megahorn|p1a: Omastar
|-damage|p1a: Omastar|86\/281
|
|-weather|RainDance|[upkeep]
|upkeep
|turn|4
|choice|move surf|move knockoff
|
|move|p1a: Omastar|Surf|p2a: Escavalier
|-damage|p2a: Escavalier|36\/343
|move|p2a: Escavalier|Knock Off|p1a: Omastar
|-damage|p1a: Omastar|0 fnt
|-enditem|p1a: Omastar|Shuca Berry|[from] move: Knock Off|[of] p2a: Escavalier
|faint|p1a: Omastar
|
|-weather|RainDance|[upkeep]
|upkeep
|choice|switch 3|
|
|switch|p1a: Ludicolo|Ludicolo, M|301\/301
|turn|5
|choice|move scald|switch 4
|
|switch|p2a: Alomomola|Alomomola, M|501\/501
|-damage|p2a: Alomomola|439\/501|[from] Stealth Rock
|move|p1a: Ludicolo|Scald|p2a: Alomomola
|-resisted|p2a: Alomomola
|-damage|p2a: Alomomola|292\/501
|-damage|p1a: Ludicolo|271\/301|[from] item: Life Orb
|
|-weather|RainDance|[upkeep]
|-heal|p2a: Alomomola|323\/501|[from] item: Leftovers
|upkeep
|turn|6
|j|CherylBush
|choice|move gigadrain|move protect
|
|move|p2a: Alomomola|Protect|p2a: Alomomola
|-singleturn|p2a: Alomomola|Protect
|move|p1a: Ludicolo|Giga Drain|p2a: Alomomola
|-activate|p2a: Alomomola|move: Protect
|
|-weather|RainDance|[upkeep]
|-heal|p2a: Alomomola|354\/501|[from] item: Leftovers
|upkeep
|turn|7
|choice|move icebeam|switch 2
|
|switch|p2a: Venusaur|Venusaur, F|363\/363
|-damage|p2a: Venusaur|318\/363|[from] Stealth Rock
|move|p1a: Ludicolo|Ice Beam|p2a: Venusaur
|-supereffective|p2a: Venusaur
|-damage|p2a: Venusaur|81\/363
|-damage|p1a: Ludicolo|241\/301|[from] item: Life Orb
|
|-weather|RainDance|[upkeep]
|-heal|p2a: Venusaur|103\/363|[from] item: Black Sludge
|upkeep
|turn|8
|choice|move icebeam|switch 4
|
|switch|p2a: Escavalier|Escavalier, F|36\/343
|-damage|p2a: Escavalier|0 fnt|[from] Stealth Rock
|faint|p2a: Escavalier
|move|p1a: Ludicolo|Ice Beam|p2: Escavalier|[notarget]
|-notarget
|
|-weather|none
|upkeep
|choice||switch 3
|
|switch|p2a: Flygon|Flygon, M|364\/364
|-damage|p2a: Flygon|342\/364|[from] Stealth Rock
|turn|9
|choice|switch 6|move uturn
|
|switch|p1a: Garbodor|Garbodor, M|364\/364
|move|p2a: Flygon|U-turn|p1a: Garbodor
|-resisted|p1a: Garbodor
|-crit|p1a: Garbodor
|-damage|p1a: Garbodor|318\/364
|choice||switch 2
|
|switch|p2a: Alomomola|Alomomola, M|501\/501
|-damage|p2a: Alomomola|439\/501|[from] Stealth Rock
|
|-heal|p2a: Alomomola|470\/501|[from] item: Leftovers
|upkeep
|turn|10
|choice|move spikes|move scald
|
|move|p1a: Garbodor|Spikes|p2a: Alomomola
|-sidestart|p2: hoblaph|Spikes
|move|p2a: Alomomola|Scald|p1a: Garbodor
|-damage|p1a: Garbodor|261\/364
|
|-heal|p2a: Alomomola|501\/501|[from] item: Leftovers
|upkeep
|turn|11
|choice|move spikes|move scald
|
|move|p1a: Garbodor|Spikes|p2a: Alomomola
|-sidestart|p2: hoblaph|Spikes
|move|p2a: Alomomola|Scald|p1a: Garbodor
|-damage|p1a: Garbodor|210\/364
|
|upkeep
|turn|12
|choice|move spikes|switch 2
|
|switch|p2a: Flygon|Flygon, M|342\/364
|-damage|p2a: Flygon|320\/364|[from] Stealth Rock
|move|p1a: Garbodor|Spikes|p2a: Flygon
|-sidestart|p2: hoblaph|Spikes
|
|-heal|p2a: Flygon|342\/364|[from] item: Leftovers
|upkeep
|turn|13
|choice|move explosion|move defog
|
|move|p2a: Flygon|Defog|p1a: Garbodor
|-unboost|p1a: Garbodor|evasion|1
|-sideend|p2: hoblaph|Spikes|[from] move: Defog|[of] p2a: Flygon
|-sideend|p2: hoblaph|Stealth Rock|[from] move: Defog|[of] p2a: Flygon
|move|p1a: Garbodor|Explosion|p2a: Flygon
|-enditem|p1a: Garbodor|Normal Gem|[from] gem|[move] Explosion
|-damage|p2a: Flygon|0 fnt
|faint|p1a: Garbodor
|faint|p2a: Flygon
|
|upkeep
|choice|switch 2|switch 2
|
|switch|p1a: Volbeat|Volbeat, M, shiny|271\/271
|switch|p2a: Alomomola|Alomomola, M|501\/501
|turn|14
|choice|move raindance|move toxic
|
|move|p1a: Volbeat|Rain Dance|p1a: Volbeat
|-weather|RainDance
|move|p2a: Alomomola|Toxic|p1a: Volbeat
|-status|p1a: Volbeat|tox
|
|-weather|RainDance|[upkeep]
|-damage|p1a: Volbeat|255\/271 tox|[from] psn
|upkeep
|turn|15
|j|Dr N Trance
|choice|switch 6|move protect
|
|switch|p1a: Ludicolo|Ludicolo, M|241\/301
|move|p2a: Alomomola|Protect|p2a: Alomomola
|-fail|p2a: Alomomola
|
|-weather|RainDance|[upkeep]
|upkeep
|turn|16
|choice|move gigadrain|move protect
|
|move|p2a: Alomomola|Protect|p2a: Alomomola
|-singleturn|p2a: Alomomola|Protect
|move|p1a: Ludicolo|Giga Drain|p2a: Alomomola
|-activate|p2a: Alomomola|move: Protect
|
|-weather|RainDance|[upkeep]
|upkeep
|turn|17
|choice|move gigadrain|switch 4
|
|switch|p2a: Venusaur|Venusaur, F|103\/363
|move|p1a: Ludicolo|Giga Drain|p2a: Venusaur
|-resisted|p2a: Venusaur
|-damage|p2a: Venusaur|69\/363
|-heal|p1a: Ludicolo|258\/301|[from] drain|[of] p2a: Venusaur
|-damage|p1a: Ludicolo|228\/301|[from] item: Life Orb
|
|-weather|RainDance|[upkeep]
|-heal|p2a: Venusaur|91\/363|[from] item: Black Sludge
|upkeep
|turn|18
|choice|move scald|move synthesis
|
|move|p1a: Ludicolo|Scald|p2a: Venusaur
|-resisted|p2a: Venusaur
|-damage|p2a: Venusaur|0 fnt
|-damage|p1a: Ludicolo|198\/301|[from] item: Life Orb
|faint|p2a: Venusaur
|
|-weather|RainDance|[upkeep]
|upkeep
|inactive|Battle timer is ON: inactive players will automatically lose when time's up. (requested by Miyami)
|choice||switch 6
|
|switch|p2a: Audino|Audino, F|410\/410
|turn|19
|choice|move scald|switch 4
|
|switch|p2a: Alomomola|Alomomola, M|501\/501
|move|p1a: Ludicolo|Scald|p2a: Alomomola
|-resisted|p2a: Alomomola
|-damage|p2a: Alomomola|354\/501
|-damage|p1a: Ludicolo|168\/301|[from] item: Life Orb
|
|-weather|RainDance|[upkeep]
|-heal|p2a: Alomomola|385\/501|[from] item: Leftovers
|upkeep
|turn|20
|choice|move gigadrain|move protect
|
|move|p2a: Alomomola|Protect|p2a: Alomomola
|-singleturn|p2a: Alomomola|Protect
|move|p1a: Ludicolo|Giga Drain|p2a: Alomomola
|-activate|p2a: Alomomola|move: Protect
|
|-weather|RainDance|[upkeep]
|-heal|p2a: Alomomola|416\/501|[from] item: Leftovers
|upkeep
|turn|21
|j|eifo
|choice|move gigadrain|switch 4
|
|switch|p2a: Audino|Audino, F|410\/410
|move|p1a: Ludicolo|Giga Drain|p2a: Audino
|-damage|p2a: Audino|237\/410
|-heal|p1a: Ludicolo|255\/301|[from] drain|[of] p2a: Audino
|-damage|p1a: Ludicolo|225\/301|[from] item: Life Orb
|
|-weather|none
|upkeep
|turn|22
|choice|switch 4|move wish
|
|switch|p1a: Kabutops|Kabutops, M|261\/261
|move|p2a: Audino|Wish|p2a: Audino
|
|upkeep
|turn|23
|choice|switch 6|move knockoff
|
|switch|p1a: Volbeat|Volbeat, M, shiny|255\/271 tox
|move|p2a: Audino|Knock Off|p1a: Volbeat
|-damage|p1a: Volbeat|187\/271 tox
|-enditem|p1a: Volbeat|Damp Rock|[from] move: Knock Off|[of] p2a: Audino
|
|-heal|p2a: Audino|410\/410|[from] move: Wish|[wisher] Audino
|-damage|p1a: Volbeat|171\/271 tox|[from] psn
|upkeep
|turn|24
|choice|move raindance|switch 5
|
|switch|p2a: Diancie|Diancie|304\/304
|move|p1a: Volbeat|Rain Dance|p1a: Volbeat
|-weather|RainDance
|
|-weather|RainDance|[upkeep]
|-damage|p1a: Volbeat|139\/271 tox|[from] psn
|upkeep
|turn|25
|choice|switch 6|move diamondstorm
|
|switch|p1a: Kabutops|Kabutops, M|261\/261
|move|p2a: Diancie|Diamond Storm|p1a: Kabutops
|-damage|p1a: Kabutops|155\/261
|
|-weather|RainDance|[upkeep]
|upkeep
|turn|26
|choice|move waterfall|switch 4
|
|switch|p2a: Alomomola|Alomomola, M|501\/501
|move|p1a: Kabutops|Waterfall|p2a: Alomomola
|-resisted|p2a: Alomomola
|-damage|p2a: Alomomola|368\/501
|-damage|p1a: Kabutops|129\/261|[from] item: Life Orb
|
|-weather|RainDance|[upkeep]
|-heal|p2a: Alomomola|399\/501|[from] item: Leftovers
|upkeep
|turn|27
|choice|move waterfall|move wish
|
|move|p1a: Kabutops|Waterfall|p2a: Alomomola
|-resisted|p2a: Alomomola
|-damage|p2a: Alomomola|266\/501
|-damage|p1a: Kabutops|103\/261|[from] item: Life Orb
|cant|p2a: Alomomola|flinch
|
|-weather|RainDance|[upkeep]
|-heal|p2a: Alomomola|297\/501|[from] item: Leftovers
|upkeep
|turn|28
|j|Syl♥ie Lyyneheym
|l|Dr N Trance
|choice|move stoneedge|move wish
|
|move|p1a: Kabutops|Stone Edge|p2a: Alomomola
|-damage|p2a: Alomomola|90\/501
|-damage|p1a: Kabutops|77\/261|[from] item: Life Orb
|move|p2a: Alomomola|Wish|p2a: Alomomola
|
|-weather|none
|-heal|p2a: Alomomola|121\/501|[from] item: Leftovers
|upkeep
|turn|29
|l|Syl♥ie Lyyneheym
|choice|switch 6|move protect
|
|switch|p1a: Volbeat|Volbeat, M, shiny|139\/271 tox
|move|p2a: Alomomola|Protect|p2a: Alomomola
|-fail|p2a: Alomomola
|
|-heal|p2a: Alomomola|371\/501|[from] move: Wish|[wisher] Alomomola
|-heal|p2a: Alomomola|402\/501|[from] item: Leftovers
|-damage|p1a: Volbeat|123\/271 tox|[from] psn
|upkeep
|turn|30
|choice|move encore|switch 4
|
|switch|p2a: Diancie|Diancie|304\/304
|move|p1a: Volbeat|Encore|p2a: Diancie
|-fail|p2a: Diancie
|
|-damage|p1a: Volbeat|91\/271 tox|[from] psn
|upkeep
|turn|31
|choice|move raindance|move diamondstorm
|
|move|p1a: Volbeat|Rain Dance|p1a: Volbeat
|-weather|RainDance
|move|p2a: Diancie|Diamond Storm|p1a: Volbeat
|-supereffective|p1a: Volbeat
|-damage|p1a: Volbeat|0 fnt
|-boost|p2a: Diancie|def|1
|faint|p1a: Volbeat
|
|-weather|RainDance|[upkeep]
|upkeep
|choice|switch 4|
|
|switch|p1a: Ludicolo|Ludicolo, M|225\/301
|turn|32
|c|☆Miyami|Alright Rain Dance
|choice|move gigadrain|switch 5
|
|switch|p2a: Audino|Audino, F|410\/410
|move|p1a: Ludicolo|Giga Drain|p2a: Audino
|-damage|p2a: Audino|254\/410
|-heal|p1a: Ludicolo|301\/301|[from] drain|[of] p2a: Audino
|-damage|p1a: Ludicolo|271\/301|[from] item: Life Orb
|
|-weather|RainDance|[upkeep]
|upkeep
|turn|33
|j|Dr N Trance
|choice|move focusblast|move protect
|
|move|p2a: Audino|Protect|p2a: Audino
|-singleturn|p2a: Audino|Protect
|move|p1a: Ludicolo|Focus Blast|p2a: Audino
|-activate|p2a: Audino|move: Protect
|
|-weather|RainDance|[upkeep]
|upkeep
|turn|34
|j|Arifeen
|c|+Arifeen|wha game
|c|+Arifeen|is this
|c|☆hoblaph|g2
|c| gorex|2
|c|☆Miyami|2
|c|+Arifeen|yea miyami u deserve to lose
|c|+Arifeen|who won g1
|c|☆Miyami|he did
|c| gorex|why is this scald not hydro
|choice|move gigadrain|switch 5
|
|switch|p2a: Diancie|Diancie|304\/304
|move|p1a: Ludicolo|Giga Drain|p2a: Diancie
|-supereffective|p2a: Diancie
|-damage|p2a: Diancie|132\/304
|-heal|p1a: Ludicolo|301\/301|[from] drain|[of] p2a: Diancie
|-damage|p1a: Ludicolo|271\/301|[from] item: Life Orb
|
|-weather|RainDance|[upkeep]
|-heal|p2a: Diancie|151\/304|[from] item: Leftovers
|upkeep
|turn|35
|choice|move gigadrain|switch 5
|
|switch|p2a: Audino|Audino, F|390\/410
|move|p1a: Ludicolo|Giga Drain|p2a: Audino
|-damage|p2a: Audino|229\/410
|-heal|p1a: Ludicolo|301\/301|[from] drain|[of] p2a: Audino
|-damage|p1a: Ludicolo|271\/301|[from] item: Life Orb
|
|-weather|none
|upkeep
|turn|36
|choice|move focusblast|move wish
|
|move|p1a: Ludicolo|Focus Blast|p2a: Audino|[miss]
|-miss|p1a: Ludicolo|p2a: Audino
|move|p2a: Audino|Wish|p2a: Audino
|
|upkeep
|turn|37
|c|☆Miyami|Fuck
|c| CherylBush|Caramba
|c|☆Miyami|I have got to stop playing this game
|choice|move focusblast|move protect mega
|
|detailschange|p2a: Audino|Audino-Mega, F
|-mega|p2a: Audino|Audino|Audinite
|move|p2a: Audino|Protect|p2a: Audino
|-singleturn|p2a: Audino|Protect
|move|p1a: Ludicolo|Focus Blast|p2a: Audino
|-activate|p2a: Audino|move: Protect
|
|-heal|p2a: Audino|410\/410|[from] move: Wish|[wisher] Audino
|upkeep
|turn|38
|choice|move scald|move wish
|
|move|p1a: Ludicolo|Scald|p2a: Audino
|-damage|p2a: Audino|277\/410
|-status|p2a: Audino|brn
|-damage|p1a: Ludicolo|241\/301|[from] item: Life Orb
|move|p2a: Audino|Wish|p2a: Audino
|
|-damage|p2a: Audino|226\/410 brn|[from] brn
|upkeep
|turn|39
|choice|switch 6|move healbell
|
|switch|p1a: Kabutops|Kabutops, M|77\/261
|move|p2a: Audino|Heal Bell|p2a: Audino
|-activate|p2a: Audino|move: Heal Bell
|-curestatus|p2a: Audino|brn|[msg]
|
|-heal|p2a: Audino|410\/410|[from] move: Wish|[wisher] Audino
|upkeep
|turn|40
|choice|move waterfall|switch 4
|
|switch|p2a: Alomomola|Alomomola, M|501\/501
|move|p1a: Kabutops|Waterfall|p2a: Alomomola
|-resisted|p2a: Alomomola
|-damage|p2a: Alomomola|411\/501
|-damage|p1a: Kabutops|51\/261|[from] item: Life Orb
|
|-heal|p2a: Alomomola|442\/501|[from] item: Leftovers
|upkeep
|turn|41
|choice|move stoneedge|move scald
|
|move|p1a: Kabutops|Stone Edge|p2a: Alomomola|[miss]
|-miss|p1a: Kabutops|p2a: Alomomola
|move|p2a: Alomomola|Scald|p1a: Kabutops
|-damage|p1a: Kabutops|0 fnt
|faint|p1a: Kabutops
|
|-heal|p2a: Alomomola|473\/501|[from] item: Leftovers
|upkeep
|c|☆Miyami|I hate life
|choice|switch 6|
|
|switch|p1a: Ludicolo|Ludicolo, M|241\/301
|turn|42
|choice|move gigadrain|move protect
|
|move|p2a: Alomomola|Protect|p2a: Alomomola
|-singleturn|p2a: Alomomola|Protect
|move|p1a: Ludicolo|Giga Drain|p2a: Alomomola
|-activate|p2a: Alomomola|move: Protect
|
|-heal|p2a: Alomomola|501\/501|[from] item: Leftovers
|upkeep
|turn|43
|choice|move gigadrain|move toxic
|
|move|p1a: Ludicolo|Giga Drain|p2a: Alomomola
|-supereffective|p2a: Alomomola
|-damage|p2a: Alomomola|158\/501
|-heal|p1a: Ludicolo|301\/301|[from] drain|[of] p2a: Alomomola
|-damage|p1a: Ludicolo|271\/301|[from] item: Life Orb
|move|p2a: Alomomola|Toxic|p1a: Ludicolo
|-status|p1a: Ludicolo|tox
|
|-heal|p2a: Alomomola|189\/501|[from] item: Leftovers
|-damage|p1a: Ludicolo|253\/301 tox|[from] psn
|upkeep
|turn|44
|choice|move scald|move protect
|
|move|p2a: Alomomola|Protect|p2a: Alomomola
|-singleturn|p2a: Alomomola|Protect
|move|p1a: Ludicolo|Scald|p2a: Alomomola
|-activate|p2a: Alomomola|move: Protect
|
|-heal|p2a: Alomomola|220\/501|[from] item: Leftovers
|-damage|p1a: Ludicolo|217\/301 tox|[from] psn
|upkeep
|turn|45
|c|+Arifeen|who won g1
|c|☆Miyami|Just like the last time you asked
|c|☆Miyami|not me
|c|+Arifeen|oh
|c|+Arifeen|i didnt notice
|choice|move gigadrain|switch 5
|
|switch|p2a: Diancie|Diancie|151\/304
|move|p1a: Ludicolo|Giga Drain|p2a: Diancie
|-supereffective|p2a: Diancie
|-damage|p2a: Diancie|0 fnt
|-heal|p1a: Ludicolo|293\/301 tox|[from] drain|[of] p2a: Diancie
|-damage|p1a: Ludicolo|263\/301 tox|[from] item: Life Orb
|faint|p2a: Diancie
|
|-damage|p1a: Ludicolo|209\/301 tox|[from] psn
|upkeep
|j|Matame
|c|+Arifeen|ah hoblaph
|c|☆Miyami|yay
|c|☆Miyami|got one
|c|+Arifeen|u earned my respect
|c|+Arifeen|winning with mola
|choice||switch 5
|
|switch|p2a: Alomomola|Alomomola, M|387\/501
|turn|46
|choice|move gigadrain|move protect
|
|move|p2a: Alomomola|Protect|p2a: Alomomola
|-singleturn|p2a: Alomomola|Protect
|move|p1a: Ludicolo|Giga Drain|p2a: Alomomola
|-activate|p2a: Alomomola|move: Protect
|
|-heal|p2a: Alomomola|418\/501|[from] item: Leftovers
|-damage|p1a: Ludicolo|137\/301 tox|[from] psn
|upkeep
|turn|47
|choice|move gigadrain|move wish
|
|move|p1a: Ludicolo|Giga Drain|p2a: Alomomola
|-supereffective|p2a: Alomomola
|-damage|p2a: Alomomola|67\/501
|-heal|p1a: Ludicolo|301\/301 tox|[from] drain|[of] p2a: Alomomola
|-damage|p1a: Ludicolo|271\/301 tox|[from] item: Life Orb
|move|p2a: Alomomola|Wish|p2a: Alomomola
|
|-heal|p2a: Alomomola|98\/501|[from] item: Leftovers
|-damage|p1a: Ludicolo|181\/301 tox|[from] psn
|upkeep
|turn|48
|c|☆Miyami|I'd be mad about you toxic stalling, but that's what I'd be doing in this situation
|choice|move gigadrain|move protect
|
|move|p2a: Alomomola|Protect|p2a: Alomomola
|-singleturn|p2a: Alomomola|Protect
|move|p1a: Ludicolo|Giga Drain|p2a: Alomomola
|-activate|p2a: Alomomola|move: Protect
|
|-heal|p2a: Alomomola|348\/501|[from] move: Wish|[wisher] Alomomola
|-heal|p2a: Alomomola|379\/501|[from] item: Leftovers
|-damage|p1a: Ludicolo|73\/301 tox|[from] psn
|upkeep
|turn|49
|l|spookysocialist
|choice|move gigadrain|switch 4
|
|switch|p2a: Audino|Audino-Mega, F|410\/410
|move|p1a: Ludicolo|Giga Drain|p2a: Audino
|-damage|p2a: Audino|296\/410
|-heal|p1a: Ludicolo|130\/301 tox|[from] drain|[of] p2a: Audino
|-damage|p1a: Ludicolo|100\/301 tox|[from] item: Life Orb
|
|-damage|p1a: Ludicolo|0 fnt|[from] psn
|upkeep
|faint|p1a: Ludicolo
|
|win|hoblaph
|c|☆hoblaph|gg
|l|Miyami</script>
</div>
<div class="battle-log battle-log-inline"><div class="inner"><div class="battle-options"></div><div class="inner"><div class="chat"><small>Miyami joined.</small></div><div class="chat"><small>hoblaph joined.</small></div><div class=""><small>Format:</small> <br><strong>RU</strong></div><div class=""><small><em>Sleep Clause Mod:</em> Limit one foe put to sleep</small></div><div class=""><small><em>Species Clause:</em> Limit one of each Pokémon</small></div><div class=""><small><em>OHKO Clause:</em> OHKO moves are banned</small></div><div class=""><small><em>Moody Clause:</em> Moody is banned</small></div><div class=""><small><em>Evasion Moves Clause:</em> Evasion moves are banned</small></div><div class=""><small><em>Endless Battle Clause:</em> Forcing endless battles is banned</small></div><div class=""><small><em>HP Percentage Mod:</em> HP is shown in percentages</small></div><div class=""><small><em>Swagger Clause:</em> Swagger is banned</small></div><div class=""><small><em>Baton Pass Clause:</em> Limit one Baton Passer, can't pass Spe and other stats simultaneously</small></div><div class="chat battle-history"><strong>Miyami's team:</strong> <em style="color:#445566;display:block;">Mesprit / Volbeat / Ludicolo / Kabutops / Omastar / Garbodor</em></div><div class="chat battle-history"><strong>hoblaph's team:</strong> <em style="color:#445566;display:block;">Alomomola / Venusaur / Flygon / Escavalier / Diancie / Audino</em></div><div class="chat"><small>gorex joined.</small></div><div class="chat chatmessage-miyami"><strong style="color:hsl(350,47%,48.99340148897605%)"><small>☆</small><span class="username" data-name="Miyami">Miyami</span>:</strong> <em>We're doing it</em></div><div class="chat chatmessage-hoblaph"><strong style="color:hsl(304,55%,44%)"><small>☆</small><span class="username" data-name="hoblaph">hoblaph</span>:</strong> <em>gl hf</em></div><div class="chat chatmessage-miyami"><strong style="color:hsl(350,47%,48.99340148897605%)"><small>☆</small><span class="username" data-name="Miyami">Miyami</span>:</strong> <em>Good Luck!</em></div><div class="chat chatmessage-gorex"><strong style="color:hsl(70,85%,31%)"><small> </small><span class="username" data-name="gorex">gorex</span>:</strong> <em>who won g1?</em></div><div class="spacer battle-history"><br></div><div class="battle-history">Battle started between Miyami and hoblaph!<br></div><div class="spacer battle-history"><br></div><div class="battle-history">Go! <strong>Mesprit</strong>!<br></div><div class="spacer battle-history"><br></div><div class="battle-history">hoblaph sent out <strong>Escavalier</strong>!<br></div><div class="spacer battle-history"><br></div><h2 class="battle-history">Turn 1</h2><div class="chat chatmessage-miyami"><strong style="color:hsl(350,47%,48.99340148897605%)"><small>☆</small><span class="username" data-name="Miyami">Miyami</span>:</strong> <em>Hob</em></div><div class="spacer battle-history"><br></div><div class="battle-history">Mesprit used <strong>Rain Dance</strong>!<br></div><div class="battle-history"><small>It started to rain!</small><br></div><div class="spacer battle-history"><br></div><div class="battle-history">The opposing Escavalier used <strong>Knock Off</strong>!<br></div><div class="battle-history"><small>It's super effective!</small><br></div><div class="battle-history"><small>(Mesprit lost <abbr title="−188/364">51.6%</abbr> of its health!)</small><br></div><div class="battle-history"><small>The opposing Escavalier knocked off Mesprit's Damp Rock!</small><br></div><div class="spacer battle-history"><br></div><div class="battle-history"><small>(Rain continues to fall!)</small><br></div><div class="spacer battle-history"><br></div><h2 class="battle-history">Turn 2</h2><div class="chat"><small>spookysocialist joined.</small></div><div class="spacer battle-history"><br></div><div class="battle-history">Mesprit used <strong>Stealth Rock</strong>!<br></div><div class="battle-history"><small>Pointed stones float in the air around the opposing team!</small><br></div><div class="spacer battle-history"><br></div><div class="battle-history">The opposing Escavalier used <strong>Megahorn</strong>!<br></div><div class="battle-history"><small>It's super effective!</small><br></div><div class="battle-history"><small>(Mesprit lost <abbr title="−176/364">48.4%</abbr> of its health!)</small><br></div><div class="spacer battle-history"><br></div><div class="battle-history">Mesprit fainted!<br></div><div class="spacer battle-history"><br></div><div class="battle-history"><small>(Rain continues to fall!)</small><br></div><div class="spacer battle-history"><br></div><div class="battle-history">Go! <strong>Omastar</strong>!<br></div><div class="spacer battle-history"><br></div><h2 class="battle-history">Turn 3</h2><div class="spacer battle-history"><br></div><div class="battle-history">Omastar used <strong>Surf</strong>!<br></div><div class="battle-history"><small>(The opposing Escavalier lost <abbr title="−163/343">47.5%</abbr> of its health!)</small><br></div><div class="spacer battle-history"><br></div><div class="battle-history">The opposing Escavalier used <strong>Megahorn</strong>!<br></div><div class="battle-history"><small>(Omastar lost <abbr title="−195/281">69.4%</abbr> of its health!)</small><br></div><div class="spacer battle-history"><br></div><div class="battle-history"><small>(Rain continues to fall!)</small><br></div><div class="spacer battle-history"><br></div><h2 class="battle-history">Turn 4</h2><div class="spacer battle-history"><br></div><div class="battle-history">Omastar used <strong>Surf</strong>!<br></div><div class="battle-history"><small>(The opposing Escavalier lost <abbr title="−144/343">42.0%</abbr> of its health!)</small><br></div><div class="spacer battle-history"><br></div><div class="battle-history">The opposing Escavalier used <strong>Knock Off</strong>!<br></div><div class="battle-history"><small>(Omastar lost <abbr title="−86/281">30.6%</abbr> of its health!)</small><br></div><div class="battle-history"><small>The opposing Escavalier knocked off Omastar's Shuca Berry!</small><br></div><div class="spacer battle-history"><br></div><div class="battle-history">Omastar fainted!<br></div><div class="spacer battle-history"><br></div><div class="battle-history"><small>(Rain continues to fall!)</small><br></div><div class="spacer battle-history"><br></div><div class="battle-history">Go! <strong>Ludicolo</strong>!<br></div><div class="spacer battle-history"><br></div><h2 class="battle-history">Turn 5</h2><div class="spacer battle-history"><br></div><div class="battle-history">hoblaph withdrew Escavalier!<br></div><div class="battle-history">hoblaph sent out <strong>Alomomola</strong>!<br></div><div class="battle-history"><small>Pointed stones dug into the opposing Alomomola!</small><br></div><div class="spacer battle-history"><br></div><div class="battle-history">Ludicolo used <strong>Scald</strong>!<br></div><div class="battle-history"><small>It's not very effective...</small><br></div><div class="battle-history"><small>(The opposing Alomomola lost <abbr title="−147/501">29.3%</abbr> of its health!)</small><br></div><div class="battle-history"><small>Ludicolo lost some of its HP!</small><br></div><div class="spacer battle-history"><br></div><div class="battle-history"><small>(Rain continues to fall!)</small><br></div><div class="battle-history"><small>The opposing Alomomola restored a little HP using its Leftovers!</small><br></div><div class="spacer battle-history"><br></div><h2 class="battle-history">Turn 6</h2><div class="chat"><small>CherylBush joined.</small></div><div class="spacer battle-history"><br></div><div class="battle-history">The opposing Alomomola used <strong>Protect</strong>!<br></div><div class="battle-history"><small>The opposing Alomomola protected itself!</small><br></div><div class="spacer battle-history"><br></div><div class="battle-history">Ludicolo used <strong>Giga Drain</strong>!<br></div><div class="battle-history"><small>The opposing Alomomola protected itself!</small><br></div><div class="spacer battle-history"><br></div><div class="battle-history"><small>(Rain continues to fall!)</small><br></div><div class="battle-history"><small>The opposing Alomomola restored a little HP using its Leftovers!</small><br></div><div class="spacer battle-history"><br></div><h2 class="battle-history">Turn 7</h2><div class="spacer battle-history"><br></div><div class="battle-history">hoblaph withdrew Alomomola!<br></div><div class="battle-history">hoblaph sent out <strong>Venusaur</strong>!<br></div><div class="battle-history"><small>Pointed stones dug into the opposing Venusaur!</small><br></div><div class="spacer battle-history"><br></div><div class="battle-history">Ludicolo used <strong>Ice Beam</strong>!<br></div><div class="battle-history"><small>It's super effective!</small><br></div><div class="battle-history"><small>(The opposing Venusaur lost <abbr title="−237/363">65.3%</abbr> of its health!)</small><br></div><div class="battle-history"><small>Ludicolo lost some of its HP!</small><br></div><div class="spacer battle-history"><br></div><div class="battle-history"><small>(Rain continues to fall!)</small><br></div><div class="battle-history"><small>The opposing Venusaur restored a little HP using its Black Sludge!</small><br></div><div class="spacer battle-history"><br></div><h2 class="battle-history">Turn 8</h2><div class="spacer battle-history"><br></div><div class="battle-history">hoblaph withdrew Venusaur!<br></div><div class="battle-history">hoblaph sent out <strong>Escavalier</strong>!<br></div><div class="battle-history"><small>Pointed stones dug into the opposing Escavalier!</small><br></div><div class="spacer battle-history"><br></div><div class="battle-history">The opposing Escavalier fainted!<br></div><div class="battle-history">Ludicolo used <strong>Ice Beam</strong>!<br></div><div class="battle-history"><small>But there was no target...</small><br></div><div class="spacer battle-history"><br></div><div class="battle-history"><small>The rain stopped.</small><br></div><div class="spacer battle-history"><br></div><div class="battle-history">hoblaph sent out <strong>Flygon</strong>!<br></div><div class="battle-history"><small>Pointed stones dug into the opposing Flygon!</small><br></div><div class="spacer battle-history"><br></div><h2 class="battle-history">Turn 9</h2><div class="spacer battle-history"><br></div><div class="battle-history">Ludicolo, come back!<br></div><div class="battle-history">Go! <strong>Garbodor</strong>!<br></div><div class="spacer battle-history"><br></div><div class="battle-history">The opposing Flygon used <strong>U-turn</strong>!<br></div><div class="battle-history"><small>It's not very effective...</small><br></div><div class="battle-history"><small>A critical hit!</small><br></div><div class="battle-history"><small>(Garbodor lost <abbr title="−46/364">12.6%</abbr> of its health!)</small><br></div><div class="spacer battle-history"><br></div><div class="battle-history">The opposing Flygon went back to hoblaph!<br></div><div class="battle-history">hoblaph sent out <strong>Alomomola</strong>!<br></div><div class="battle-history"><small>Pointed stones dug into the opposing Alomomola!</small><br></div><div class="spacer battle-history"><br></div><div class="battle-history"><small>The opposing Alomomola restored a little HP using its Leftovers!</small><br></div><div class="spacer battle-history"><br></div><h2 class="battle-history">Turn 10</h2><div class="spacer battle-history"><br></div><div class="battle-history">Garbodor used <strong>Spikes</strong>!<br></div><div class="battle-history"><small>Spikes were scattered on the ground all around the opposing team!</small><br></div><div class="spacer battle-history"><br></div><div class="battle-history">The opposing Alomomola used <strong>Scald</strong>!<br></div><div class="battle-history"><small>(Garbodor lost <abbr title="−57/364">15.7%</abbr> of its health!)</small><br></div><div class="spacer battle-history"><br></div><div class="battle-history"><small>The opposing Alomomola restored a little HP using its Leftovers!</small><br></div><div class="spacer battle-history"><br></div><h2 class="battle-history">Turn 11</h2><div class="spacer battle-history"><br></div><div class="battle-history">Garbodor used <strong>Spikes</strong>!<br></div><div class="battle-history"><small>Spikes were scattered on the ground all around the opposing team!</small><br></div><div class="spacer battle-history"><br></div><div class="battle-history">The opposing Alomomola used <strong>Scald</strong>!<br></div><div class="battle-history"><small>(Garbodor lost <abbr title="−51/364">14.0%</abbr> of its health!)</small><br></div><div class="spacer battle-history"><br></div><h2 class="battle-history">Turn 12</h2><div class="spacer battle-history"><br></div><div class="battle-history">hoblaph withdrew Alomomola!<br></div><div class="battle-history">hoblaph sent out <strong>Flygon</strong>!<br></div><div class="battle-history"><small>Pointed stones dug into the opposing Flygon!</small><br></div><div class="spacer battle-history"><br></div><div class="battle-history">Garbodor used <strong>Spikes</strong>!<br></div><div class="battle-history"><small>Spikes were scattered on the ground all around the opposing team!</small><br></div><div class="spacer battle-history"><br></div><div class="battle-history"><small>The opposing Flygon restored a little HP using its Leftovers!</small><br></div><div class="spacer battle-history"><br></div><h2 class="battle-history">Turn 13</h2><div class="spacer battle-history"><br></div><div class="battle-history">The opposing Flygon used <strong>Defog</strong>!<br></div><div class="battle-history"><small>Garbodor's evasiveness fell!</small><br></div><div class="battle-history"><small>The spikes disappeared from the ground around the opposing team!</small><br></div><div class="battle-history"><small>The pointed stones disappeared from around the opposing team!</small><br></div><div class="spacer battle-history"><br></div><div class="battle-history">Garbodor used <strong>Explosion</strong>!<br></div><div class="battle-history"><small>The Normal Gem strengthened Garbodor's power!</small><br></div><div class="battle-history"><small>(The opposing Flygon lost <abbr title="−342/364">94.0%</abbr> of its health!)</small><br></div><div class="spacer battle-history"><br></div><div class="battle-history">Garbodor fainted!<br></div><div class="battle-history">The opposing Flygon fainted!<br></div><div class="spacer battle-history"><br></div><div class="battle-history">Go! <strong>Volbeat</strong>!<br></div><div class="spacer battle-history"><br></div><div class="battle-history">hoblaph sent out <strong>Alomomola</strong>!<br></div><div class="spacer battle-history"><br></div><h2 class="battle-history">Turn 14</h2><div class="spacer battle-history"><br></div><div class="battle-history">Volbeat used <strong>Rain Dance</strong>!<br></div><div class="battle-history"><small>It started to rain!</small><br></div><div class="spacer battle-history"><br></div><div class="battle-history">The opposing Alomomola used <strong>Toxic</strong>!<br></div><div class="battle-history"><small>Volbeat was badly poisoned!</small><br></div><div class="spacer battle-history"><br></div><div class="battle-history"><small>(Rain continues to fall!)</small><br></div><div class="battle-history"><small>Volbeat was hurt by poison!</small><br></div><div class="spacer battle-history"><br></div><h2 class="battle-history">Turn 15</h2><div class="chat"><small>Dr N Trance joined.</small></div><div class="spacer battle-history"><br></div><div class="battle-history">Volbeat, come back!<br></div><div class="battle-history">Go! <strong>Ludicolo</strong>!<br></div><div class="spacer battle-history"><br></div><div class="battle-history">The opposing Alomomola used <strong>Protect</strong>!<br></div><div class="battle-history"><small>But it failed!</small><br></div><div class="spacer battle-history"><br></div><div class="battle-history"><small>(Rain continues to fall!)</small><br></div><div class="spacer battle-history"><br></div><h2 class="battle-history">Turn 16</h2><div class="spacer battle-history"><br></div><div class="battle-history">The opposing Alomomola used <strong>Protect</strong>!<br></div><div class="battle-history"><small>The opposing Alomomola protected itself!</small><br></div><div class="spacer battle-history"><br></div><div class="battle-history">Ludicolo used <strong>Giga Drain</strong>!<br></div><div class="battle-history"><small>The opposing Alomomola protected itself!</small><br></div><div class="spacer battle-history"><br></div><div class="battle-history"><small>(Rain continues to fall!)</small><br></div><div class="spacer battle-history"><br></div><h2 class="battle-history">Turn 17</h2><div class="spacer battle-history"><br></div><div class="battle-history">hoblaph withdrew Alomomola!<br></div><div class="battle-history">hoblaph sent out <strong>Venusaur</strong>!<br></div><div class="spacer battle-history"><br></div><div class="battle-history">Ludicolo used <strong>Giga Drain</strong>!<br></div><div class="battle-history"><small>It's not very effective...</small><br></div><div class="battle-history"><small>(The opposing Venusaur lost <abbr title="−34/363">9.4%</abbr> of its health!)</small><br></div><div class="battle-history"><small>The opposing Venusaur had its energy drained!</small><br></div><div class="battle-history"><small>Ludicolo lost some of its HP!</small><br></div><div class="spacer battle-history"><br></div><div class="battle-history"><small>(Rain continues to fall!)</small><br></div><div class="battle-history"><small>The opposing Venusaur restored a little HP using its Black Sludge!</small><br></div><div class="spacer battle-history"><br></div><h2 class="battle-history">Turn 18</h2><div class="spacer battle-history"><br></div><div class="battle-history">Ludicolo used <strong>Scald</strong>!<br></div><div class="battle-history"><small>It's not very effective...</small><br></div><div class="battle-history"><small>(The opposing Venusaur lost <abbr title="−91/363">25.1%</abbr> of its health!)</small><br></div><div class="battle-history"><small>Ludicolo lost some of its HP!</small><br></div><div class="spacer battle-history"><br></div><div class="battle-history">The opposing Venusaur fainted!<br></div><div class="spacer battle-history"><br></div><div class="battle-history"><small>(Rain continues to fall!)</small><br></div><div class="chat message-error">Battle timer is ON: inactive players will automatically lose when time's up. (requested by Miyami)</div><div class="spacer battle-history"><br></div><div class="battle-history">hoblaph sent out <strong>Audino</strong>!<br></div><div class="spacer battle-history"><br></div><h2 class="battle-history">Turn 19</h2><div class="spacer battle-history"><br></div><div class="battle-history">hoblaph withdrew Audino!<br></div><div class="battle-history">hoblaph sent out <strong>Alomomola</strong>!<br></div><div class="spacer battle-history"><br></div><div class="battle-history">Ludicolo used <strong>Scald</strong>!<br></div><div class="battle-history"><small>It's not very effective...</small><br></div><div class="battle-history"><small>(The opposing Alomomola lost <abbr title="−147/501">29.3%</abbr> of its health!)</small><br></div><div class="battle-history"><small>Ludicolo lost some of its HP!</small><br></div><div class="spacer battle-history"><br></div><div class="battle-history"><small>(Rain continues to fall!)</small><br></div><div class="battle-history"><small>The opposing Alomomola restored a little HP using its Leftovers!</small><br></div><div class="spacer battle-history"><br></div><h2 class="battle-history">Turn 20</h2><div class="spacer battle-history"><br></div><div class="battle-history">The opposing Alomomola used <strong>Protect</strong>!<br></div><div class="battle-history"><small>The opposing Alomomola protected itself!</small><br></div><div class="spacer battle-history"><br></div><div class="battle-history">Ludicolo used <strong>Giga Drain</strong>!<br></div><div class="battle-history"><small>The opposing Alomomola protected itself!</small><br></div><div class="spacer battle-history"><br></div><div class="battle-history"><small>(Rain continues to fall!)</small><br></div><div class="battle-history"><small>The opposing Alomomola restored a little HP using its Leftovers!</small><br></div><div class="spacer battle-history"><br></div><h2 class="battle-history">Turn 21</h2><div class="chat"><small>eifo joined.</small></div><div class="spacer battle-history"><br></div><div class="battle-history">hoblaph withdrew Alomomola!<br></div><div class="battle-history">hoblaph sent out <strong>Audino</strong>!<br></div><div class="spacer battle-history"><br></div><div class="battle-history">Ludicolo used <strong>Giga Drain</strong>!<br></div><div class="battle-history"><small>(The opposing Audino lost <abbr title="−173/410">42.2%</abbr> of its health!)</small><br></div><div class="battle-history"><small>The opposing Audino had its energy drained!</small><br></div><div class="battle-history"><small>Ludicolo lost some of its HP!</small><br></div><div class="spacer battle-history"><br></div><div class="battle-history"><small>The rain stopped.</small><br></div><div class="spacer battle-history"><br></div><h2 class="battle-history">Turn 22</h2><div class="spacer battle-history"><br></div><div class="battle-history">Ludicolo, come back!<br></div><div class="battle-history">Go! <strong>Kabutops</strong>!<br></div><div class="spacer battle-history"><br></div><div class="battle-history">The opposing Audino used <strong>Wish</strong>!<br></div><div class="spacer battle-history"><br></div><h2 class="battle-history">Turn 23</h2><div class="spacer battle-history"><br></div><div class="battle-history">Kabutops, come back!<br></div><div class="battle-history">Go! <strong>Volbeat</strong>!<br></div><div class="spacer battle-history"><br></div><div class="battle-history">The opposing Audino used <strong>Knock Off</strong>!<br></div><div class="battle-history"><small>(Volbeat lost <abbr title="−68/271">25.1%</abbr> of its health!)</small><br></div><div class="battle-history"><small>The opposing Audino knocked off Volbeat's Damp Rock!</small><br></div><div class="spacer battle-history"><br></div><div class="battle-history"><small>Audino's wish came true!</small><br></div><div class="battle-history"><small>Volbeat was hurt by poison!</small><br></div><div class="spacer battle-history"><br></div><h2 class="battle-history">Turn 24</h2><div class="spacer battle-history"><br></div><div class="battle-history">hoblaph withdrew Audino!<br></div><div class="battle-history">hoblaph sent out <strong>Diancie</strong>!<br></div><div class="spacer battle-history"><br></div><div class="battle-history">Volbeat used <strong>Rain Dance</strong>!<br></div><div class="battle-history"><small>It started to rain!</small><br></div><div class="spacer battle-history"><br></div><div class="battle-history"><small>(Rain continues to fall!)</small><br></div><div class="battle-history"><small>Volbeat was hurt by poison!</small><br></div><div class="spacer battle-history"><br></div><h2 class="battle-history">Turn 25</h2><div class="spacer battle-history"><br></div><div class="battle-history">Volbeat, come back!<br></div><div class="battle-history">Go! <strong>Kabutops</strong>!<br></div><div class="spacer battle-history"><br></div><div class="battle-history">The opposing Diancie used <strong>Diamond Storm</strong>!<br></div><div class="battle-history"><small>(Kabutops lost <abbr title="−106/261">40.6%</abbr> of its health!)</small><br></div><div class="spacer battle-history"><br></div><div class="battle-history"><small>(Rain continues to fall!)</small><br></div><div class="spacer battle-history"><br></div><h2 class="battle-history">Turn 26</h2><div class="spacer battle-history"><br></div><div class="battle-history">hoblaph withdrew Diancie!<br></div><div class="battle-history">hoblaph sent out <strong>Alomomola</strong>!<br></div><div class="spacer battle-history"><br></div><div class="battle-history">Kabutops used <strong>Waterfall</strong>!<br></div><div class="battle-history"><small>It's not very effective...</small><br></div><div class="battle-history"><small>(The opposing Alomomola lost <abbr title="−133/501">26.5%</abbr> of its health!)</small><br></div><div class="battle-history"><small>Kabutops lost some of its HP!</small><br></div><div class="spacer battle-history"><br></div><div class="battle-history"><small>(Rain continues to fall!)</small><br></div><div class="battle-history"><small>The opposing Alomomola restored a little HP using its Leftovers!</small><br></div><div class="spacer battle-history"><br></div><h2 class="battle-history">Turn 27</h2><div class="spacer battle-history"><br></div><div class="battle-history">Kabutops used <strong>Waterfall</strong>!<br></div><div class="battle-history"><small>It's not very effective...</small><br></div><div class="battle-history"><small>(The opposing Alomomola lost <abbr title="−133/501">26.5%</abbr> of its health!)</small><br></div><div class="battle-history"><small>Kabutops lost some of its HP!</small><br></div><div class="spacer battle-history"><br></div><div class="battle-history">The opposing Alomomola flinched and couldn't move!<br></div><div class="spacer battle-history"><br></div><div class="battle-history"><small>(Rain continues to fall!)</small><br></div><div class="battle-history"><small>The opposing Alomomola restored a little HP using its Leftovers!</small><br></div><div class="spacer battle-history"><br></div><h2 class="battle-history">Turn 28</h2><div class="chat"><small>Syl♥ie Lyyneheym joined.</small></div><div class="chat"><small>Dr N Trance left.</small></div><div class="spacer battle-history"><br></div><div class="battle-history">Kabutops used <strong>Stone Edge</strong>!<br></div><div class="battle-history"><small>(The opposing Alomomola lost <abbr title="−207/501">41.3%</abbr> of its health!)</small><br></div><div class="battle-history"><small>Kabutops lost some of its HP!</small><br></div><div class="spacer battle-history"><br></div><div class="battle-history">The opposing Alomomola used <strong>Wish</strong>!<br></div><div class="spacer battle-history"><br></div><div class="battle-history"><small>The rain stopped.</small><br></div><div class="battle-history"><small>The opposing Alomomola restored a little HP using its Leftovers!</small><br></div><div class="spacer battle-history"><br></div><h2 class="battle-history">Turn 29</h2><div class="chat"><small>Syl♥ie Lyyneheym left.</small></div><div class="spacer battle-history"><br></div><div class="battle-history">Kabutops, come back!<br></div><div class="battle-history">Go! <strong>Volbeat</strong>!<br></div><div class="spacer battle-history"><br></div><div class="battle-history">The opposing Alomomola used <strong>Protect</strong>!<br></div><div class="battle-history"><small>But it failed!</small><br></div><div class="spacer battle-history"><br></div><div class="battle-history"><small>Alomomola's wish came true!</small><br></div><div class="battle-history"><small>The opposing Alomomola restored a little HP using its Leftovers!</small><br></div><div class="battle-history"><small>Volbeat was hurt by poison!</small><br></div><div class="spacer battle-history"><br></div><h2 class="battle-history">Turn 30</h2><div class="spacer battle-history"><br></div><div class="battle-history">hoblaph withdrew Alomomola!<br></div><div class="battle-history">hoblaph sent out <strong>Diancie</strong>!<br></div><div class="spacer battle-history"><br></div><div class="battle-history">Volbeat used <strong>Encore</strong>!<br></div><div class="battle-history"><small>But it failed!</small><br></div><div class="spacer battle-history"><br></div><div class="battle-history"><small>Volbeat was hurt by poison!</small><br></div><div class="spacer battle-history"><br></div><h2 class="battle-history">Turn 31</h2><div class="spacer battle-history"><br></div><div class="battle-history">Volbeat used <strong>Rain Dance</strong>!<br></div><div class="battle-history"><small>It started to rain!</small><br></div><div class="spacer battle-history"><br></div><div class="battle-history">The opposing Diancie used <strong>Diamond Storm</strong>!<br></div><div class="battle-history"><small>It's super effective!</small><br></div><div class="battle-history"><small>(Volbeat lost <abbr title="−91/271">33.6%</abbr> of its health!)</small><br></div><div class="battle-history"><small>The opposing Diancie's Defense rose!</small><br></div><div class="spacer battle-history"><br></div><div class="battle-history">Volbeat fainted!<br></div><div class="spacer battle-history"><br></div><div class="battle-history"><small>(Rain continues to fall!)</small><br></div><div class="spacer battle-history"><br></div><div class="battle-history">Go! <strong>Ludicolo</strong>!<br></div><div class="spacer battle-history"><br></div><h2 class="battle-history">Turn 32</h2><div class="chat chatmessage-miyami"><strong style="color:hsl(350,47%,48.99340148897605%)"><small>☆</small><span class="username" data-name="Miyami">Miyami</span>:</strong> <em>Alright Rain Dance</em></div><div class="spacer battle-history"><br></div><div class="battle-history">hoblaph withdrew Diancie!<br></div><div class="battle-history">hoblaph sent out <strong>Audino</strong>!<br></div><div class="spacer battle-history"><br></div><div class="battle-history">Ludicolo used <strong>Giga Drain</strong>!<br></div><div class="battle-history"><small>(The opposing Audino lost <abbr title="−156/410">38.0%</abbr> of its health!)</small><br></div><div class="battle-history"><small>The opposing Audino had its energy drained!</small><br></div><div class="battle-history"><small>Ludicolo lost some of its HP!</small><br></div><div class="spacer battle-history"><br></div><div class="battle-history"><small>(Rain continues to fall!)</small><br></div><div class="spacer battle-history"><br></div><h2 class="battle-history">Turn 33</h2><div class="chat"><small>Dr N Trance joined.</small></div><div class="spacer battle-history"><br></div><div class="battle-history">The opposing Audino used <strong>Protect</strong>!<br></div><div class="battle-history"><small>The opposing Audino protected itself!</small><br></div><div class="spacer battle-history"><br></div><div class="battle-history">Ludicolo used <strong>Focus Blast</strong>!<br></div><div class="battle-history"><small>The opposing Audino protected itself!</small><br></div><div class="spacer battle-history"><br></div><div class="battle-history"><small>(Rain continues to fall!)</small><br></div><div class="spacer battle-history"><br></div><h2 class="battle-history">Turn 34</h2><div class="chat"><small>Arifeen joined.</small></div><div class="chat chatmessage-arifeen"><strong style="color:hsl(351,68%,47.77101180383878%)"><small>+</small><span class="username" data-name="Arifeen">Arifeen</span>:</strong> <em>wha game</em></div><div class="chat chatmessage-arifeen"><strong style="color:hsl(351,68%,47.77101180383878%)"><small>+</small><span class="username" data-name="Arifeen">Arifeen</span>:</strong> <em>is this</em></div><div class="chat chatmessage-hoblaph"><strong style="color:hsl(304,55%,44%)"><small>☆</small><span class="username" data-name="hoblaph">hoblaph</span>:</strong> <em>g2</em></div><div class="chat chatmessage-gorex"><strong style="color:hsl(70,85%,31%)"><small> </small><span class="username" data-name="gorex">gorex</span>:</strong> <em>2</em></div><div class="chat chatmessage-miyami"><strong style="color:hsl(350,47%,48.99340148897605%)"><small>☆</small><span class="username" data-name="Miyami">Miyami</span>:</strong> <em>2</em></div><div class="chat chatmessage-arifeen"><strong style="color:hsl(351,68%,47.77101180383878%)"><small>+</small><span class="username" data-name="Arifeen">Arifeen</span>:</strong> <em>yea miyami u deserve to lose</em></div><div class="chat chatmessage-arifeen"><strong style="color:hsl(351,68%,47.77101180383878%)"><small>+</small><span class="username" data-name="Arifeen">Arifeen</span>:</strong> <em>who won g1</em></div><div class="chat chatmessage-miyami"><strong style="color:hsl(350,47%,48.99340148897605%)"><small>☆</small><span class="username" data-name="Miyami">Miyami</span>:</strong> <em>he did</em></div><div class="chat chatmessage-gorex"><strong style="color:hsl(70,85%,31%)"><small> </small><span class="username" data-name="gorex">gorex</span>:</strong> <em>why is this scald not hydro</em></div><div class="spacer battle-history"><br></div><div class="battle-history">hoblaph withdrew Audino!<br></div><div class="battle-history">hoblaph sent out <strong>Diancie</strong>!<br></div><div class="spacer battle-history"><br></div><div class="battle-history">Ludicolo used <strong>Giga Drain</strong>!<br></div><div class="battle-history"><small>It's super effective!</small><br></div><div class="battle-history"><small>(The opposing Diancie lost <abbr title="−172/304">56.6%</abbr> of its health!)</small><br></div><div class="battle-history"><small>The opposing Diancie had its energy drained!</small><br></div><div class="battle-history"><small>Ludicolo lost some of its HP!</small><br></div><div class="spacer battle-history"><br></div><div class="battle-history"><small>(Rain continues to fall!)</small><br></div><div class="battle-history"><small>The opposing Diancie restored a little HP using its Leftovers!</small><br></div><div class="spacer battle-history"><br></div><h2 class="battle-history">Turn 35</h2><div class="spacer battle-history"><br></div><div class="battle-history">hoblaph withdrew Diancie!<br></div><div class="battle-history">hoblaph sent out <strong>Audino</strong>!<br></div><div class="spacer battle-history"><br></div><div class="battle-history">Ludicolo used <strong>Giga Drain</strong>!<br></div><div class="battle-history"><small>(The opposing Audino lost <abbr title="−161/410">39.3%</abbr> of its health!)</small><br></div><div class="battle-history"><small>The opposing Audino had its energy drained!</small><br></div><div class="battle-history"><small>Ludicolo lost some of its HP!</small><br></div><div class="spacer battle-history"><br></div><div class="battle-history"><small>The rain stopped.</small><br></div><div class="spacer battle-history"><br></div><h2 class="battle-history">Turn 36</h2><div class="spacer battle-history"><br></div><div class="battle-history">Ludicolo used <strong>Focus Blast</strong>!<br></div><div class="battle-history"><small>The opposing Audino avoided the attack!</small><br></div><div class="spacer battle-history"><br></div><div class="battle-history">The opposing Audino used <strong>Wish</strong>!<br></div><div class="spacer battle-history"><br></div><h2 class="battle-history">Turn 37</h2><div class="chat chatmessage-miyami"><strong style="color:hsl(350,47%,48.99340148897605%)"><small>☆</small><span class="username" data-name="Miyami">Miyami</span>:</strong> <em>Fuck</em></div><div class="chat chatmessage-cherylbush"><strong style="color:hsl(326,56%,47%)"><small> </small><span class="username" data-name="CherylBush">CherylBush</span>:</strong> <em>Caramba</em></div><div class="chat chatmessage-miyami"><strong style="color:hsl(350,47%,48.99340148897605%)"><small>☆</small><span class="username" data-name="Miyami">Miyami</span>:</strong> <em>I have got to stop playing this game</em></div><div class="spacer battle-history"><br></div><div class="battle-history"><small>The opposing Audino's Audinite is reacting to hoblaph's Mega Bracelet!</small><br>The opposing Audino has Mega Evolved into Mega Audino!<br></div><div class="spacer battle-history"><br></div><div class="battle-history">The opposing Audino used <strong>Protect</strong>!<br></div><div class="battle-history"><small>The opposing Audino protected itself!</small><br></div><div class="spacer battle-history"><br></div><div class="battle-history">Ludicolo used <strong>Focus Blast</strong>!<br></div><div class="battle-history"><small>The opposing Audino protected itself!</small><br></div><div class="spacer battle-history"><br></div><div class="battle-history"><small>Audino's wish came true!</small><br></div><div class="spacer battle-history"><br></div><h2 class="battle-history">Turn 38</h2><div class="spacer battle-history"><br></div><div class="battle-history">Ludicolo used <strong>Scald</strong>!<br></div><div class="battle-history"><small>(The opposing Audino lost <abbr title="−133/410">32.4%</abbr> of its health!)</small><br></div><div class="battle-history"><small>The opposing Audino was burned!</small><br></div><div class="battle-history"><small>Ludicolo lost some of its HP!</small><br></div><div class="spacer battle-history"><br></div><div class="battle-history">The opposing Audino used <strong>Wish</strong>!<br></div><div class="spacer battle-history"><br></div><div class="battle-history"><small>The opposing Audino was hurt by its burn!</small><br></div><div class="spacer battle-history"><br></div><h2 class="battle-history">Turn 39</h2><div class="spacer battle-history"><br></div><div class="battle-history">Ludicolo, come back!<br></div><div class="battle-history">Go! <strong>Kabutops</strong>!<br></div><div class="spacer battle-history"><br></div><div class="battle-history">The opposing Audino used <strong>Heal Bell</strong>!<br></div><div class="battle-history"><small>A bell chimed!</small><br></div><div class="battle-history"><small>The opposing Audino's burn was healed.</small><br></div><div class="spacer battle-history"><br></div><div class="battle-history"><small>Audino's wish came true!</small><br></div><div class="spacer battle-history"><br></div><h2 class="battle-history">Turn 40</h2><div class="spacer battle-history"><br></div><div class="battle-history">hoblaph withdrew Audino!<br></div><div class="battle-history">hoblaph sent out <strong>Alomomola</strong>!<br></div><div class="spacer battle-history"><br></div><div class="battle-history">Kabutops used <strong>Waterfall</strong>!<br></div><div class="battle-history"><small>It's not very effective...</small><br></div><div class="battle-history"><small>(The opposing Alomomola lost <abbr title="−90/501">18.0%</abbr> of its health!)</small><br></div><div class="battle-history"><small>Kabutops lost some of its HP!</small><br></div><div class="spacer battle-history"><br></div><div class="battle-history"><small>The opposing Alomomola restored a little HP using its Leftovers!</small><br></div><div class="spacer battle-history"><br></div><h2 class="battle-history">Turn 41</h2><div class="spacer battle-history"><br></div><div class="battle-history">Kabutops used <strong>Stone Edge</strong>!<br></div><div class="battle-history"><small>The opposing Alomomola avoided the attack!</small><br></div><div class="spacer battle-history"><br></div><div class="battle-history">The opposing Alomomola used <strong>Scald</strong>!<br></div><div class="battle-history"><small>(Kabutops lost <abbr title="−51/261">19.5%</abbr> of its health!)</small><br></div><div class="spacer battle-history"><br></div><div class="battle-history">Kabutops fainted!<br></div><div class="spacer battle-history"><br></div><div class="battle-history"><small>The opposing Alomomola restored a little HP using its Leftovers!</small><br></div><div class="chat chatmessage-miyami"><strong style="color:hsl(350,47%,48.99340148897605%)"><small>☆</small><span class="username" data-name="Miyami">Miyami</span>:</strong> <em>I hate life</em></div><div class="spacer battle-history"><br></div><div class="battle-history">Go! <strong>Ludicolo</strong>!<br></div><div class="spacer battle-history"><br></div><h2 class="battle-history">Turn 42</h2><div class="spacer battle-history"><br></div><div class="battle-history">The opposing Alomomola used <strong>Protect</strong>!<br></div><div class="battle-history"><small>The opposing Alomomola protected itself!</small><br></div><div class="spacer battle-history"><br></div><div class="battle-history">Ludicolo used <strong>Giga Drain</strong>!<br></div><div class="battle-history"><small>The opposing Alomomola protected itself!</small><br></div><div class="spacer battle-history"><br></div><div class="battle-history"><small>The opposing Alomomola restored a little HP using its Leftovers!</small><br></div><div class="spacer battle-history"><br></div><h2 class="battle-history">Turn 43</h2><div class="spacer battle-history"><br></div><div class="battle-history">Ludicolo used <strong>Giga Drain</strong>!<br></div><div class="battle-history"><small>It's super effective!</small><br></div><div class="battle-history"><small>(The opposing Alomomola lost <abbr title="−343/501">68.5%</abbr> of its health!)</small><br></div><div class="battle-history"><small>The opposing Alomomola had its energy drained!</small><br></div><div class="battle-history"><small>Ludicolo lost some of its HP!</small><br></div><div class="spacer battle-history"><br></div><div class="battle-history">The opposing Alomomola used <strong>Toxic</strong>!<br></div><div class="battle-history"><small>Ludicolo was badly poisoned!</small><br></div><div class="spacer battle-history"><br></div><div class="battle-history"><small>The opposing Alomomola restored a little HP using its Leftovers!</small><br></div><div class="battle-history"><small>Ludicolo was hurt by poison!</small><br></div><div class="spacer battle-history"><br></div><h2 class="battle-history">Turn 44</h2><div class="spacer battle-history"><br></div><div class="battle-history">The opposing Alomomola used <strong>Protect</strong>!<br></div><div class="battle-history"><small>The opposing Alomomola protected itself!</small><br></div><div class="spacer battle-history"><br></div><div class="battle-history">Ludicolo used <strong>Scald</strong>!<br></div><div class="battle-history"><small>The opposing Alomomola protected itself!</small><br></div><div class="spacer battle-history"><br></div><div class="battle-history"><small>The opposing Alomomola restored a little HP using its Leftovers!</small><br></div><div class="battle-history"><small>Ludicolo was hurt by poison!</small><br></div><div class="spacer battle-history"><br></div><h2 class="battle-history">Turn 45</h2><div class="chat chatmessage-arifeen"><strong style="color:hsl(351,68%,47.77101180383878%)"><small>+</small><span class="username" data-name="Arifeen">Arifeen</span>:</strong> <em>who won g1</em></div><div class="chat chatmessage-miyami"><strong style="color:hsl(350,47%,48.99340148897605%)"><small>☆</small><span class="username" data-name="Miyami">Miyami</span>:</strong> <em>Just like the last time you asked</em></div><div class="chat chatmessage-miyami"><strong style="color:hsl(350,47%,48.99340148897605%)"><small>☆</small><span class="username" data-name="Miyami">Miyami</span>:</strong> <em>not me</em></div><div class="chat chatmessage-arifeen"><strong style="color:hsl(351,68%,47.77101180383878%)"><small>+</small><span class="username" data-name="Arifeen">Arifeen</span>:</strong> <em>oh</em></div><div class="chat chatmessage-arifeen"><strong style="color:hsl(351,68%,47.77101180383878%)"><small>+</small><span class="username" data-name="Arifeen">Arifeen</span>:</strong> <em>i didnt notice</em></div><div class="spacer battle-history"><br></div><div class="battle-history">hoblaph withdrew Alomomola!<br></div><div class="battle-history">hoblaph sent out <strong>Diancie</strong>!<br></div><div class="spacer battle-history"><br></div><div class="battle-history">Ludicolo used <strong>Giga Drain</strong>!<br></div><div class="battle-history"><small>It's super effective!</small><br></div><div class="battle-history"><small>(The opposing Diancie lost <abbr title="−151/304">49.7%</abbr> of its health!)</small><br></div><div class="battle-history"><small>The opposing Diancie had its energy drained!</small><br></div><div class="battle-history"><small>Ludicolo lost some of its HP!</small><br></div><div class="spacer battle-history"><br></div><div class="battle-history">The opposing Diancie fainted!<br></div><div class="spacer battle-history"><br></div><div class="battle-history"><small>Ludicolo was hurt by poison!</small><br></div><div class="chat"><small>Matame joined.</small></div><div class="chat chatmessage-arifeen"><strong style="color:hsl(351,68%,47.77101180383878%)"><small>+</small><span class="username" data-name="Arifeen">Arifeen</span>:</strong> <em>ah hoblaph</em></div><div class="chat chatmessage-miyami"><strong style="color:hsl(350,47%,48.99340148897605%)"><small>☆</small><span class="username" data-name="Miyami">Miyami</span>:</strong> <em>yay</em></div><div class="chat chatmessage-miyami"><strong style="color:hsl(350,47%,48.99340148897605%)"><small>☆</small><span class="username" data-name="Miyami">Miyami</span>:</strong> <em>got one</em></div><div class="chat chatmessage-arifeen"><strong style="color:hsl(351,68%,47.77101180383878%)"><small>+</small><span class="username" data-name="Arifeen">Arifeen</span>:</strong> <em>u earned my respect</em></div><div class="chat chatmessage-arifeen"><strong style="color:hsl(351,68%,47.77101180383878%)"><small>+</small><span class="username" data-name="Arifeen">Arifeen</span>:</strong> <em>winning with mola</em></div><div class="spacer battle-history"><br></div><div class="battle-history">hoblaph sent out <strong>Alomomola</strong>!<br></div><div class="spacer battle-history"><br></div><h2 class="battle-history">Turn 46</h2><div class="spacer battle-history"><br></div><div class="battle-history">The opposing Alomomola used <strong>Protect</strong>!<br></div><div class="battle-history"><small>The opposing Alomomola protected itself!</small><br></div><div class="spacer battle-history"><br></div><div class="battle-history">Ludicolo used <strong>Giga Drain</strong>!<br></div><div class="battle-history"><small>The opposing Alomomola protected itself!</small><br></div><div class="spacer battle-history"><br></div><div class="battle-history"><small>The opposing Alomomola restored a little HP using its Leftovers!</small><br></div><div class="battle-history"><small>Ludicolo was hurt by poison!</small><br></div><div class="spacer battle-history"><br></div><h2 class="battle-history">Turn 47</h2><div class="spacer battle-history"><br></div><div class="battle-history">Ludicolo used <strong>Giga Drain</strong>!<br></div><div class="battle-history"><small>It's super effective!</small><br></div><div class="battle-history"><small>(The opposing Alomomola lost <abbr title="−351/501">70.1%</abbr> of its health!)</small><br></div><div class="battle-history"><small>The opposing Alomomola had its energy drained!</small><br></div><div class="battle-history"><small>Ludicolo lost some of its HP!</small><br></div><div class="spacer battle-history"><br></div><div class="battle-history">The opposing Alomomola used <strong>Wish</strong>!<br></div><div class="spacer battle-history"><br></div><div class="battle-history"><small>The opposing Alomomola restored a little HP using its Leftovers!</small><br></div><div class="battle-history"><small>Ludicolo was hurt by poison!</small><br></div><div class="spacer battle-history"><br></div><h2 class="battle-history">Turn 48</h2><div class="chat chatmessage-miyami"><strong style="color:hsl(350,47%,48.99340148897605%)"><small>☆</small><span class="username" data-name="Miyami">Miyami</span>:</strong> <em>I'd be mad about you toxic stalling, but that's what I'd be doing in this situation</em></div><div class="spacer battle-history"><br></div><div class="battle-history">The opposing Alomomola used <strong>Protect</strong>!<br></div><div class="battle-history"><small>The opposing Alomomola protected itself!</small><br></div><div class="spacer battle-history"><br></div><div class="battle-history">Ludicolo used <strong>Giga Drain</strong>!<br></div><div class="battle-history"><small>The opposing Alomomola protected itself!</small><br></div><div class="spacer battle-history"><br></div><div class="battle-history"><small>Alomomola's wish came true!</small><br></div><div class="battle-history"><small>The opposing Alomomola restored a little HP using its Leftovers!</small><br></div><div class="battle-history"><small>Ludicolo was hurt by poison!</small><br></div><div class="spacer battle-history"><br></div><h2 class="battle-history">Turn 49</h2><div class="chat"><small>spookysocialist left.</small></div><div class="spacer battle-history"><br></div><div class="battle-history">hoblaph withdrew Alomomola!<br></div><div class="battle-history">hoblaph sent out Audino (<strong>Audino-Mega</strong>)!<br></div><div class="spacer battle-history"><br></div><div class="battle-history">Ludicolo used <strong>Giga Drain</strong>!<br></div><div class="battle-history"><small>(The opposing Audino lost <abbr title="−114/410">27.8%</abbr> of its health!)</small><br></div><div class="battle-history"><small>The opposing Audino had its energy drained!</small><br></div><div class="battle-history"><small>Ludicolo lost some of its HP!</small><br></div><div class="spacer battle-history"><br></div><div class="battle-history"><small>Ludicolo was hurt by poison!</small><br></div><div class="spacer battle-history"><br></div><div class="battle-history">Ludicolo fainted!<br></div><div class="spacer battle-history"><br></div><div class="battle-history"><strong>hoblaph</strong> won the battle!<br></div><div class="chat chatmessage-hoblaph"><strong style="color:hsl(304,55%,44%)"><small>☆</small><span class="username" data-name="hoblaph">hoblaph</span>:</strong> <em>gg</em></div><div class="chat"><small>Miyami left.</small></div></div><div class="inner-preempt"></div></div></div>
</div>
<script>
let daily = Math.floor(Date.now()/1000/60/60/24);document.write('<script src="https://play.pokemonshowdown.com/js/replay-embed.js?version'+daily+'"></'+'script>');
</script>
