<!DOCTYPE html>
<meta charset="utf-8" />
<!-- version 1 -->
<title>RU replay: Egyptianmego5 vs. shaysro</title>
<style>
html,body {font-family:Verdana, sans-serif;font-size:10pt;margin:0;padding:0;}body{padding:12px 0;} .battle-log {font-family:Verdana, sans-serif;font-size:10pt;} .battle-log-inline {border:1px solid #AAAAAA;background:#EEF2F5;color:black;max-width:640px;margin:0 auto 80px;padding-bottom:5px;} .battle-log .inner {padding:4px 8px 0px 8px;} .battle-log .inner-preempt {padding:0 8px 4px 8px;} .battle-log .inner-after {margin-top:0.5em;} .battle-log h2 {margin:0.5em -8px;padding:4px 8px;border:1px solid #AAAAAA;background:#E0E7EA;border-left:0;border-right:0;font-family:Verdana, sans-serif;font-size:13pt;} .battle-log .chat {vertical-align:middle;padding:3px 0 3px 0;font-size:8pt;} .battle-log .chat strong {color:#40576A;} .battle-log .chat em {padding:1px 4px 1px 3px;color:#000000;font-style:normal;} .chat.mine {background:rgba(0,0,0,0.05);margin-left:-8px;margin-right:-8px;padding-left:8px;padding-right:8px;} .spoiler {color:#BBBBBB;background:#BBBBBB;padding:0px 3px;} .spoiler:hover, .spoiler:active, .spoiler-shown {color:#000000;background:#E2E2E2;padding:0px 3px;} .spoiler a {color:#BBBBBB;} .spoiler:hover a, .spoiler:active a, .spoiler-shown a {color:#2288CC;} .chat code, .chat .spoiler:hover code, .chat .spoiler:active code, .chat .spoiler-shown code {border:1px solid #C0C0C0;background:#EEEEEE;color:black;padding:0 2px;} .chat .spoiler code {border:1px solid #CCCCCC;background:#CCCCCC;color:#CCCCCC;} .battle-log .rated {padding:3px 4px;} .battle-log .rated strong {color:white;background:#89A;padding:1px 4px;border-radius:4px;} .spacer {margin-top:0.5em;} .message-announce {background:#6688AA;color:white;padding:1px 4px 2px;} .message-announce a, .broadcast-green a, .broadcast-blue a, .broadcast-red a {color:#DDEEFF;} .broadcast-green {background-color:#559955;color:white;padding:2px 4px;} .broadcast-blue {background-color:#6688AA;color:white;padding:2px 4px;} .infobox {border:1px solid #6688AA;padding:2px 4px;} .infobox-limited {max-height:200px;overflow:auto;overflow-x:hidden;} .broadcast-red {background-color:#AA5544;color:white;padding:2px 4px;} .message-learn-canlearn {font-weight:bold;color:#228822;text-decoration:underline;} .message-learn-cannotlearn {font-weight:bold;color:#CC2222;text-decoration:underline;} .message-effect-weak {font-weight:bold;color:#CC2222;} .message-effect-resist {font-weight:bold;color:#6688AA;} .message-effect-immune {font-weight:bold;color:#666666;} .message-learn-list {margin-top:0;margin-bottom:0;} .message-throttle-notice, .message-error {color:#992222;} .message-overflow, .chat small.message-overflow {font-size:0pt;} .message-overflow::before {font-size:9pt;content:'...';} .subtle {color:#3A4A66;}
</style>
<div class="wrapper replay-wrapper" style="max-width:1180px;margin:0 auto">
<input type="hidden" name="replayid" value="ru-535328076" />
<div class="battle"></div><div class="battle-log"></div><div class="replay-controls"></div><div class="replay-controls-2"></div>
<h1 style="font-weight:normal;text-align:center"><strong>RU</strong><br /><a href="http://pokemonshowdown.com/users/egyptianmego5" class="subtle" target="_blank">Egyptianmego5</a> vs. <a href="http://pokemonshowdown.com/users/shaysro" class="subtle" target="_blank">shaysro</a></h1>
<script type="text/plain" class="battle-log-data">|j|Egyptianmego5
|j|shaysro
|player|p1|Egyptianmego5|20
|player|p2|shaysro|265
|gametype|singles
|gen|6
|tier|RU
|seed|1162,42985,8446,34527
|rule|Sleep Clause Mod: Limit one foe put to sleep
|rule|Species Clause: Limit one of each Pokémon
|rule|OHKO Clause: OHKO moves are banned
|rule|Moody Clause: Moody is banned
|rule|Evasion Moves Clause: Evasion moves are banned
|rule|Endless Battle Clause: Forcing endless battles is banned
|rule|HP Percentage Mod: HP is shown in percentages
|clearpoke
|poke|p1|Sawk, M|item
|poke|p1|Drapion, M|item
|poke|p1|Rhyperior, M|item
|poke|p1|Rotom-Mow|item
|poke|p1|Delphox, M|item
|poke|p1|Blastoise, M|item
|poke|p2|Glalie, M, shiny|item
|poke|p2|Seismitoad, M|item
|poke|p2|Escavalier, M|item
|poke|p2|Granbull, M|item
|poke|p2|Flygon, M|item
|poke|p2|Magneton, shiny|item
|rule|Swagger Clause: Swagger is banned
|rule|Baton Pass Clause: Limit one Baton Passer, can't pass Spe and other stats simultaneously
|teampreview
|j|Stats Bot
|j|SlyolDFS
|l|Stats Bot
|j|utfgghjyj
|j|DrakeGamerGG
|j|Crownfool
|j|Wailingミ☆Wailord
|j|mikko1
|j|Miguel444555SR
|j|RedFlo
|c|★shaysro|gl hf
|j|carios00
|j|AmineFifty
|c|★Egyptianmego5|glhf
|j|Zelta-Beer
|j|gui127
|j|Jbomb676
|j|Ras♤Berry Pie ✔
|j|AlexAkSD
|j|Weavslosion
|j|MiniMytch
|j|CHNB-Resume
|j|SamSpark★♥★
|c| MiniMytch|gl guys
|j|bjgococo
|c| carios00|gl
|j|GhostGhetsis
|c| Miguel444555SR|gl
|j|DougSwellows
|choice|team 4, team 2, team 3, team 1, team 5, team 6|team 2, team 1, team 3, team 4, team 5, team 6
|
|start
|switch|p1a: Rotom|Rotom-Mow|241\/241
|switch|p2a: Sebastian|Seismitoad, M|414\/414
|turn|1
|c| Weavslosion|Hello
|c| carios00|in the name of lord arceus
|j|123w5
|choice|move voltswitch|switch 3
|
|switch|p2a: Esperanso|Escavalier, M|343\/343
|move|p1a: Rotom|Volt Switch|p2a: Esperanso
|-damage|p2a: Esperanso|220\/343
|c| 123w5|go egyptianmego5
|c| 123w5|mow him down
|c| 123w5|amirite
|j|marthaa
|choice|switch 4|
|
|switch|p1a: Sawk|Sawk, M|292\/292
|
|upkeep
|turn|2
|c|★Egyptianmego5|lol
|choice|move knockoff|switch 4
|
|switch|p2a: Rexy|Granbull, M|383\/383
|-ability|p2a: Rexy|Intimidate|boost
|-unboost|p1a: Sawk|atk|1
|move|p1a: Sawk|Knock Off|p2a: Rexy
|-resisted|p2a: Rexy
|-damage|p2a: Rexy|333\/383
|-enditem|p2a: Rexy|Leftovers|[from] move: Knock Off|[of] p1a: Sawk
|
|upkeep
|turn|3
|c| Weavslosion|Arceus is no god the unown are
|j|akshat231010
|j|Edd-DoDo
|c| MiniMytch|Dunsparce is the real god
|c| carios00|or maybe is bidoof the god
|l|Wailingミ☆Wailord
|l|Edd-DoDo
|c| Miguel444555SR|magikarp
|c| 123w5|dunsparce glare serene grace headbutt.
|choice|switch 3|move playrough
|
|switch|p1a: Rhyperior|Rhyperior, M|434\/434
|move|p2a: Rexy|Play Rough|p1a: Rhyperior
|-damage|p1a: Rhyperior|331\/434
|
|-heal|p1a: Rhyperior|358\/434|[from] item: Leftovers
|upkeep
|turn|4
|c| Miguel444555SR|Magikarp Splash
|choice|move stealthrock|switch 3
|
|switch|p2a: Sebastian|Seismitoad, M|414\/414
|move|p1a: Rhyperior|Stealth Rock|p2a: Sebastian
|-sidestart|p2: shaysro|move: Stealth Rock
|
|-heal|p1a: Rhyperior|385\/434|[from] item: Leftovers
|upkeep
|turn|5
|j|Quote
|c| 123w5|magikarp z-splash
|c| 123w5|best move evah
|j|Alisterlee
|j|good dogg
|c| MiniMytch|Dunsparce is an anagram for DPN Arceus
|c| Miguel444555SR|Rattata focus endeavor
|j|Hell Rayquaza1
|c| Alisterlee|come on
|c| Weavslosion|Yeah Lord Alpha Karp! FTW
|c| gui127|cosmog Splash
|choice|switch 6|move scald
|
|switch|p1a: Blastoise|Blastoise, M|362\/362
|move|p2a: Sebastian|Scald|p1a: Blastoise
|-resisted|p1a: Blastoise
|-damage|p1a: Blastoise|320\/362
|
|-heal|p1a: Blastoise|342\/362|[from] item: Leftovers
|upkeep
|turn|6
|c| MiniMytch|PND* Arceus
|choice|move toxic|move stealthrock
|
|move|p1a: Blastoise|Toxic|p2a: Sebastian
|-status|p2a: Sebastian|tox
|move|p2a: Sebastian|Stealth Rock|p1a: Blastoise
|-sidestart|p1: Egyptianmego5|move: Stealth Rock
|
|-heal|p1a: Blastoise|362\/362|[from] item: Leftovers
|-damage|p2a: Sebastian|389\/414 tox|[from] psn
|upkeep
|turn|7
|j|HackerKillerLadder
|choice|move rapidspin|move toxic
|
|move|p1a: Blastoise|Rapid Spin|p2a: Sebastian
|-damage|p2a: Sebastian|379\/414 tox
|-sideend|p1: Egyptianmego5|Stealth Rock|[from] move: Rapid Spin|[of] p1a: Blastoise
|move|p2a: Sebastian|Toxic|p1a: Blastoise
|-status|p1a: Blastoise|tox
|
|-heal|p2a: Sebastian|404\/414 tox|[from] item: Leftovers
|-damage|p1a: Blastoise|340\/362 tox|[from] psn
|-damage|p2a: Sebastian|354\/414 tox|[from] psn
|upkeep
|turn|8
|j|JokerNS
|j|bruderjonas
|c|★Egyptianmego5|really
|choice|move refresh|move stealthrock
|
|move|p1a: Blastoise|Refresh|p1a: Blastoise
|-curestatus|p1a: Blastoise|tox|[msg]
|move|p2a: Sebastian|Stealth Rock|p1a: Blastoise
|-sidestart|p1: Egyptianmego5|move: Stealth Rock
|
|-heal|p1a: Blastoise|362\/362|[from] item: Leftovers
|-heal|p2a: Sebastian|379\/414 tox|[from] item: Leftovers
|-damage|p2a: Sebastian|304\/414 tox|[from] psn
|upkeep
|turn|9
|c| 123w5|hey egyptionmego5
|c| 123w5|that was...
|l|good dogg
|choice|move rapidspin|switch 6
|
|switch|p2a: Maggie|Magneton, shiny|241\/241
|-damage|p2a: Maggie|226\/241|[from] Stealth Rock
|move|p1a: Blastoise|Rapid Spin|p2a: Maggie
|-resisted|p2a: Maggie
|-damage|p2a: Maggie|220\/241
|-sideend|p1: Egyptianmego5|Stealth Rock|[from] move: Rapid Spin|[of] p1a: Blastoise
|
|upkeep
|turn|10
|c| 123w5|seismi-toadally a good move
|c| 123w5|amirite?
|c| carios00|DEWOTT
|c|★Egyptianmego5|im going to cry
|j|Raminder
|c|★Egyptianmego5|please stop
|j|serbnerd
|l|marthaa
|c| 123w5|you just can't help being magnetized to my puns, right?
|j|HaqM123
|choice|switch 6|move flashcannon
|
|switch|p1a: Rhyperior|Rhyperior, M|385\/434
|move|p2a: Maggie|Flash Cannon|p1a: Rhyperior
|-supereffective|p1a: Rhyperior
|-damage|p1a: Rhyperior|0 fnt
|faint|p1a: Rhyperior
|
|upkeep
|l|DougSwellows
|c| 123w5|ooh!
|c| Ras♤Berry Pie ✔|just \/ignore him
|choice|switch 5|
|
|switch|p1a: Delphox|Delphox, M|291\/291
|turn|11
|c| 123w5|sorry.
|l|Raminder
|c| Weavslosion|That was the Seel-it's joke I've ever heard
|j|PokemonCestDur
|choice|move psychic|switch 5
|
|switch|p2a: Felix|Flygon, M|301\/301
|-damage|p2a: Felix|283\/301|[from] Stealth Rock
|move|p1a: Delphox|Psychic|p2a: Felix
|-damage|p2a: Felix|121\/301
|
|upkeep
|turn|12
|c| Weavslosion|amirite
|choice|move psychic|move uturn
|
|move|p1a: Delphox|Psychic|p2a: Felix
|-damage|p2a: Felix|0 fnt
|faint|p2a: Felix
|
|upkeep
|c| 123w5|see, that pun made sense, but true good puns have to have relation to what's going on
|c| HackerKillerLadder|scarf fox?
|c| carios00|*sneezes* AXEW
|c| MiniMytch|Christ almighty those aren't even good puns
|choice||switch 4
|
|switch|p2a: Esperanso|Escavalier, M|220\/343
|-damage|p2a: Esperanso|178\/343|[from] Stealth Rock
|turn|13
|c| HackerKillerLadder|\/me yells carios00
|c| 123w5|they're puns nonetheless
|c| HackerKillerLadder|\/me yells carios00 to stop
|c| carios00|k
|j|IHateYouM8PSL
|c| MiniMytch|Actually, technically they are wordplay
|j|aden12131
|choice|switch 3|move pursuit
|
|-activate|p1a: Delphox|move: Pursuit
|move|p2a: Esperanso|Pursuit|p1a: Delphox|[from]Pursuit
|-supereffective|p1a: Delphox
|-damage|p1a: Delphox|13\/291
|switch|p1a: Sawk|Sawk, M|292\/292
|
|upkeep
|turn|14
|c| 123w5|oh!
|c| HackerKillerLadder|\/me tells shaysro
|c|★Egyptianmego5|ouch
|c| Weavslosion|Yeah... Throh em al out
|c| HackerKillerLadder|\/me tells shaysro he lost
|c|★Egyptianmego5|thanks for pursuit tho
|c| Alisterlee|yeah
|j|ustprover
|c| Weavslosion|amirite
|c|★Egyptianmego5|it
|j|Logicless.bt
|c|★Egyptianmego5|brought me
|c| akshat231010|set modchat
|c|★Egyptianmego5|to blaze range
|c| carios00|its time to stop
|c| Ras♤Berry Pie ✔|enable modchat i think
|c| SamSpark★♥★|Bulk up
|c| 123w5|you tried to esca(valier)pe there
|c| HackerKillerLadder|plss no fren
|c| 123w5|get it?
|c| aden12131|wow we're cancer
|choice|move earthquake|move ironhead
|
|move|p1a: Sawk|Earthquake|p2a: Esperanso
|-damage|p2a: Esperanso|7\/343
|move|p2a: Esperanso|Iron Head|p1a: Sawk
|-damage|p1a: Sawk|96\/292
|
|upkeep
|turn|15
|c| HackerKillerLadder|double rotom
|choice|move earthquake|switch 6
|
|switch|p2a: Sebastian|Seismitoad, M|304\/414 tox
|-damage|p2a: Sebastian|279\/414 tox|[from] Stealth Rock
|move|p1a: Sawk|Earthquake|p2a: Sebastian
|-damage|p2a: Sebastian|127\/414 tox
|
|-heal|p2a: Sebastian|152\/414 tox|[from] item: Leftovers
|-damage|p2a: Sebastian|127\/414 tox|[from] psn
|upkeep
|turn|16
|l|HaqM123
|choice|move earthquake|move stealthrock
|
|move|p1a: Sawk|Earthquake|p2a: Sebastian
|-damage|p2a: Sebastian|0 fnt
|faint|p2a: Sebastian
|
|upkeep
|c| carios00|we're wrose than cancer
|c|★Egyptianmego5|dead dead dead
|c| MiniMytch|It's only really 123w5 and Weavslosion
|choice||switch 3
|
|switch|p2a: Rexy|Granbull, M|333\/383
|-damage|p2a: Rexy|286\/383|[from] Stealth Rock
|-ability|p2a: Rexy|Intimidate|boost
|-unboost|p1a: Sawk|atk|1
|turn|17
|j|Roseybear
|choice|move earthquake|move earthquake
|
|move|p1a: Sawk|Earthquake|p2a: Rexy
|-crit|p2a: Rexy
|-damage|p2a: Rexy|51\/383
|move|p2a: Rexy|Earthquake|p1a: Sawk
|-damage|p1a: Sawk|0 fnt
|faint|p1a: Sawk
|
|upkeep
|c| 123w5|i must out-pun my opponent
|choice|switch 4|
|
|switch|p1a: Rotom|Rotom-Mow|241\/241
|turn|18
|c| 123w5|hm...
|c| 123w5|hey shaysro
|choice|move voltswitch|move playrough
|
|move|p1a: Rotom|Volt Switch|p2a: Rexy
|-crit|p2a: Rexy
|-damage|p2a: Rexy|0 fnt
|faint|p2a: Rexy
|c| carios00|...
|c| MiniMytch|Maybe you should both shut up
|c| 123w5|don't you have any... shay-me?
|c| aden12131|or you could not make puns
|c| Ras♤Berry Pie ✔|hax
|c| Ras♤Berry Pie ✔|double critic
|choice|switch 2|
|
|switch|p1a: Drapion|Drapion, M|282\/282
|
|upkeep
|c|@Quote|\/log 123w5 was muted by Quote for 7 minutes.
|unlink|123w5
|c| HackerKillerLadder|\/\/dt Shaymin?
|c|★Egyptianmego5|neither mattered
|c| HackerKillerLadder|or !
|choice||switch 5
|
|switch|p2a: Maggie|Magneton, shiny|220\/241
|-damage|p2a: Maggie|205\/241|[from] Stealth Rock
|turn|19
|c|★Egyptianmego5|lmao quote
|choice|move knockoff|move thunderbolt
|
|move|p1a: Drapion|Knock Off|p2a: Maggie
|-damage|p2a: Maggie|57\/241
|-enditem|p2a: Maggie|Choice Specs|[from] move: Knock Off|[of] p1a: Drapion
|move|p2a: Maggie|Thunderbolt|p1a: Drapion
|-damage|p1a: Drapion|53\/282
|
|upkeep
|turn|20
|c| carios00|wynaut use that glalie
|c| Alisterlee|come on
|choice|move knockoff|switch 6
|
|switch|p2a: Esperanso|Escavalier, M|7\/343
|-damage|p2a: Esperanso|0 fnt|[from] Stealth Rock
|faint|p2a: Esperanso
|move|p1a: Drapion|Knock Off|p2: Esperanso|[notarget]
|-notarget
|
|upkeep
|choice||switch 2
|
|switch|p2a: Gladwin|Glalie, M, shiny|301\/301
|-damage|p2a: Gladwin|226\/301|[from] Stealth Rock
|turn|21
|j|gabriel gomezz
|choice|move poisonjab|move iceshard mega
|
|detailschange|p2a: Gladwin|Glalie-Mega, M, shiny
|-mega|p2a: Gladwin|Glalie|Glalitite
|move|p2a: Gladwin|Ice Shard|p1a: Drapion
|-damage|p1a: Drapion|0 fnt
|faint|p1a: Drapion
|
|upkeep
|choice|switch 6|
|
|switch|p1a: Blastoise|Blastoise, M|362\/362
|turn|22
|choice|move scald|move freezedry
|
|move|p2a: Gladwin|Freeze-Dry|p1a: Blastoise
|-supereffective|p1a: Blastoise
|-damage|p1a: Blastoise|174\/362
|move|p1a: Blastoise|Scald|p2a: Gladwin
|-crit|p2a: Gladwin
|-damage|p2a: Gladwin|79\/301
|
|-heal|p1a: Blastoise|196\/362|[from] item: Leftovers
|upkeep
|turn|23
|c|★Egyptianmego5|please burn o3o
|c| Weavslosion|Those were all Absol-utly awful jokes
|choice|move scald|move freezedry
|
|move|p2a: Gladwin|Freeze-Dry|p1a: Blastoise
|-supereffective|p1a: Blastoise
|-damage|p1a: Blastoise|8\/362
|move|p1a: Blastoise|Scald|p2a: Gladwin
|-damage|p2a: Gladwin|0 fnt
|faint|p2a: Gladwin
|
|-heal|p1a: Blastoise|30\/362|[from] item: Leftovers
|upkeep
|choice||switch 6
|
|switch|p2a: Maggie|Magneton, shiny|57\/241
|-damage|p2a: Maggie|42\/241|[from] Stealth Rock
|turn|24
|c|★shaysro|gg
|c|★Egyptianmego5|crit didnt matter
|j|DougSwellows
|c| aden12131|just like yours
|c|★Egyptianmego5|torrent did
|c| aden12131|stop
|c| bjgococo|that crit...
|c|★Egyptianmego5|gwp
|c| akshat231010|i can not see a wynut
|c| aden12131|gg
|j|SoreyRay
|choice|move scald|move thunderbolt
|
|move|p2a: Maggie|Thunderbolt|p1a: Blastoise
|-supereffective|p1a: Blastoise
|-damage|p1a: Blastoise|0 fnt
|faint|p1a: Blastoise
|
|upkeep
|choice|switch 2|
|
|switch|p1a: Rotom|Rotom-Mow|241\/241
|turn|25
|choice|move thunderbolt|move flashcannon
|
|move|p2a: Maggie|Flash Cannon|p1a: Rotom
|-resisted|p1a: Rotom
|-damage|p1a: Rotom|175\/241
|move|p1a: Rotom|Thunderbolt|p2a: Maggie
|-resisted|p2a: Maggie
|-damage|p2a: Maggie|0 fnt
|faint|p2a: Maggie
|
|win|Egyptianmego5
|player|p1
|player|p2
|l|shaysro
|c| MiniMytch|gg
|l|DougSwellows
|l|Ras♤Berry Pie ✔
|c| bjgococo|gg
|l|SamSpark★♥★
|l|Egyptianmego5</script>
</div>
<div class="battle-log battle-log-inline"><div class="inner"><div class="battle-options"></div><div class="inner"><div class="chat"><small>Egyptianmego5 joined.</small></div><div class="chat"><small>shaysro joined.</small></div><div class=""><small>Format:</small> <br><strong>RU</strong></div><div class=""><small><em>Sleep Clause Mod:</em> Limit one foe put to sleep</small></div><div class=""><small><em>Species Clause:</em> Limit one of each Pokémon</small></div><div class=""><small><em>OHKO Clause:</em> OHKO moves are banned</small></div><div class=""><small><em>Moody Clause:</em> Moody is banned</small></div><div class=""><small><em>Evasion Moves Clause:</em> Evasion moves are banned</small></div><div class=""><small><em>Endless Battle Clause:</em> Forcing endless battles is banned</small></div><div class=""><small><em>HP Percentage Mod:</em> HP is shown in percentages</small></div><div class=""><small><em>Swagger Clause:</em> Swagger is banned</small></div><div class=""><small><em>Baton Pass Clause:</em> Limit one Baton Passer, can't pass Spe and other stats simultaneously</small></div><div class="chat battle-history"><strong>Egyptianmego5's team:</strong> <em style="color:#445566;display:block;">Sawk / Drapion / Rhyperior / Rotom-Mow / Delphox / Blastoise</em></div><div class="chat battle-history"><strong>shaysro's team:</strong> <em style="color:#445566;display:block;">Glalie / Seismitoad / Escavalier / Granbull / Flygon / Magneton</em></div><div class="chat"><small>Stats Bot joined.</small></div><div class="chat"><small>SlyolDFS joined.</small></div><div class="chat"><small>Stats Bot left.</small></div><div class="chat"><small>utfgghjyj joined.</small></div><div class="chat"><small>DrakeGamerGG joined.</small></div><div class="chat"><small>Crownfool joined.</small></div><div class="chat"><small>Wailingミ☆Wailord joined.</small></div><div class="chat"><small>mikko1 joined.</small></div><div class="chat"><small>Miguel444555SR joined.</small></div><div class="chat"><small>RedFlo joined.</small></div><div class="chat chatmessage-shaysro"><strong style="color:hsl(137,73%,33%)"><small>★</small><span class="username" data-name="shaysro">shaysro</span>:</strong> <em>gl hf</em></div><div class="chat"><small>carios00 joined.</small></div><div class="chat"><small>AmineFifty joined.</small></div><div class="chat chatmessage-egyptianmego5"><strong style="color:hsl(197,73%,37.30992902744528%)"><small>★</small><span class="username" data-name="Egyptianmego5">Egyptianmego5</span>:</strong> <em>glhf</em></div><div class="chat"><small>Zelta-Beer joined.</small></div><div class="chat"><small>gui127 joined.</small></div><div class="chat"><small>Jbomb676 joined.</small></div><div class="chat"><small>Ras♤Berry Pie ✔ joined.</small></div><div class="chat"><small>AlexAkSD joined.</small></div><div class="chat"><small>Weavslosion joined.</small></div><div class="chat"><small>MiniMytch joined.</small></div><div class="chat"><small>CHNB-Resume joined.</small></div><div class="chat"><small>SamSpark★♥★ joined.</small></div><div class="chat chatmessage-minimytch"><strong style="color:hsl(306,53%,49.33482592259341%)"><small> </small><span class="username" data-name="MiniMytch">MiniMytch</span>:</strong> <em>gl guys</em></div><div class="chat"><small>bjgococo joined.</small></div><div class="chat chatmessage-carios00"><strong style="color:hsl(168,84%,32%)"><small> </small><span class="username" data-name="carios00">carios00</span>:</strong> <em>gl</em></div><div class="chat"><small>GhostGhetsis joined.</small></div><div class="chat chatmessage-miguel444555sr"><strong style="color:hsl(146,88%,34%)"><small> </small><span class="username" data-name="Miguel444555SR">Miguel444555SR</span>:</strong> <em>gl</em></div><div class="chat"><small>DougSwellows joined.</small></div><div class="spacer battle-history"><br></div><div class="battle-history">Battle started between Egyptianmego5 and shaysro!<br></div><div class="spacer battle-history"><br></div><div class="battle-history">Go! Rotom (<strong>Rotom-Mow</strong>)!<br></div><div class="spacer battle-history"><br></div><div class="battle-history">shaysro sent out Sebastian (<strong>Seismitoad</strong>)!<br></div><div class="spacer battle-history"><br></div><h2 class="battle-history">Turn 1</h2><div class="chat chatmessage-weavslosion"><strong style="color:hsl(298,50%,45.90831697777779%)"><small> </small><span class="username" data-name="Weavslosion">Weavslosion</span>:</strong> <em>Hello</em></div><div class="chat chatmessage-carios00"><strong style="color:hsl(168,84%,32%)"><small> </small><span class="username" data-name="carios00">carios00</span>:</strong> <em>in the name of lord arceus</em></div><div class="chat"><small>123w5 joined.</small></div><div class="spacer battle-history"><br></div><div class="battle-history">shaysro withdrew Sebastian!<br></div><div class="battle-history">shaysro sent out Esperanso (<strong>Escavalier</strong>)!<br></div><div class="spacer battle-history"><br></div><div class="battle-history">Rotom used <strong>Volt Switch</strong>!<br></div><div class="battle-history"><small>(The opposing Esperanso lost <abbr title="−123/343">35.9%</abbr> of its health!)</small><br></div><div class="chat chatmessage-123w5"><strong style="color:hsl(209,70%,46.88156020290834%)"><small> </small><span class="username" data-name="123w5">123w5</span>:</strong> <em>go egyptianmego5</em></div><div class="chat chatmessage-123w5"><strong style="color:hsl(209,70%,46.88156020290834%)"><small> </small><span class="username" data-name="123w5">123w5</span>:</strong> <em>mow him down</em></div><div class="chat chatmessage-123w5"><strong style="color:hsl(209,70%,46.88156020290834%)"><small> </small><span class="username" data-name="123w5">123w5</span>:</strong> <em>amirite</em></div><div class="chat"><small>marthaa joined.</small></div><div class="spacer battle-history"><br></div><div class="battle-history">Rotom went back to Egyptianmego5!<br></div><div class="battle-history">Go! <strong>Sawk</strong>!<br></div><div class="spacer battle-history"><br></div><h2 class="battle-history">Turn 2</h2><div class="chat chatmessage-egyptianmego5"><strong style="color:hsl(197,73%,37.30992902744528%)"><small>★</small><span class="username" data-name="Egyptianmego5">Egyptianmego5</span>:</strong> <em>lol</em></div><div class="spacer battle-history"><br></div><div class="battle-history">shaysro withdrew Esperanso!<br></div><div class="battle-history">shaysro sent out Rexy (<strong>Granbull</strong>)!<br></div><div class="battle-history"><small>[The opposing Rexy's Intimidate]</small><br></div><div class="battle-history"><small>Sawk's Attack fell!</small><br></div><div class="spacer battle-history"><br></div><div class="battle-history">Sawk used <strong>Knock Off</strong>!<br></div><div class="battle-history"><small>It's not very effective...</small><br></div><div class="battle-history"><small>(The opposing Rexy lost <abbr title="−50/383">13.1%</abbr> of its health!)</small><br></div><div class="battle-history"><small>Sawk knocked off the opposing Rexy's Leftovers!</small><br></div><div class="spacer battle-history"><br></div><h2 class="battle-history">Turn 3</h2><div class="chat chatmessage-weavslosion"><strong style="color:hsl(298,50%,45.90831697777779%)"><small> </small><span class="username" data-name="Weavslosion">Weavslosion</span>:</strong> <em>Arceus is no god the unown are</em></div><div class="chat"><small>akshat231010 joined.</small></div><div class="chat"><small>Edd-DoDo joined.</small></div><div class="chat chatmessage-minimytch"><strong style="color:hsl(306,53%,49.33482592259341%)"><small> </small><span class="username" data-name="MiniMytch">MiniMytch</span>:</strong> <em>Dunsparce is the real god</em></div><div class="chat chatmessage-carios00"><strong style="color:hsl(168,84%,32%)"><small> </small><span class="username" data-name="carios00">carios00</span>:</strong> <em>or maybe is bidoof the god</em></div><div class="chat"><small>Wailingミ☆Wailord left.</small></div><div class="chat"><small>Edd-DoDo left.</small></div><div class="chat chatmessage-miguel444555sr"><strong style="color:hsl(146,88%,34%)"><small> </small><span class="username" data-name="Miguel444555SR">Miguel444555SR</span>:</strong> <em>magikarp</em></div><div class="chat chatmessage-123w5"><strong style="color:hsl(209,70%,46.88156020290834%)"><small> </small><span class="username" data-name="123w5">123w5</span>:</strong> <em>dunsparce glare serene grace headbutt.</em></div><div class="spacer battle-history"><br></div><div class="battle-history">Sawk, come back!<br></div><div class="battle-history">Go! <strong>Rhyperior</strong>!<br></div><div class="spacer battle-history"><br></div><div class="battle-history">The opposing Rexy used <strong>Play Rough</strong>!<br></div><div class="battle-history"><small>(Rhyperior lost <abbr title="−103/434">23.7%</abbr> of its health!)</small><br></div><div class="spacer battle-history"><br></div><div class="battle-history"><small>Rhyperior restored a little HP using its Leftovers!</small><br></div><div class="spacer battle-history"><br></div><h2 class="battle-history">Turn 4</h2><div class="chat chatmessage-miguel444555sr"><strong style="color:hsl(146,88%,34%)"><small> </small><span class="username" data-name="Miguel444555SR">Miguel444555SR</span>:</strong> <em>Magikarp Splash</em></div><div class="spacer battle-history"><br></div><div class="battle-history">shaysro withdrew Rexy!<br></div><div class="battle-history">shaysro sent out Sebastian (<strong>Seismitoad</strong>)!<br></div><div class="spacer battle-history"><br></div><div class="battle-history">Rhyperior used <strong>Stealth Rock</strong>!<br></div><div class="battle-history"><small>Pointed stones float in the air around the opposing team!</small><br></div><div class="spacer battle-history"><br></div><div class="battle-history"><small>Rhyperior restored a little HP using its Leftovers!</small><br></div><div class="spacer battle-history"><br></div><h2 class="battle-history">Turn 5</h2><div class="chat"><small>Quote joined.</small></div><div class="chat chatmessage-123w5"><strong style="color:hsl(209,70%,46.88156020290834%)"><small> </small><span class="username" data-name="123w5">123w5</span>:</strong> <em>magikarp z-splash</em></div><div class="chat chatmessage-123w5"><strong style="color:hsl(209,70%,46.88156020290834%)"><small> </small><span class="username" data-name="123w5">123w5</span>:</strong> <em>best move evah</em></div><div class="chat"><small>Alisterlee joined.</small></div><div class="chat"><small>good dogg joined.</small></div><div class="chat chatmessage-minimytch"><strong style="color:hsl(306,53%,49.33482592259341%)"><small> </small><span class="username" data-name="MiniMytch">MiniMytch</span>:</strong> <em>Dunsparce is an anagram for DPN Arceus</em></div><div class="chat chatmessage-miguel444555sr"><strong style="color:hsl(146,88%,34%)"><small> </small><span class="username" data-name="Miguel444555SR">Miguel444555SR</span>:</strong> <em>Rattata focus endeavor</em></div><div class="chat"><small>Hell Rayquaza1 joined.</small></div><div class="chat chatmessage-alisterlee"><strong style="color:hsl(21,66%,45.98233398280852%)"><small> </small><span class="username" data-name="Alisterlee">Alisterlee</span>:</strong> <em>come on</em></div><div class="chat chatmessage-weavslosion"><strong style="color:hsl(298,50%,45.90831697777779%)"><small> </small><span class="username" data-name="Weavslosion">Weavslosion</span>:</strong> <em>Yeah Lord Alpha Karp! FTW</em></div><div class="chat chatmessage-gui127"><strong style="color:hsl(284,50%,51.17769957542222%)"><small> </small><span class="username" data-name="gui127">gui127</span>:</strong> <em>cosmog Splash</em></div><div class="spacer battle-history"><br></div><div class="battle-history">Rhyperior, come back!<br></div><div class="battle-history">Go! <strong>Blastoise</strong>!<br></div><div class="spacer battle-history"><br></div><div class="battle-history">The opposing Sebastian used <strong>Scald</strong>!<br></div><div class="battle-history"><small>It's not very effective...</small><br></div><div class="battle-history"><small>(Blastoise lost <abbr title="−42/362">11.6%</abbr> of its health!)</small><br></div><div class="spacer battle-history"><br></div><div class="battle-history"><small>Blastoise restored a little HP using its Leftovers!</small><br></div><div class="spacer battle-history"><br></div><h2 class="battle-history">Turn 6</h2><div class="chat chatmessage-minimytch"><strong style="color:hsl(306,53%,49.33482592259341%)"><small> </small><span class="username" data-name="MiniMytch">MiniMytch</span>:</strong> <em>PND* Arceus</em></div><div class="spacer battle-history"><br></div><div class="battle-history">Blastoise used <strong>Toxic</strong>!<br></div><div class="battle-history"><small>The opposing Sebastian was badly poisoned!</small><br></div><div class="spacer battle-history"><br></div><div class="battle-history">The opposing Sebastian used <strong>Stealth Rock</strong>!<br></div><div class="battle-history"><small>Pointed stones float in the air around your team!</small><br></div><div class="spacer battle-history"><br></div><div class="battle-history"><small>Blastoise restored a little HP using its Leftovers!</small><br></div><div class="battle-history"><small>The opposing Sebastian was hurt by poison!</small><br></div><div class="spacer battle-history"><br></div><h2 class="battle-history">Turn 7</h2><div class="chat"><small>HackerKillerLadder joined.</small></div><div class="spacer battle-history"><br></div><div class="battle-history">Blastoise used <strong>Rapid Spin</strong>!<br></div><div class="battle-history"><small>(The opposing Sebastian lost <abbr title="−10/414">2.4%</abbr> of its health!)</small><br></div><div class="battle-history"><small>The pointed stones disappeared from around your team!</small><br></div><div class="spacer battle-history"><br></div><div class="battle-history">The opposing Sebastian used <strong>Toxic</strong>!<br></div><div class="battle-history"><small>Blastoise was badly poisoned!</small><br></div><div class="spacer battle-history"><br></div><div class="battle-history"><small>The opposing Sebastian restored a little HP using its Leftovers!</small><br></div><div class="battle-history"><small>Blastoise was hurt by poison!</small><br></div><div class="battle-history"><small>The opposing Sebastian was hurt by poison!</small><br></div><div class="spacer battle-history"><br></div><h2 class="battle-history">Turn 8</h2><div class="chat"><small>JokerNS joined.</small></div><div class="chat"><small>bruderjonas joined.</small></div><div class="chat chatmessage-egyptianmego5"><strong style="color:hsl(197,73%,37.30992902744528%)"><small>★</small><span class="username" data-name="Egyptianmego5">Egyptianmego5</span>:</strong> <em>really</em></div><div class="spacer battle-history"><br></div><div class="battle-history">Blastoise used <strong>Refresh</strong>!<br></div><div class="battle-history"><small>Blastoise was cured of its poisoning.</small><br></div><div class="spacer battle-history"><br></div><div class="battle-history">The opposing Sebastian used <strong>Stealth Rock</strong>!<br></div><div class="battle-history"><small>Pointed stones float in the air around your team!</small><br></div><div class="spacer battle-history"><br></div><div class="battle-history"><small>Blastoise restored a little HP using its Leftovers!</small><br></div><div class="battle-history"><small>The opposing Sebastian restored a little HP using its Leftovers!</small><br></div><div class="battle-history"><small>The opposing Sebastian was hurt by poison!</small><br></div><div class="spacer battle-history"><br></div><h2 class="battle-history">Turn 9</h2><div class="chat chatmessage-123w5"><strong style="color:hsl(209,70%,46.88156020290834%)"><small> </small><span class="username" data-name="123w5">123w5</span>:</strong> <em>hey egyptionmego5</em></div><div class="chat chatmessage-123w5"><strong style="color:hsl(209,70%,46.88156020290834%)"><small> </small><span class="username" data-name="123w5">123w5</span>:</strong> <em>that was...</em></div><div class="chat"><small>good dogg left.</small></div><div class="spacer battle-history"><br></div><div class="battle-history">shaysro withdrew Sebastian!<br></div><div class="battle-history">shaysro sent out Maggie (<strong>Magneton</strong>)!<br></div><div class="battle-history"><small>Pointed stones dug into the opposing Maggie!</small><br></div><div class="spacer battle-history"><br></div><div class="battle-history">Blastoise used <strong>Rapid Spin</strong>!<br></div><div class="battle-history"><small>It's not very effective...</small><br></div><div class="battle-history"><small>(The opposing Maggie lost <abbr title="−6/241">2.5%</abbr> of its health!)</small><br></div><div class="battle-history"><small>The pointed stones disappeared from around your team!</small><br></div><div class="spacer battle-history"><br></div><h2 class="battle-history">Turn 10</h2><div class="chat chatmessage-123w5"><strong style="color:hsl(209,70%,46.88156020290834%)"><small> </small><span class="username" data-name="123w5">123w5</span>:</strong> <em>seismi-toadally a good move</em></div><div class="chat chatmessage-123w5"><strong style="color:hsl(209,70%,46.88156020290834%)"><small> </small><span class="username" data-name="123w5">123w5</span>:</strong> <em>amirite?</em></div><div class="chat chatmessage-carios00"><strong style="color:hsl(168,84%,32%)"><small> </small><span class="username" data-name="carios00">carios00</span>:</strong> <em>DEWOTT</em></div><div class="chat chatmessage-egyptianmego5"><strong style="color:hsl(197,73%,37.30992902744528%)"><small>★</small><span class="username" data-name="Egyptianmego5">Egyptianmego5</span>:</strong> <em>im going to cry</em></div><div class="chat"><small>Raminder joined.</small></div><div class="chat chatmessage-egyptianmego5"><strong style="color:hsl(197,73%,37.30992902744528%)"><small>★</small><span class="username" data-name="Egyptianmego5">Egyptianmego5</span>:</strong> <em>please stop</em></div><div class="chat"><small>serbnerd joined.</small></div><div class="chat"><small>marthaa left.</small></div><div class="chat chatmessage-123w5"><strong style="color:hsl(209,70%,46.88156020290834%)"><small> </small><span class="username" data-name="123w5">123w5</span>:</strong> <em>you just can't help being magnetized to my puns, right?</em></div><div class="chat"><small>HaqM123 joined.</small></div><div class="spacer battle-history"><br></div><div class="battle-history">Blastoise, come back!<br></div><div class="battle-history">Go! <strong>Rhyperior</strong>!<br></div><div class="spacer battle-history"><br></div><div class="battle-history">The opposing Maggie used <strong>Flash Cannon</strong>!<br></div><div class="battle-history"><small>It's super effective!</small><br></div><div class="battle-history"><small>(Rhyperior lost <abbr title="−385/434">88.7%</abbr> of its health!)</small><br></div><div class="spacer battle-history"><br></div><div class="battle-history">Rhyperior fainted!<br></div><div class="chat"><small>DougSwellows left.</small></div><div class="chat chatmessage-123w5"><strong style="color:hsl(209,70%,46.88156020290834%)"><small> </small><span class="username" data-name="123w5">123w5</span>:</strong> <em>ooh!</em></div><div class="chat chatmessage-rasberrypie"><strong style="color:hsl(357,82%,43.480144312574254%)"><small> </small><span class="username" data-name="Ras♤Berry Pie ✔">Ras♤Berry Pie ✔</span>:</strong> <em>just /ignore him</em></div><div class="spacer battle-history"><br></div><div class="battle-history">Go! <strong>Delphox</strong>!<br></div><div class="spacer battle-history"><br></div><h2 class="battle-history">Turn 11</h2><div class="chat chatmessage-123w5"><strong style="color:hsl(209,70%,46.88156020290834%)"><small> </small><span class="username" data-name="123w5">123w5</span>:</strong> <em>sorry.</em></div><div class="chat"><small>Raminder left.</small></div><div class="chat chatmessage-weavslosion"><strong style="color:hsl(298,50%,45.90831697777779%)"><small> </small><span class="username" data-name="Weavslosion">Weavslosion</span>:</strong> <em>That was the Seel-it's joke I've ever heard</em></div><div class="chat"><small>PokemonCestDur joined.</small></div><div class="spacer battle-history"><br></div><div class="battle-history">shaysro withdrew Maggie!<br></div><div class="battle-history">shaysro sent out Felix (<strong>Flygon</strong>)!<br></div><div class="battle-history"><small>Pointed stones dug into the opposing Felix!</small><br></div><div class="spacer battle-history"><br></div><div class="battle-history">Delphox used <strong>Psychic</strong>!<br></div><div class="battle-history"><small>(The opposing Felix lost <abbr title="−162/301">53.8%</abbr> of its health!)</small><br></div><div class="spacer battle-history"><br></div><h2 class="battle-history">Turn 12</h2><div class="chat chatmessage-weavslosion"><strong style="color:hsl(298,50%,45.90831697777779%)"><small> </small><span class="username" data-name="Weavslosion">Weavslosion</span>:</strong> <em>amirite</em></div><div class="spacer battle-history"><br></div><div class="battle-history">Delphox used <strong>Psychic</strong>!<br></div><div class="battle-history"><small>(The opposing Felix lost <abbr title="−121/301">40.2%</abbr> of its health!)</small><br></div><div class="spacer battle-history"><br></div><div class="battle-history">The opposing Felix fainted!<br></div><div class="chat chatmessage-123w5"><strong style="color:hsl(209,70%,46.88156020290834%)"><small> </small><span class="username" data-name="123w5">123w5</span>:</strong> <em>see, that pun made sense, but true good puns have to have relation to what's going on</em></div><div class="chat chatmessage-hackerkillerladder"><strong style="color:hsl(8,48%,50.019318416110806%)"><small> </small><span class="username" data-name="HackerKillerLadder">HackerKillerLadder</span>:</strong> <em>scarf fox?</em></div><div class="chat chatmessage-carios00"><strong style="color:hsl(168,84%,32%)"><small> </small><span class="username" data-name="carios00">carios00</span>:</strong> <em>*sneezes* AXEW</em></div><div class="chat chatmessage-minimytch"><strong style="color:hsl(306,53%,49.33482592259341%)"><small> </small><span class="username" data-name="MiniMytch">MiniMytch</span>:</strong> <em>Christ almighty those aren't even good puns</em></div><div class="spacer battle-history"><br></div><div class="battle-history">shaysro sent out Esperanso (<strong>Escavalier</strong>)!<br></div><div class="battle-history"><small>Pointed stones dug into the opposing Esperanso!</small><br></div><div class="spacer battle-history"><br></div><h2 class="battle-history">Turn 13</h2><div class="chat chatmessage-hackerkillerladder"><em><i><strong style="color:hsl(8,48%,50.019318416110806%)">• <small> </small><span class="username" data-name="HackerKillerLadder">HackerKillerLadder</span></strong> yells carios00</i></em></div><div class="chat chatmessage-123w5"><strong style="color:hsl(209,70%,46.88156020290834%)"><small> </small><span class="username" data-name="123w5">123w5</span>:</strong> <em>they're puns nonetheless</em></div><div class="chat chatmessage-hackerkillerladder"><em><i><strong style="color:hsl(8,48%,50.019318416110806%)">• <small> </small><span class="username" data-name="HackerKillerLadder">HackerKillerLadder</span></strong> yells carios00 to stop</i></em></div><div class="chat chatmessage-carios00"><strong style="color:hsl(168,84%,32%)"><small> </small><span class="username" data-name="carios00">carios00</span>:</strong> <em>k</em></div><div class="chat"><small>IHateYouM8PSL joined.</small></div><div class="chat chatmessage-minimytch"><strong style="color:hsl(306,53%,49.33482592259341%)"><small> </small><span class="username" data-name="MiniMytch">MiniMytch</span>:</strong> <em>Actually, technically they are wordplay</em></div><div class="chat"><small>aden12131 joined.</small></div><div class="spacer battle-history"><br></div><div class="battle-history"><small>(Delphox is being withdrawn...)</small><br></div><div class="spacer battle-history"><br></div><div class="battle-history">The opposing Esperanso used <strong>Pursuit</strong>!<br></div><div class="battle-history"><small>It's super effective!</small><br></div><div class="battle-history"><small>(Delphox lost <abbr title="−278/291">95.5%</abbr> of its health!)</small><br></div><div class="spacer battle-history"><br></div><div class="battle-history">Delphox, come back!<br></div><div class="battle-history">Go! <strong>Sawk</strong>!<br></div><div class="spacer battle-history"><br></div><h2 class="battle-history">Turn 14</h2><div class="chat chatmessage-123w5"><strong style="color:hsl(209,70%,46.88156020290834%)"><small> </small><span class="username" data-name="123w5">123w5</span>:</strong> <em>oh!</em></div><div class="chat chatmessage-hackerkillerladder"><em><i><strong style="color:hsl(8,48%,50.019318416110806%)">• <small> </small><span class="username" data-name="HackerKillerLadder">HackerKillerLadder</span></strong> tells shaysro</i></em></div><div class="chat chatmessage-egyptianmego5"><strong style="color:hsl(197,73%,37.30992902744528%)"><small>★</small><span class="username" data-name="Egyptianmego5">Egyptianmego5</span>:</strong> <em>ouch</em></div><div class="chat chatmessage-weavslosion"><strong style="color:hsl(298,50%,45.90831697777779%)"><small> </small><span class="username" data-name="Weavslosion">Weavslosion</span>:</strong> <em>Yeah... Throh em al out</em></div><div class="chat chatmessage-hackerkillerladder"><em><i><strong style="color:hsl(8,48%,50.019318416110806%)">• <small> </small><span class="username" data-name="HackerKillerLadder">HackerKillerLadder</span></strong> tells shaysro he lost</i></em></div><div class="chat chatmessage-egyptianmego5"><strong style="color:hsl(197,73%,37.30992902744528%)"><small>★</small><span class="username" data-name="Egyptianmego5">Egyptianmego5</span>:</strong> <em>thanks for pursuit tho</em></div><div class="chat chatmessage-alisterlee"><strong style="color:hsl(21,66%,45.98233398280852%)"><small> </small><span class="username" data-name="Alisterlee">Alisterlee</span>:</strong> <em>yeah</em></div><div class="chat"><small>ustprover joined.</small></div><div class="chat chatmessage-weavslosion"><strong style="color:hsl(298,50%,45.90831697777779%)"><small> </small><span class="username" data-name="Weavslosion">Weavslosion</span>:</strong> <em>amirite</em></div><div class="chat chatmessage-egyptianmego5"><strong style="color:hsl(197,73%,37.30992902744528%)"><small>★</small><span class="username" data-name="Egyptianmego5">Egyptianmego5</span>:</strong> <em>it</em></div><div class="chat"><small>Logicless.bt joined.</small></div><div class="chat chatmessage-egyptianmego5"><strong style="color:hsl(197,73%,37.30992902744528%)"><small>★</small><span class="username" data-name="Egyptianmego5">Egyptianmego5</span>:</strong> <em>brought me</em></div><div class="chat chatmessage-akshat231010"><strong style="color:hsl(128,70%,31%)"><small> </small><span class="username" data-name="akshat231010">akshat231010</span>:</strong> <em>set modchat</em></div><div class="chat chatmessage-egyptianmego5"><strong style="color:hsl(197,73%,37.30992902744528%)"><small>★</small><span class="username" data-name="Egyptianmego5">Egyptianmego5</span>:</strong> <em>to blaze range</em></div><div class="chat chatmessage-carios00"><strong style="color:hsl(168,84%,32%)"><small> </small><span class="username" data-name="carios00">carios00</span>:</strong> <em>its time to stop</em></div><div class="chat chatmessage-rasberrypie"><strong style="color:hsl(357,82%,43.480144312574254%)"><small> </small><span class="username" data-name="Ras♤Berry Pie ✔">Ras♤Berry Pie ✔</span>:</strong> <em>enable modchat i think</em></div><div class="chat chatmessage-samspark"><strong style="color:hsl(330,80%,43.812169700000005%)"><small> </small><span class="username" data-name="SamSpark★♥★">SamSpark★♥★</span>:</strong> <em>Bulk up</em></div><div class="chat chatmessage-123w5"><strong style="color:hsl(209,70%,46.88156020290834%)"><small> </small><span class="username" data-name="123w5">123w5</span>:</strong> <em>you tried to esca(valier)pe there</em></div><div class="chat chatmessage-hackerkillerladder"><strong style="color:hsl(8,48%,50.019318416110806%)"><small> </small><span class="username" data-name="HackerKillerLadder">HackerKillerLadder</span>:</strong> <em>plss no fren</em></div><div class="chat chatmessage-123w5"><strong style="color:hsl(209,70%,46.88156020290834%)"><small> </small><span class="username" data-name="123w5">123w5</span>:</strong> <em>get it?</em></div><div class="chat chatmessage-aden12131"><strong style="color:hsl(319,73%,40%)"><small> </small><span class="username" data-name="aden12131">aden12131</span>:</strong> <em>wow we're cancer</em></div><div class="spacer battle-history"><br></div><div class="battle-history">Sawk used <strong>Earthquake</strong>!<br></div><div class="battle-history"><small>(The opposing Esperanso lost <abbr title="−171/343">49.9%</abbr> of its health!)</small><br></div><div class="spacer battle-history"><br></div><div class="battle-history">The opposing Esperanso used <strong>Iron Head</strong>!<br></div><div class="battle-history"><small>(Sawk lost <abbr title="−196/292">67.1%</abbr> of its health!)</small><br></div><div class="spacer battle-history"><br></div><h2 class="battle-history">Turn 15</h2><div class="chat chatmessage-hackerkillerladder"><strong style="color:hsl(8,48%,50.019318416110806%)"><small> </small><span class="username" data-name="HackerKillerLadder">HackerKillerLadder</span>:</strong> <em>double rotom</em></div><div class="spacer battle-history"><br></div><div class="battle-history">shaysro withdrew Esperanso!<br></div><div class="battle-history">shaysro sent out Sebastian (<strong>Seismitoad</strong>)!<br></div><div class="battle-history"><small>Pointed stones dug into the opposing Sebastian!</small><br></div><div class="spacer battle-history"><br></div><div class="battle-history">Sawk used <strong>Earthquake</strong>!<br></div><div class="battle-history"><small>(The opposing Sebastian lost <abbr title="−152/414">36.7%</abbr> of its health!)</small><br></div><div class="spacer battle-history"><br></div><div class="battle-history"><small>The opposing Sebastian restored a little HP using its Leftovers!</small><br></div><div class="battle-history"><small>The opposing Sebastian was hurt by poison!</small><br></div><div class="spacer battle-history"><br></div><h2 class="battle-history">Turn 16</h2><div class="chat"><small>HaqM123 left.</small></div><div class="spacer battle-history"><br></div><div class="battle-history">Sawk used <strong>Earthquake</strong>!<br></div><div class="battle-history"><small>(The opposing Sebastian lost <abbr title="−127/414">30.7%</abbr> of its health!)</small><br></div><div class="spacer battle-history"><br></div><div class="battle-history">The opposing Sebastian fainted!<br></div><div class="chat chatmessage-carios00"><strong style="color:hsl(168,84%,32%)"><small> </small><span class="username" data-name="carios00">carios00</span>:</strong> <em>we're wrose than cancer</em></div><div class="chat chatmessage-egyptianmego5"><strong style="color:hsl(197,73%,37.30992902744528%)"><small>★</small><span class="username" data-name="Egyptianmego5">Egyptianmego5</span>:</strong> <em>dead dead dead</em></div><div class="chat chatmessage-minimytch"><strong style="color:hsl(306,53%,49.33482592259341%)"><small> </small><span class="username" data-name="MiniMytch">MiniMytch</span>:</strong> <em>It's only really 123w5 and Weavslosion</em></div><div class="spacer battle-history"><br></div><div class="battle-history">shaysro sent out Rexy (<strong>Granbull</strong>)!<br></div><div class="battle-history"><small>Pointed stones dug into the opposing Rexy!</small><br></div><div class="battle-history"><small>[The opposing Rexy's Intimidate]</small><br></div><div class="battle-history"><small>Sawk's Attack fell!</small><br></div><div class="spacer battle-history"><br></div><h2 class="battle-history">Turn 17</h2><div class="chat"><small>Roseybear joined.</small></div><div class="spacer battle-history"><br></div><div class="battle-history">Sawk used <strong>Earthquake</strong>!<br></div><div class="battle-history"><small>A critical hit!</small><br></div><div class="battle-history"><small>(The opposing Rexy lost <abbr title="−235/383">61.4%</abbr> of its health!)</small><br></div><div class="spacer battle-history"><br></div><div class="battle-history">The opposing Rexy used <strong>Earthquake</strong>!<br></div><div class="battle-history"><small>(Sawk lost <abbr title="−96/292">32.9%</abbr> of its health!)</small><br></div><div class="spacer battle-history"><br></div><div class="battle-history">Sawk fainted!<br></div><div class="chat chatmessage-123w5"><strong style="color:hsl(209,70%,46.88156020290834%)"><small> </small><span class="username" data-name="123w5">123w5</span>:</strong> <em>i must out-pun my opponent</em></div><div class="spacer battle-history"><br></div><div class="battle-history">Go! Rotom (<strong>Rotom-Mow</strong>)!<br></div><div class="spacer battle-history"><br></div><h2 class="battle-history">Turn 18</h2><div class="chat chatmessage-123w5"><strong style="color:hsl(209,70%,46.88156020290834%)"><small> </small><span class="username" data-name="123w5">123w5</span>:</strong> <em>hm...</em></div><div class="chat chatmessage-123w5"><strong style="color:hsl(209,70%,46.88156020290834%)"><small> </small><span class="username" data-name="123w5">123w5</span>:</strong> <em>hey shaysro</em></div><div class="spacer battle-history"><br></div><div class="battle-history">Rotom used <strong>Volt Switch</strong>!<br></div><div class="battle-history"><small>A critical hit!</small><br></div><div class="battle-history"><small>(The opposing Rexy lost <abbr title="−51/383">13.3%</abbr> of its health!)</small><br></div><div class="spacer battle-history"><br></div><div class="battle-history">The opposing Rexy fainted!<br></div><div class="chat chatmessage-carios00"><strong style="color:hsl(168,84%,32%)"><small> </small><span class="username" data-name="carios00">carios00</span>:</strong> <em>...</em></div><div class="chat chatmessage-minimytch"><strong style="color:hsl(306,53%,49.33482592259341%)"><small> </small><span class="username" data-name="MiniMytch">MiniMytch</span>:</strong> <em>Maybe you should both shut up</em></div><div class="chat chatmessage-123w5"><strong style="color:hsl(209,70%,46.88156020290834%)"><small> </small><span class="username" data-name="123w5">123w5</span>:</strong> <em>don't you have any... shay-me?</em></div><div class="chat chatmessage-aden12131"><strong style="color:hsl(319,73%,40%)"><small> </small><span class="username" data-name="aden12131">aden12131</span>:</strong> <em>or you could not make puns</em></div><div class="chat chatmessage-rasberrypie"><strong style="color:hsl(357,82%,43.480144312574254%)"><small> </small><span class="username" data-name="Ras♤Berry Pie ✔">Ras♤Berry Pie ✔</span>:</strong> <em>hax</em></div><div class="chat chatmessage-rasberrypie"><strong style="color:hsl(357,82%,43.480144312574254%)"><small> </small><span class="username" data-name="Ras♤Berry Pie ✔">Ras♤Berry Pie ✔</span>:</strong> <em>double critic</em></div><div class="spacer battle-history"><br></div><div class="battle-history">Rotom went back to Egyptianmego5!<br></div><div class="battle-history">Go! <strong>Drapion</strong>!<br></div><div class="chat chatmessage-quote"><span class="message-log">123w5 was muted by Quote for 7 minutes.</span></div><div class="chat chatmessage-hackerkillerladder"><strong style="color:hsl(8,48%,50.019318416110806%)"><small> </small><span class="username" data-name="HackerKillerLadder">HackerKillerLadder</span>:</strong> <em>/dt Shaymin?</em></div><div class="chat chatmessage-egyptianmego5"><strong style="color:hsl(197,73%,37.30992902744528%)"><small>★</small><span class="username" data-name="Egyptianmego5">Egyptianmego5</span>:</strong> <em>neither mattered</em></div><div class="chat chatmessage-hackerkillerladder"><strong style="color:hsl(8,48%,50.019318416110806%)"><small> </small><span class="username" data-name="HackerKillerLadder">HackerKillerLadder</span>:</strong> <em>or !</em></div><div class="spacer battle-history"><br></div><div class="battle-history">shaysro sent out Maggie (<strong>Magneton</strong>)!<br></div><div class="battle-history"><small>Pointed stones dug into the opposing Maggie!</small><br></div><div class="spacer battle-history"><br></div><h2 class="battle-history">Turn 19</h2><div class="chat chatmessage-egyptianmego5"><strong style="color:hsl(197,73%,37.30992902744528%)"><small>★</small><span class="username" data-name="Egyptianmego5">Egyptianmego5</span>:</strong> <em>lmao quote</em></div><div class="spacer battle-history"><br></div><div class="battle-history">Drapion used <strong>Knock Off</strong>!<br></div><div class="battle-history"><small>(The opposing Maggie lost <abbr title="−148/241">61.4%</abbr> of its health!)</small><br></div><div class="battle-history"><small>Drapion knocked off the opposing Maggie's Choice Specs!</small><br></div><div class="spacer battle-history"><br></div><div class="battle-history">The opposing Maggie used <strong>Thunderbolt</strong>!<br></div><div class="battle-history"><small>(Drapion lost <abbr title="−229/282">81.2%</abbr> of its health!)</small><br></div><div class="spacer battle-history"><br></div><h2 class="battle-history">Turn 20</h2><div class="chat chatmessage-carios00"><strong style="color:hsl(168,84%,32%)"><small> </small><span class="username" data-name="carios00">carios00</span>:</strong> <em>wynaut use that glalie</em></div><div class="chat chatmessage-alisterlee"><strong style="color:hsl(21,66%,45.98233398280852%)"><small> </small><span class="username" data-name="Alisterlee">Alisterlee</span>:</strong> <em>come on</em></div><div class="spacer battle-history"><br></div><div class="battle-history">shaysro withdrew Maggie!<br></div><div class="battle-history">shaysro sent out Esperanso (<strong>Escavalier</strong>)!<br></div><div class="battle-history"><small>Pointed stones dug into the opposing Esperanso!</small><br></div><div class="spacer battle-history"><br></div><div class="battle-history">The opposing Esperanso fainted!<br></div><div class="battle-history">Drapion used <strong>Knock Off</strong>!<br></div><div class="battle-history"><small>But there was no target...</small><br></div><div class="spacer battle-history"><br></div><div class="battle-history">shaysro sent out Gladwin (<strong>Glalie</strong>)!<br></div><div class="battle-history"><small>Pointed stones dug into the opposing Gladwin!</small><br></div><div class="spacer battle-history"><br></div><h2 class="battle-history">Turn 21</h2><div class="chat"><small>gabriel gomezz joined.</small></div><div class="spacer battle-history"><br></div><div class="battle-history"><small>The opposing Gladwin's Glalitite is reacting to shaysro's Mega Bracelet!</small><br>The opposing Gladwin has Mega Evolved into Mega Glalie!<br></div><div class="spacer battle-history"><br></div><div class="battle-history">The opposing Gladwin used <strong>Ice Shard</strong>!<br></div><div class="battle-history"><small>(Drapion lost <abbr title="−53/282">18.8%</abbr> of its health!)</small><br></div><div class="spacer battle-history"><br></div><div class="battle-history">Drapion fainted!<br></div><div class="spacer battle-history"><br></div><div class="battle-history">Go! <strong>Blastoise</strong>!<br></div><div class="spacer battle-history"><br></div><h2 class="battle-history">Turn 22</h2><div class="spacer battle-history"><br></div><div class="battle-history">The opposing Gladwin used <strong>Freeze-Dry</strong>!<br></div><div class="battle-history"><small>It's super effective!</small><br></div><div class="battle-history"><small>(Blastoise lost <abbr title="−188/362">51.9%</abbr> of its health!)</small><br></div><div class="spacer battle-history"><br></div><div class="battle-history">Blastoise used <strong>Scald</strong>!<br></div><div class="battle-history"><small>A critical hit!</small><br></div><div class="battle-history"><small>(The opposing Gladwin lost <abbr title="−147/301">48.8%</abbr> of its health!)</small><br></div><div class="spacer battle-history"><br></div><div class="battle-history"><small>Blastoise restored a little HP using its Leftovers!</small><br></div><div class="spacer battle-history"><br></div><h2 class="battle-history">Turn 23</h2><div class="chat chatmessage-egyptianmego5"><strong style="color:hsl(197,73%,37.30992902744528%)"><small>★</small><span class="username" data-name="Egyptianmego5">Egyptianmego5</span>:</strong> <em>please burn o3o</em></div><div class="chat chatmessage-weavslosion"><strong style="color:hsl(298,50%,45.90831697777779%)"><small> </small><span class="username" data-name="Weavslosion">Weavslosion</span>:</strong> <em>Those were all Absol-utly awful jokes</em></div><div class="spacer battle-history"><br></div><div class="battle-history">The opposing Gladwin used <strong>Freeze-Dry</strong>!<br></div><div class="battle-history"><small>It's super effective!</small><br></div><div class="battle-history"><small>(Blastoise lost <abbr title="−188/362">51.9%</abbr> of its health!)</small><br></div><div class="spacer battle-history"><br></div><div class="battle-history">Blastoise used <strong>Scald</strong>!<br></div><div class="battle-history"><small>(The opposing Gladwin lost <abbr title="−79/301">26.2%</abbr> of its health!)</small><br></div><div class="spacer battle-history"><br></div><div class="battle-history">The opposing Gladwin fainted!<br></div><div class="spacer battle-history"><br></div><div class="battle-history"><small>Blastoise restored a little HP using its Leftovers!</small><br></div><div class="spacer battle-history"><br></div><div class="battle-history">shaysro sent out Maggie (<strong>Magneton</strong>)!<br></div><div class="battle-history"><small>Pointed stones dug into the opposing Maggie!</small><br></div><div class="spacer battle-history"><br></div><h2 class="battle-history">Turn 24</h2><div class="chat chatmessage-shaysro"><strong style="color:hsl(137,73%,33%)"><small>★</small><span class="username" data-name="shaysro">shaysro</span>:</strong> <em>gg</em></div><div class="chat chatmessage-egyptianmego5"><strong style="color:hsl(197,73%,37.30992902744528%)"><small>★</small><span class="username" data-name="Egyptianmego5">Egyptianmego5</span>:</strong> <em>crit didnt matter</em></div><div class="chat"><small>DougSwellows joined.</small></div><div class="chat chatmessage-aden12131"><strong style="color:hsl(319,73%,40%)"><small> </small><span class="username" data-name="aden12131">aden12131</span>:</strong> <em>just like yours</em></div><div class="chat chatmessage-egyptianmego5"><strong style="color:hsl(197,73%,37.30992902744528%)"><small>★</small><span class="username" data-name="Egyptianmego5">Egyptianmego5</span>:</strong> <em>torrent did</em></div><div class="chat chatmessage-aden12131"><strong style="color:hsl(319,73%,40%)"><small> </small><span class="username" data-name="aden12131">aden12131</span>:</strong> <em>stop</em></div><div class="chat chatmessage-bjgococo"><strong style="color:hsl(345,89%,45%)"><small> </small><span class="username" data-name="bjgococo">bjgococo</span>:</strong> <em>that crit...</em></div><div class="chat chatmessage-egyptianmego5"><strong style="color:hsl(197,73%,37.30992902744528%)"><small>★</small><span class="username" data-name="Egyptianmego5">Egyptianmego5</span>:</strong> <em>gwp</em></div><div class="chat chatmessage-akshat231010"><strong style="color:hsl(128,70%,31%)"><small> </small><span class="username" data-name="akshat231010">akshat231010</span>:</strong> <em>i can not see a wynut</em></div><div class="chat chatmessage-aden12131"><strong style="color:hsl(319,73%,40%)"><small> </small><span class="username" data-name="aden12131">aden12131</span>:</strong> <em>gg</em></div><div class="chat"><small>SoreyRay joined.</small></div><div class="spacer battle-history"><br></div><div class="battle-history">The opposing Maggie used <strong>Thunderbolt</strong>!<br></div><div class="battle-history"><small>It's super effective!</small><br></div><div class="battle-history"><small>(Blastoise lost <abbr title="−30/362">8.3%</abbr> of its health!)</small><br></div><div class="spacer battle-history"><br></div><div class="battle-history">Blastoise fainted!<br></div><div class="spacer battle-history"><br></div><div class="battle-history">Go! Rotom (<strong>Rotom-Mow</strong>)!<br></div><div class="spacer battle-history"><br></div><h2 class="battle-history">Turn 25</h2><div class="spacer battle-history"><br></div><div class="battle-history">The opposing Maggie used <strong>Flash Cannon</strong>!<br></div><div class="battle-history"><small>It's not very effective...</small><br></div><div class="battle-history"><small>(Rotom lost <abbr title="−66/241">27.4%</abbr> of its health!)</small><br></div><div class="spacer battle-history"><br></div><div class="battle-history">Rotom used <strong>Thunderbolt</strong>!<br></div><div class="battle-history"><small>It's not very effective...</small><br></div><div class="battle-history"><small>(The opposing Maggie lost <abbr title="−42/241">17.4%</abbr> of its health!)</small><br></div><div class="spacer battle-history"><br></div><div class="battle-history">The opposing Maggie fainted!<br></div><div class="spacer battle-history"><br></div><div class="battle-history"><strong>Egyptianmego5</strong> won the battle!<br></div><div class="chat"><small>shaysro left.</small></div><div class="chat chatmessage-minimytch"><strong style="color:hsl(306,53%,49.33482592259341%)"><small> </small><span class="username" data-name="MiniMytch">MiniMytch</span>:</strong> <em>gg</em></div><div class="chat"><small>DougSwellows left.</small></div><div class="chat"><small>Ras♤Berry Pie ✔ left.</small></div><div class="chat chatmessage-bjgococo"><strong style="color:hsl(345,89%,45%)"><small> </small><span class="username" data-name="bjgococo">bjgococo</span>:</strong> <em>gg</em></div><div class="chat"><small>SamSpark★♥★ left.</small></div><div class="chat"><small>Egyptianmego5 left.</small></div></div><div class="inner-preempt"></div></div></div>
</div>
<script>
let daily = Math.floor(Date.now()/1000/60/60/24);document.write('<script src="https://play.pokemonshowdown.com/js/replay-embed.js?version'+daily+'"></'+'script>');
</script>
