<!DOCTYPE html>
<meta charset="utf-8" />
<!-- version 1 -->
<title>RU replay: Kushalos vs. Eren.</title>
<style>
html,body {font-family:Verdana, sans-serif;font-size:10pt;margin:0;padding:0;}body{padding:12px 0;} .battle-log {font-family:Verdana, sans-serif;font-size:10pt;} .battle-log-inline {border:1px solid #AAAAAA;background:#EEF2F5;color:black;max-width:640px;margin:0 auto 80px;padding-bottom:5px;} .battle-log .inner {padding:4px 8px 0px 8px;} .battle-log .inner-preempt {padding:0 8px 4px 8px;} .battle-log .inner-after {margin-top:0.5em;} .battle-log h2 {margin:0.5em -8px;padding:4px 8px;border:1px solid #AAAAAA;background:#E0E7EA;border-left:0;border-right:0;font-family:Verdana, sans-serif;font-size:13pt;} .battle-log .chat {vertical-align:middle;padding:3px 0 3px 0;font-size:8pt;} .battle-log .chat strong {color:#40576A;} .battle-log .chat em {padding:1px 4px 1px 3px;color:#000000;font-style:normal;} .chat.mine {background:rgba(0,0,0,0.05);margin-left:-8px;margin-right:-8px;padding-left:8px;padding-right:8px;} .spoiler {color:#BBBBBB;background:#BBBBBB;padding:0px 3px;} .spoiler:hover, .spoiler:active, .spoiler-shown {color:#000000;background:#E2E2E2;padding:0px 3px;} .spoiler a {color:#BBBBBB;} .spoiler:hover a, .spoiler:active a, .spoiler-shown a {color:#2288CC;} .chat code, .chat .spoiler:hover code, .chat .spoiler:active code, .chat .spoiler-shown code {border:1px solid #C0C0C0;background:#EEEEEE;color:black;padding:0 2px;} .chat .spoiler code {border:1px solid #CCCCCC;background:#CCCCCC;color:#CCCCCC;} .battle-log .rated {padding:3px 4px;} .battle-log .rated strong {color:white;background:#89A;padding:1px 4px;border-radius:4px;} .spacer {margin-top:0.5em;} .message-announce {background:#6688AA;color:white;padding:1px 4px 2px;} .message-announce a, .broadcast-green a, .broadcast-blue a, .broadcast-red a {color:#DDEEFF;} .broadcast-green {background-color:#559955;color:white;padding:2px 4px;} .broadcast-blue {background-color:#6688AA;color:white;padding:2px 4px;} .infobox {border:1px solid #6688AA;padding:2px 4px;} .infobox-limited {max-height:200px;overflow:auto;overflow-x:hidden;} .broadcast-red {background-color:#AA5544;color:white;padding:2px 4px;} .message-learn-canlearn {font-weight:bold;color:#228822;text-decoration:underline;} .message-learn-cannotlearn {font-weight:bold;color:#CC2222;text-decoration:underline;} .message-effect-weak {font-weight:bold;color:#CC2222;} .message-effect-resist {font-weight:bold;color:#6688AA;} .message-effect-immune {font-weight:bold;color:#666666;} .message-learn-list {margin-top:0;margin-bottom:0;} .message-throttle-notice, .message-error {color:#992222;} .message-overflow, .chat small.message-overflow {font-size:0pt;} .message-overflow::before {font-size:9pt;content:'...';} .subtle {color:#3A4A66;}
</style>
<div class="wrapper replay-wrapper" style="max-width:1180px;margin:0 auto">
<input type="hidden" name="replayid" value="smogtours-ru-291907" />
<div class="battle"></div><div class="battle-log"></div><div class="replay-controls"></div><div class="replay-controls-2"></div>
<h1 style="font-weight:normal;text-align:center"><strong>RU</strong><br /><a href="http://pokemonshowdown.com/users/kushalos" class="subtle" target="_blank">Kushalos</a> vs. <a href="http://pokemonshowdown.com/users/eren" class="subtle" target="_blank">Eren.</a></h1>
<script type="text/plain" class="battle-log-data">|J|Kushalos
|J|Eren.
|player|p1|Kushalos|34
|teamsize|p1|6
|player|p2|Eren.|187
|teamsize|p2|6
|gametype|singles
|gen|6
|tier|RU
|seed|37297,56576,26133,13507
|rule|Sleep Clause Mod: Limit one foe put to sleep
|rule|Species Clause: Limit one of each Pokémon
|rule|OHKO Clause: OHKO moves are banned
|rule|Moody Clause: Moody is banned
|rule|Evasion Moves Clause: Evasion moves are banned
|rule|Endless Battle Clause: Forcing endless battles is banned
|rule|HP Percentage Mod: HP is shown in percentages
|clearpoke
|poke|p1|Qwilfish, F|item
|poke|p1|Jellicent, M|item
|poke|p1|Seismitoad, M|item
|poke|p1|Emboar, F|item
|poke|p1|Bronzong|item
|poke|p1|Drapion, F|item
|poke|p2|Aromatisse, F, shiny|item
|poke|p2|Magneton|item
|poke|p2|Sneasel, M|item
|poke|p2|Venusaur, M|item
|poke|p2|Blastoise, M|item
|poke|p2|Rhyperior, M|item
|rule|Swagger Clause: Swagger is banned
|rule|Baton Pass Clause: Limit one Baton Passer, can't pass Spe and other stats simultaneously
|teampreview
|J|Empo
|J|ThatRandomPerson42
|L|Empo
|J|passion キッス
|J|CursedStar
|J|lax
|J|Garay oak
|choice|team 4, team 2, team 3, team 1, team 5, team 6|team 2, team 1, team 3, team 4, team 5, team 6
|
|start
|switch|p1a: Emboar|Emboar, F|361\/361
|switch|p2a: 100 letters|Magneton|241\/241
|turn|1
|choice|move fireblast|switch 5
|
|switch|p2a: heaven in hiding|Blastoise, M|362\/362
|move|p1a: Emboar|Fire Blast|p2a: heaven in hiding
|-resisted|p2a: heaven in hiding
|-damage|p2a: heaven in hiding|230\/362
|
|-heal|p2a: heaven in hiding|252\/362|[from] item: Leftovers
|upkeep
|turn|2
|L|Garay oak
|choice|switch 5|move scald
|
|switch|p1a: Bronzong|Bronzong|338\/338
|move|p2a: heaven in hiding|Scald|p1a: Bronzong
|-damage|p1a: Bronzong|263\/338
|
|-heal|p2a: heaven in hiding|274\/362|[from] item: Leftovers
|upkeep
|turn|3
|choice|move stealthrock|switch 5
|
|switch|p2a: 100 letters|Magneton|241\/241
|move|p1a: Bronzong|Stealth Rock|p2a: 100 letters
|-sidestart|p2: Eren.|move: Stealth Rock
|
|upkeep
|turn|4
|J|Garay oak
|choice|move gyroball|move voltswitch
|
|move|p2a: 100 letters|Volt Switch|p1a: Bronzong
|-damage|p1a: Bronzong|115\/338
|choice||switch 5
|
|switch|p2a: heaven in hiding|Blastoise, M|274\/362
|-damage|p2a: heaven in hiding|229\/362|[from] Stealth Rock
|move|p1a: Bronzong|Gyro Ball|p2a: heaven in hiding
|-resisted|p2a: heaven in hiding
|-damage|p2a: heaven in hiding|141\/362
|
|-heal|p2a: heaven in hiding|163\/362|[from] item: Leftovers
|upkeep
|turn|5
|choice|move gyroball|move rapidspin
|
|move|p2a: heaven in hiding|Rapid Spin|p1a: Bronzong
|-resisted|p1a: Bronzong
|-damage|p1a: Bronzong|110\/338
|-sideend|p2: Eren.|Stealth Rock|[from] move: Rapid Spin|[of] p2a: heaven in hiding
|move|p1a: Bronzong|Gyro Ball|p2a: heaven in hiding
|-resisted|p2a: heaven in hiding
|-damage|p2a: heaven in hiding|82\/362
|
|-heal|p2a: heaven in hiding|104\/362|[from] item: Leftovers
|upkeep
|turn|6
|choice|move stealthrock|move scald
|
|move|p2a: heaven in hiding|Scald|p1a: Bronzong
|-damage|p1a: Bronzong|4\/338
|-status|p1a: Bronzong|brn
|move|p1a: Bronzong|Stealth Rock|p2a: heaven in hiding
|-sidestart|p2: Eren.|move: Stealth Rock
|
|-heal|p2a: heaven in hiding|126\/362|[from] item: Leftovers
|-damage|p1a: Bronzong|0 fnt|[from] brn
|upkeep
|faint|p1a: Bronzong
|J|kamisama_no49
|choice|switch 5|
|
|switch|p1a: Emboar|Emboar, F|361\/361
|turn|7
|choice|move fireblast|switch 2
|
|switch|p2a: devil in me|Aromatisse, F, shiny|406\/406
|-damage|p2a: devil in me|356\/406|[from] Stealth Rock
|move|p1a: Emboar|Fire Blast|p2a: devil in me|[miss]
|-miss|p1a: Emboar|p2a: devil in me
|
|-heal|p2a: devil in me|381\/406|[from] item: Leftovers
|upkeep
|turn|8
|choice|move fireblast|move calmmind
|
|move|p1a: Emboar|Fire Blast|p2a: devil in me
|-damage|p2a: devil in me|60\/406
|move|p2a: devil in me|Calm Mind|p2a: devil in me
|-boost|p2a: devil in me|spa|1
|-boost|p2a: devil in me|spd|1
|
|-heal|p2a: devil in me|85\/406|[from] item: Leftovers
|upkeep
|turn|9
|choice|move fireblast|move moonblast
|
|move|p1a: Emboar|Fire Blast|p2a: devil in me|[miss]
|-miss|p1a: Emboar|p2a: devil in me
|move|p2a: devil in me|Moonblast|p1a: Emboar
|-crit|p1a: Emboar
|-damage|p1a: Emboar|9\/361
|
|-heal|p2a: devil in me|110\/406|[from] item: Leftovers
|upkeep
|turn|10
|choice|move fireblast|switch 6
|
|switch|p2a: lie|Rhyperior, M|434\/434
|-damage|p2a: lie|407\/434|[from] Stealth Rock
|move|p1a: Emboar|Fire Blast|p2a: lie
|-resisted|p2a: lie
|-damage|p2a: lie|162\/434
|
|-heal|p2a: lie|189\/434|[from] item: Leftovers
|upkeep
|turn|11
|choice|move fireblast|move earthquake
|
|move|p1a: Emboar|Fire Blast|p2a: lie
|-resisted|p2a: lie
|-damage|p2a: lie|0 fnt
|faint|p2a: lie
|
|upkeep
|choice||switch 3
|
|switch|p2a: strangers|Sneasel, M|251\/251
|-damage|p2a: strangers|189\/251|[from] Stealth Rock
|turn|12
|c|☆Kushalos|so goud
|choice|switch 4|move pursuit
|
|-activate|p1a: Emboar|move: Pursuit
|move|p2a: strangers|Pursuit|p1a: Emboar|[from]Pursuit
|-resisted|p1a: Emboar
|-damage|p1a: Emboar|0 fnt
|-damage|p2a: strangers|164\/251|[from] item: Life Orb
|faint|p1a: Emboar
|
|upkeep
|choice|switch 4|
|
|switch|p1a: Qwilfish|Qwilfish, F|334\/334
|-ability|p1a: Qwilfish|Intimidate|boost
|-unboost|p2a: strangers|atk|1
|turn|13
|choice|move spikes|switch 4
|
|switch|p2a: good mourning|Venusaur, M|363\/363
|-damage|p2a: good mourning|318\/363|[from] Stealth Rock
|move|p1a: Qwilfish|Spikes|p2a: good mourning
|-sidestart|p2: Eren.|Spikes
|
|-heal|p2a: good mourning|340\/363|[from] item: Black Sludge
|upkeep
|turn|14
|L|ThatRandomPerson42
|choice|move spikes|move knockoff
|
|move|p1a: Qwilfish|Spikes|p2a: good mourning
|-sidestart|p2: Eren.|Spikes
|move|p2a: good mourning|Knock Off|p1a: Qwilfish
|-damage|p1a: Qwilfish|258\/334
|-enditem|p1a: Qwilfish|Focus Sash|[from] move: Knock Off|[of] p2a: good mourning
|
|-heal|p2a: good mourning|362\/363|[from] item: Black Sludge
|upkeep
|turn|15
|choice|move spikes|move gigadrain
|
|move|p1a: Qwilfish|Spikes|p2a: good mourning
|-sidestart|p2: Eren.|Spikes
|move|p2a: good mourning|Giga Drain|p1a: Qwilfish
|-damage|p1a: Qwilfish|99\/334
|-heal|p2a: good mourning|363\/363|[from] drain|[of] p1a: Qwilfish
|
|upkeep
|turn|16
|J|ThatRandomPerson42
|choice|move taunt|move knockoff
|
|move|p1a: Qwilfish|Taunt|p2a: good mourning
|-start|p2a: good mourning|move: Taunt
|move|p2a: good mourning|Knock Off|p1a: Qwilfish
|-damage|p1a: Qwilfish|50\/334
|
|upkeep
|turn|17
|choice|move explosion|move sludgebomb
|
|move|p1a: Qwilfish|Explosion|p2a: good mourning
|-damage|p2a: good mourning|215\/363
|faint|p1a: Qwilfish
|move|p2a: good mourning|Sludge Bomb|p1: Qwilfish|[notarget]
|-notarget
|
|-heal|p2a: good mourning|237\/363|[from] item: Black Sludge
|upkeep
|choice|switch 6|
|
|switch|p1a: Drapion|Drapion, F|281\/281
|turn|18
|choice|move substitute|move knockoff
|
|move|p1a: Drapion|Substitute|p1a: Drapion
|-start|p1a: Drapion|Substitute
|-damage|p1a: Drapion|211\/281
|move|p2a: good mourning|Knock Off|p1a: Drapion
|-resisted|p1a: Drapion
|-activate|p1a: Drapion|move: Substitute|[damage]
|
|-heal|p1a: Drapion|228\/281|[from] item: Black Sludge
|-heal|p2a: good mourning|259\/363|[from] item: Black Sludge
|-end|p2a: good mourning|move: Taunt
|upkeep
|turn|19
|choice|move acupressure|switch 6
|
|switch|p2a: devil in me|Aromatisse, F, shiny|110\/406
|-damage|p2a: devil in me|9\/406|[from] Spikes
|-damage|p2a: devil in me|0 fnt|[from] Stealth Rock
|faint|p2a: devil in me
|move|p1a: Drapion|Acupressure|p1a: Drapion
|-boost|p1a: Drapion|accuracy|2
|
|-heal|p1a: Drapion|245\/281|[from] item: Black Sludge
|upkeep
|choice||switch 5
|
|switch|p2a: 100 letters|Magneton|241\/241
|-damage|p2a: 100 letters|226\/241|[from] Stealth Rock
|-damage|p2a: 100 letters|166\/241|[from] Spikes
|turn|20
|choice|move knockoff|move voltswitch
|
|move|p1a: Drapion|Knock Off|p2a: 100 letters
|-damage|p2a: 100 letters|31\/241
|-enditem|p2a: 100 letters|Choice Specs|[from] move: Knock Off|[of] p1a: Drapion
|move|p2a: 100 letters|Volt Switch|p1a: Drapion
|-end|p1a: Drapion|Substitute
|choice||switch 4
|
|switch|p2a: strangers|Sneasel, M|164\/251
|-damage|p2a: strangers|102\/251|[from] Stealth Rock
|-damage|p2a: strangers|40\/251|[from] Spikes
|
|-heal|p1a: Drapion|262\/281|[from] item: Black Sludge
|upkeep
|turn|21
|choice|switch 2|move iciclecrash
|
|switch|p1a: Jellicent|Jellicent, M|403\/403
|move|p2a: strangers|Icicle Crash|p1a: Jellicent
|-resisted|p1a: Jellicent
|-damage|p1a: Jellicent|329\/403
|-damage|p2a: strangers|15\/251|[from] item: Life Orb
|
|upkeep
|turn|22
|choice|move recover|move knockoff
|
|move|p2a: strangers|Knock Off|p1a: Jellicent
|-supereffective|p1a: Jellicent
|-enditem|p1a: Jellicent|Colbur Berry|[eat]
|-enditem|p1a: Jellicent|Colbur Berry|[weaken]
|-damage|p1a: Jellicent|146\/403
|-damage|p2a: strangers|0 fnt|[from] item: Life Orb
|faint|p2a: strangers
|move|p1a: Jellicent|Recover|p1a: Jellicent
|-heal|p1a: Jellicent|348\/403
|
|upkeep
|choice||switch 6
|
|switch|p2a: good mourning|Venusaur, M|259\/363
|-damage|p2a: good mourning|214\/363|[from] Stealth Rock
|-damage|p2a: good mourning|124\/363|[from] Spikes
|turn|23
|choice|move willowisp|move gigadrain
|
|move|p2a: good mourning|Giga Drain|p1a: Jellicent
|-supereffective|p1a: Jellicent
|-damage|p1a: Jellicent|186\/403
|-heal|p2a: good mourning|205\/363|[from] drain|[of] p1a: Jellicent
|move|p1a: Jellicent|Will-O-Wisp|p2a: good mourning|[miss]
|-miss|p1a: Jellicent|p2a: good mourning
|
|-heal|p2a: good mourning|227\/363|[from] item: Black Sludge
|upkeep
|turn|24
|choice|move willowisp|move gigadrain
|
|move|p2a: good mourning|Giga Drain|p1a: Jellicent
|-supereffective|p1a: Jellicent
|-damage|p1a: Jellicent|22\/403
|-heal|p2a: good mourning|309\/363|[from] drain|[of] p1a: Jellicent
|move|p1a: Jellicent|Will-O-Wisp|p2a: good mourning
|-status|p2a: good mourning|brn
|
|-heal|p2a: good mourning|331\/363 brn|[from] item: Black Sludge
|-damage|p2a: good mourning|286\/363 brn|[from] brn
|upkeep
|turn|25
|J|eden's embrace
|choice|move hex|move gigadrain
|
|move|p2a: good mourning|Giga Drain|p1a: Jellicent
|-supereffective|p1a: Jellicent
|-damage|p1a: Jellicent|0 fnt
|-heal|p2a: good mourning|297\/363 brn|[from] drain|[of] p1a: Jellicent
|faint|p1a: Jellicent
|
|-heal|p2a: good mourning|319\/363 brn|[from] item: Black Sludge
|-damage|p2a: good mourning|274\/363 brn|[from] brn
|upkeep
|choice|switch 2|
|
|switch|p1a: Drapion|Drapion, F|262\/281
|turn|26
|choice|move knockoff|move gigadrain
|
|move|p1a: Drapion|Knock Off|p2a: good mourning
|-damage|p2a: good mourning|154\/363 brn
|-enditem|p2a: good mourning|Black Sludge|[from] move: Knock Off|[of] p1a: Drapion
|move|p2a: good mourning|Giga Drain|p1a: Drapion
|-resisted|p1a: Drapion
|-damage|p1a: Drapion|203\/281
|-heal|p2a: good mourning|184\/363 brn|[from] drain|[of] p1a: Drapion
|
|-heal|p1a: Drapion|220\/281|[from] item: Black Sludge
|-damage|p2a: good mourning|139\/363 brn|[from] brn
|upkeep
|turn|27
|L|eden's embrace
|choice|move acupressure|move synthesis
|
|move|p1a: Drapion|Acupressure|p1a: Drapion
|-boost|p1a: Drapion|accuracy|2
|move|p2a: good mourning|Synthesis|p2a: good mourning
|-heal|p2a: good mourning|320\/363 brn
|
|-heal|p1a: Drapion|237\/281|[from] item: Black Sludge
|-damage|p2a: good mourning|275\/363 brn|[from] brn
|upkeep
|turn|28
|choice|move acupressure|move gigadrain
|
|move|p1a: Drapion|Acupressure|p1a: Drapion
|-boost|p1a: Drapion|spa|2
|move|p2a: good mourning|Giga Drain|p1a: Drapion
|-resisted|p1a: Drapion
|-damage|p1a: Drapion|183\/281
|-heal|p2a: good mourning|302\/363 brn|[from] drain|[of] p1a: Drapion
|
|-heal|p1a: Drapion|200\/281|[from] item: Black Sludge
|-damage|p2a: good mourning|257\/363 brn|[from] brn
|upkeep
|turn|29
|choice|move acupressure|move knockoff
|
|move|p1a: Drapion|Acupressure|p1a: Drapion
|-boost|p1a: Drapion|spd|2
|move|p2a: good mourning|Knock Off|p1a: Drapion
|-resisted|p1a: Drapion
|-damage|p1a: Drapion|187\/281
|-enditem|p1a: Drapion|Black Sludge|[from] move: Knock Off|[of] p2a: good mourning
|
|-damage|p2a: good mourning|212\/363 brn|[from] brn
|upkeep
|turn|30
|choice|move poisonjab|move synthesis
|
|move|p1a: Drapion|Poison Jab|p2a: good mourning
|-damage|p2a: good mourning|110\/363 brn
|move|p2a: good mourning|Synthesis|p2a: good mourning
|-heal|p2a: good mourning|291\/363 brn
|
|-damage|p2a: good mourning|246\/363 brn|[from] brn
|upkeep
|turn|31
|choice|move acupressure|move synthesis
|
|move|p1a: Drapion|Acupressure|p1a: Drapion
|-boost|p1a: Drapion|evasion|2
|move|p2a: good mourning|Synthesis|p2a: good mourning
|-heal|p2a: good mourning|363\/363 brn
|
|-damage|p2a: good mourning|318\/363 brn|[from] brn
|upkeep
|turn|32
|choice|move acupressure|move gigadrain
|
|move|p1a: Drapion|Acupressure|p1a: Drapion
|-boost|p1a: Drapion|spe|2
|move|p2a: good mourning|Giga Drain|p1a: Drapion
|-resisted|p1a: Drapion
|-damage|p1a: Drapion|158\/281
|-heal|p2a: good mourning|333\/363 brn|[from] drain|[of] p1a: Drapion
|
|-damage|p2a: good mourning|288\/363 brn|[from] brn
|upkeep
|turn|33
|choice|move acupressure|move gigadrain
|
|move|p1a: Drapion|Acupressure|p1a: Drapion
|-boost|p1a: Drapion|spd|2
|move|p2a: good mourning|Giga Drain|p1a: Drapion
|-resisted|p1a: Drapion
|-damage|p1a: Drapion|140\/281
|-heal|p2a: good mourning|297\/363 brn|[from] drain|[of] p1a: Drapion
|
|-damage|p2a: good mourning|252\/363 brn|[from] brn
|upkeep
|turn|34
|choice|move acupressure|move gigadrain
|
|move|p1a: Drapion|Acupressure|p1a: Drapion
|-boost|p1a: Drapion|atk|2
|move|p2a: good mourning|Giga Drain|p1a: Drapion
|-resisted|p1a: Drapion
|-damage|p1a: Drapion|120\/281
|-heal|p2a: good mourning|262\/363 brn|[from] drain|[of] p1a: Drapion
|
|-damage|p2a: good mourning|217\/363 brn|[from] brn
|upkeep
|turn|35
|choice|move poisonjab|move synthesis
|
|move|p1a: Drapion|Poison Jab|p2a: good mourning
|-damage|p2a: good mourning|24\/363 brn
|move|p2a: good mourning|Synthesis|p2a: good mourning
|-heal|p2a: good mourning|205\/363 brn
|
|-damage|p2a: good mourning|160\/363 brn|[from] brn
|upkeep
|turn|36
|choice|move poisonjab|move gigadrain
|
|move|p1a: Drapion|Poison Jab|p2a: good mourning
|-damage|p2a: good mourning|0 fnt
|faint|p2a: good mourning
|
|upkeep
|c|☆Kushalos|gg
|-message|Eren. forfeited.
|
|win|Kushalos</script>
</div>
<div class="battle-log battle-log-inline"><div class="inner"><div class="battle-options"></div><div class="inner"><div class=""><small>Format:</small> <br><strong>RU</strong></div><div class=""><small><em>Sleep Clause Mod:</em> Limit one foe put to sleep</small></div><div class=""><small><em>Species Clause:</em> Limit one of each Pokémon</small></div><div class=""><small><em>OHKO Clause:</em> OHKO moves are banned</small></div><div class=""><small><em>Moody Clause:</em> Moody is banned</small></div><div class=""><small><em>Evasion Moves Clause:</em> Evasion moves are banned</small></div><div class=""><small><em>Endless Battle Clause:</em> Forcing endless battles is banned</small></div><div class=""><small><em>HP Percentage Mod:</em> HP is shown in percentages</small></div><div class=""><small><em>Swagger Clause:</em> Swagger is banned</small></div><div class=""><small><em>Baton Pass Clause:</em> Limit one Baton Passer, can't pass Spe and other stats simultaneously</small></div><div class="chat battle-history"><strong>Kushalos's team:</strong> <em style="color:#445566;display:block;">Qwilfish / Jellicent / Seismitoad / Emboar / Bronzong / Drapion</em></div><div class="chat battle-history"><strong>Eren.'s team:</strong> <em style="color:#445566;display:block;">Aromatisse / Magneton / Sneasel / Venusaur / Blastoise / Rhyperior</em></div><div class="spacer battle-history"><br></div><div class="battle-history">Battle started between Kushalos and Eren.!<br></div><div class="spacer battle-history"><br></div><div class="battle-history">Go! <strong>Emboar</strong>!<br></div><div class="spacer battle-history"><br></div><div class="battle-history">Eren. sent out 100 letters (<strong>Magneton</strong>)!<br></div><div class="spacer battle-history"><br></div><h2 class="battle-history">Turn 1</h2><div class="spacer battle-history"><br></div><div class="battle-history">Eren. withdrew 100 letters!<br></div><div class="battle-history">Eren. sent out heaven in hiding (<strong>Blastoise</strong>)!<br></div><div class="spacer battle-history"><br></div><div class="battle-history">Emboar used <strong>Fire Blast</strong>!<br></div><div class="battle-history"><small>It's not very effective...</small><br></div><div class="battle-history"><small>(The opposing heaven in hiding lost <abbr title="−132/362">36.5%</abbr> of its health!)</small><br></div><div class="spacer battle-history"><br></div><div class="battle-history"><small>The opposing heaven in hiding restored a little HP using its Leftovers!</small><br></div><div class="spacer battle-history"><br></div><h2 class="battle-history">Turn 2</h2><div class="spacer battle-history"><br></div><div class="battle-history">Emboar, come back!<br></div><div class="battle-history">Go! <strong>Bronzong</strong>!<br></div><div class="spacer battle-history"><br></div><div class="battle-history">The opposing heaven in hiding used <strong>Scald</strong>!<br></div><div class="battle-history"><small>(Bronzong lost <abbr title="−75/338">22.2%</abbr> of its health!)</small><br></div><div class="spacer battle-history"><br></div><div class="battle-history"><small>The opposing heaven in hiding restored a little HP using its Leftovers!</small><br></div><div class="spacer battle-history"><br></div><h2 class="battle-history">Turn 3</h2><div class="spacer battle-history"><br></div><div class="battle-history">Eren. withdrew heaven in hiding!<br></div><div class="battle-history">Eren. sent out 100 letters (<strong>Magneton</strong>)!<br></div><div class="spacer battle-history"><br></div><div class="battle-history">Bronzong used <strong>Stealth Rock</strong>!<br></div><div class="battle-history"><small>Pointed stones float in the air around the opposing team!</small><br></div><div class="spacer battle-history"><br></div><h2 class="battle-history">Turn 4</h2><div class="spacer battle-history"><br></div><div class="battle-history">The opposing 100 letters used <strong>Volt Switch</strong>!<br></div><div class="battle-history"><small>(Bronzong lost <abbr title="−148/338">43.8%</abbr> of its health!)</small><br></div><div class="spacer battle-history"><br></div><div class="battle-history">The opposing 100 letters went back to Eren.!<br></div><div class="battle-history">Eren. sent out heaven in hiding (<strong>Blastoise</strong>)!<br></div><div class="battle-history"><small>Pointed stones dug into the opposing heaven in hiding!</small><br></div><div class="spacer battle-history"><br></div><div class="battle-history">Bronzong used <strong>Gyro Ball</strong>!<br></div><div class="battle-history"><small>It's not very effective...</small><br></div><div class="battle-history"><small>(The opposing heaven in hiding lost <abbr title="−88/362">24.3%</abbr> of its health!)</small><br></div><div class="spacer battle-history"><br></div><div class="battle-history"><small>The opposing heaven in hiding restored a little HP using its Leftovers!</small><br></div><div class="spacer battle-history"><br></div><h2 class="battle-history">Turn 5</h2><div class="spacer battle-history"><br></div><div class="battle-history">The opposing heaven in hiding used <strong>Rapid Spin</strong>!<br></div><div class="battle-history"><small>It's not very effective...</small><br></div><div class="battle-history"><small>(Bronzong lost <abbr title="−5/338">1.5%</abbr> of its health!)</small><br></div><div class="battle-history"><small>The pointed stones disappeared from around the opposing team!</small><br></div><div class="spacer battle-history"><br></div><div class="battle-history">Bronzong used <strong>Gyro Ball</strong>!<br></div><div class="battle-history"><small>It's not very effective...</small><br></div><div class="battle-history"><small>(The opposing heaven in hiding lost <abbr title="−81/362">22.4%</abbr> of its health!)</small><br></div><div class="spacer battle-history"><br></div><div class="battle-history"><small>The opposing heaven in hiding restored a little HP using its Leftovers!</small><br></div><div class="spacer battle-history"><br></div><h2 class="battle-history">Turn 6</h2><div class="spacer battle-history"><br></div><div class="battle-history">The opposing heaven in hiding used <strong>Scald</strong>!<br></div><div class="battle-history"><small>(Bronzong lost <abbr title="−106/338">31.4%</abbr> of its health!)</small><br></div><div class="battle-history"><small>Bronzong was burned!</small><br></div><div class="spacer battle-history"><br></div><div class="battle-history">Bronzong used <strong>Stealth Rock</strong>!<br></div><div class="battle-history"><small>Pointed stones float in the air around the opposing team!</small><br></div><div class="spacer battle-history"><br></div><div class="battle-history"><small>The opposing heaven in hiding restored a little HP using its Leftovers!</small><br></div><div class="battle-history"><small>Bronzong was hurt by its burn!</small><br></div><div class="spacer battle-history"><br></div><div class="battle-history">Bronzong fainted!<br></div><div class="spacer battle-history"><br></div><div class="battle-history">Go! <strong>Emboar</strong>!<br></div><div class="spacer battle-history"><br></div><h2 class="battle-history">Turn 7</h2><div class="spacer battle-history"><br></div><div class="battle-history">Eren. withdrew heaven in hiding!<br></div><div class="battle-history">Eren. sent out devil in me (<strong>Aromatisse</strong>)!<br></div><div class="battle-history"><small>Pointed stones dug into the opposing devil in me!</small><br></div><div class="spacer battle-history"><br></div><div class="battle-history">Emboar used <strong>Fire Blast</strong>!<br></div><div class="battle-history"><small>The opposing devil in me avoided the attack!</small><br></div><div class="spacer battle-history"><br></div><div class="battle-history"><small>The opposing devil in me restored a little HP using its Leftovers!</small><br></div><div class="spacer battle-history"><br></div><h2 class="battle-history">Turn 8</h2><div class="spacer battle-history"><br></div><div class="battle-history">Emboar used <strong>Fire Blast</strong>!<br></div><div class="battle-history"><small>(The opposing devil in me lost <abbr title="−321/406">79.1%</abbr> of its health!)</small><br></div><div class="spacer battle-history"><br></div><div class="battle-history">The opposing devil in me used <strong>Calm Mind</strong>!<br></div><div class="battle-history"><small>The opposing devil in me's Special Attack rose!</small><br></div><div class="battle-history"><small>The opposing devil in me's Special Defense rose!</small><br></div><div class="spacer battle-history"><br></div><div class="battle-history"><small>The opposing devil in me restored a little HP using its Leftovers!</small><br></div><div class="spacer battle-history"><br></div><h2 class="battle-history">Turn 9</h2><div class="spacer battle-history"><br></div><div class="battle-history">Emboar used <strong>Fire Blast</strong>!<br></div><div class="battle-history"><small>The opposing devil in me avoided the attack!</small><br></div><div class="spacer battle-history"><br></div><div class="battle-history">The opposing devil in me used <strong>Moonblast</strong>!<br></div><div class="battle-history"><small>A critical hit!</small><br></div><div class="battle-history"><small>(Emboar lost <abbr title="−352/361">97.5%</abbr> of its health!)</small><br></div><div class="spacer battle-history"><br></div><div class="battle-history"><small>The opposing devil in me restored a little HP using its Leftovers!</small><br></div><div class="spacer battle-history"><br></div><h2 class="battle-history">Turn 10</h2><div class="spacer battle-history"><br></div><div class="battle-history">Eren. withdrew devil in me!<br></div><div class="battle-history">Eren. sent out lie (<strong>Rhyperior</strong>)!<br></div><div class="battle-history"><small>Pointed stones dug into the opposing lie!</small><br></div><div class="spacer battle-history"><br></div><div class="battle-history">Emboar used <strong>Fire Blast</strong>!<br></div><div class="battle-history"><small>It's not very effective...</small><br></div><div class="battle-history"><small>(The opposing lie lost <abbr title="−245/434">56.5%</abbr> of its health!)</small><br></div><div class="spacer battle-history"><br></div><div class="battle-history"><small>The opposing lie restored a little HP using its Leftovers!</small><br></div><div class="spacer battle-history"><br></div><h2 class="battle-history">Turn 11</h2><div class="spacer battle-history"><br></div><div class="battle-history">Emboar used <strong>Fire Blast</strong>!<br></div><div class="battle-history"><small>It's not very effective...</small><br></div><div class="battle-history"><small>(The opposing lie lost <abbr title="−189/434">43.5%</abbr> of its health!)</small><br></div><div class="spacer battle-history"><br></div><div class="battle-history">The opposing lie fainted!<br></div><div class="spacer battle-history"><br></div><div class="battle-history">Eren. sent out strangers (<strong>Sneasel</strong>)!<br></div><div class="battle-history"><small>Pointed stones dug into the opposing strangers!</small><br></div><div class="spacer battle-history"><br></div><h2 class="battle-history">Turn 12</h2><div class="chat chatmessage-kushalos"><strong style="color:hsl(241,86%,63.275220778172695%)"><small>☆</small><span class="username" data-name="Kushalos">Kushalos</span>:</strong> <em>so goud</em></div><div class="spacer battle-history"><br></div><div class="battle-history"><small>(Emboar is being withdrawn...)</small><br></div><div class="spacer battle-history"><br></div><div class="battle-history">The opposing strangers used <strong>Pursuit</strong>!<br></div><div class="battle-history"><small>It's not very effective...</small><br></div><div class="battle-history"><small>(Emboar lost <abbr title="−9/361">2.5%</abbr> of its health!)</small><br></div><div class="battle-history"><small>The opposing strangers lost some of its HP!</small><br></div><div class="spacer battle-history"><br></div><div class="battle-history">Emboar fainted!<br></div><div class="spacer battle-history"><br></div><div class="battle-history">Go! <strong>Qwilfish</strong>!<br></div><div class="battle-history"><small>[Qwilfish's Intimidate]</small><br></div><div class="battle-history"><small>The opposing strangers's Attack fell!</small><br></div><div class="spacer battle-history"><br></div><h2 class="battle-history">Turn 13</h2><div class="spacer battle-history"><br></div><div class="battle-history">Eren. withdrew strangers!<br></div><div class="battle-history">Eren. sent out good mourning (<strong>Venusaur</strong>)!<br></div><div class="battle-history"><small>Pointed stones dug into the opposing good mourning!</small><br></div><div class="spacer battle-history"><br></div><div class="battle-history">Qwilfish used <strong>Spikes</strong>!<br></div><div class="battle-history"><small>Spikes were scattered on the ground all around the opposing team!</small><br></div><div class="spacer battle-history"><br></div><div class="battle-history"><small>The opposing good mourning restored a little HP using its Black Sludge!</small><br></div><div class="spacer battle-history"><br></div><h2 class="battle-history">Turn 14</h2><div class="spacer battle-history"><br></div><div class="battle-history">Qwilfish used <strong>Spikes</strong>!<br></div><div class="battle-history"><small>Spikes were scattered on the ground all around the opposing team!</small><br></div><div class="spacer battle-history"><br></div><div class="battle-history">The opposing good mourning used <strong>Knock Off</strong>!<br></div><div class="battle-history"><small>(Qwilfish lost <abbr title="−76/334">22.8%</abbr> of its health!)</small><br></div><div class="battle-history"><small>The opposing good mourning knocked off Qwilfish's Focus Sash!</small><br></div><div class="spacer battle-history"><br></div><div class="battle-history"><small>The opposing good mourning restored a little HP using its Black Sludge!</small><br></div><div class="spacer battle-history"><br></div><h2 class="battle-history">Turn 15</h2><div class="spacer battle-history"><br></div><div class="battle-history">Qwilfish used <strong>Spikes</strong>!<br></div><div class="battle-history"><small>Spikes were scattered on the ground all around the opposing team!</small><br></div><div class="spacer battle-history"><br></div><div class="battle-history">The opposing good mourning used <strong>Giga Drain</strong>!<br></div><div class="battle-history"><small>(Qwilfish lost <abbr title="−159/334">47.6%</abbr> of its health!)</small><br></div><div class="battle-history"><small>Qwilfish had its energy drained!</small><br></div><div class="spacer battle-history"><br></div><h2 class="battle-history">Turn 16</h2><div class="spacer battle-history"><br></div><div class="battle-history">Qwilfish used <strong>Taunt</strong>!<br></div><div class="battle-history"><small>The opposing good mourning fell for the taunt!</small><br></div><div class="spacer battle-history"><br></div><div class="battle-history">The opposing good mourning used <strong>Knock Off</strong>!<br></div><div class="battle-history"><small>(Qwilfish lost <abbr title="−49/334">14.7%</abbr> of its health!)</small><br></div><div class="spacer battle-history"><br></div><h2 class="battle-history">Turn 17</h2><div class="spacer battle-history"><br></div><div class="battle-history">Qwilfish used <strong>Explosion</strong>!<br></div><div class="battle-history"><small>(The opposing good mourning lost <abbr title="−148/363">40.8%</abbr> of its health!)</small><br></div><div class="spacer battle-history"><br></div><div class="battle-history">Qwilfish fainted!<br></div><div class="battle-history">The opposing good mourning used <strong>Sludge Bomb</strong>!<br></div><div class="battle-history"><small>But there was no target...</small><br></div><div class="spacer battle-history"><br></div><div class="battle-history"><small>The opposing good mourning restored a little HP using its Black Sludge!</small><br></div><div class="spacer battle-history"><br></div><div class="battle-history">Go! <strong>Drapion</strong>!<br></div><div class="spacer battle-history"><br></div><h2 class="battle-history">Turn 18</h2><div class="spacer battle-history"><br></div><div class="battle-history">Drapion used <strong>Substitute</strong>!<br></div><div class="battle-history"><small>Drapion put in a substitute!</small><br></div><div class="battle-history"><small>(Drapion lost <abbr title="−70/281">24.9%</abbr> of its health!)</small><br></div><div class="spacer battle-history"><br></div><div class="battle-history">The opposing good mourning used <strong>Knock Off</strong>!<br></div><div class="battle-history"><small>It's not very effective...</small><br></div><div class="battle-history"><small>The substitute took damage for Drapion!</small><br></div><div class="spacer battle-history"><br></div><div class="battle-history"><small>Drapion restored a little HP using its Black Sludge!</small><br></div><div class="battle-history"><small>The opposing good mourning restored a little HP using its Black Sludge!</small><br></div><div class="battle-history"><small>The opposing good mourning's taunt wore off!</small><br></div><div class="spacer battle-history"><br></div><h2 class="battle-history">Turn 19</h2><div class="spacer battle-history"><br></div><div class="battle-history">Eren. withdrew good mourning!<br></div><div class="battle-history">Eren. sent out devil in me (<strong>Aromatisse</strong>)!<br></div><div class="battle-history"><small>The opposing devil in me is hurt by the spikes!</small><br></div><div class="battle-history"><small>Pointed stones dug into the opposing devil in me!</small><br></div><div class="spacer battle-history"><br></div><div class="battle-history">The opposing devil in me fainted!<br></div><div class="battle-history">Drapion used <strong>Acupressure</strong>!<br></div><div class="battle-history"><small>Drapion's accuracy rose sharply!</small><br></div><div class="spacer battle-history"><br></div><div class="battle-history"><small>Drapion restored a little HP using its Black Sludge!</small><br></div><div class="spacer battle-history"><br></div><div class="battle-history">Eren. sent out 100 letters (<strong>Magneton</strong>)!<br></div><div class="battle-history"><small>Pointed stones dug into the opposing 100 letters!</small><br></div><div class="battle-history"><small>The opposing 100 letters is hurt by the spikes!</small><br></div><div class="spacer battle-history"><br></div><h2 class="battle-history">Turn 20</h2><div class="spacer battle-history"><br></div><div class="battle-history">Drapion used <strong>Knock Off</strong>!<br></div><div class="battle-history"><small>(The opposing 100 letters lost <abbr title="−135/241">56.0%</abbr> of its health!)</small><br></div><div class="battle-history"><small>Drapion knocked off the opposing 100 letters's Choice Specs!</small><br></div><div class="spacer battle-history"><br></div><div class="battle-history">The opposing 100 letters used <strong>Volt Switch</strong>!<br></div><div class="battle-history"><small>Drapion's substitute faded!</small><br></div><div class="spacer battle-history"><br></div><div class="battle-history">The opposing 100 letters went back to Eren.!<br></div><div class="battle-history">Eren. sent out strangers (<strong>Sneasel</strong>)!<br></div><div class="battle-history"><small>Pointed stones dug into the opposing strangers!</small><br></div><div class="battle-history"><small>The opposing strangers is hurt by the spikes!</small><br></div><div class="spacer battle-history"><br></div><div class="battle-history"><small>Drapion restored a little HP using its Black Sludge!</small><br></div><div class="spacer battle-history"><br></div><h2 class="battle-history">Turn 21</h2><div class="spacer battle-history"><br></div><div class="battle-history">Drapion, come back!<br></div><div class="battle-history">Go! <strong>Jellicent</strong>!<br></div><div class="spacer battle-history"><br></div><div class="battle-history">The opposing strangers used <strong>Icicle Crash</strong>!<br></div><div class="battle-history"><small>It's not very effective...</small><br></div><div class="battle-history"><small>(Jellicent lost <abbr title="−74/403">18.4%</abbr> of its health!)</small><br></div><div class="battle-history"><small>The opposing strangers lost some of its HP!</small><br></div><div class="spacer battle-history"><br></div><h2 class="battle-history">Turn 22</h2><div class="spacer battle-history"><br></div><div class="battle-history">The opposing strangers used <strong>Knock Off</strong>!<br></div><div class="battle-history"><small>It's super effective!</small><br></div><div class="battle-history"><small>Jellicent ate its Colbur Berry!</small><br></div><div class="battle-history"><small>The Colbur Berry weakened the damage to Jellicent!</small><br></div><div class="battle-history"><small>(Jellicent lost <abbr title="−183/403">45.4%</abbr> of its health!)</small><br></div><div class="battle-history"><small>The opposing strangers lost some of its HP!</small><br></div><div class="spacer battle-history"><br></div><div class="battle-history">The opposing strangers fainted!<br></div><div class="battle-history">Jellicent used <strong>Recover</strong>!<br></div><div class="battle-history"><small>Jellicent restored its HP.</small><br></div><div class="spacer battle-history"><br></div><div class="battle-history">Eren. sent out good mourning (<strong>Venusaur</strong>)!<br></div><div class="battle-history"><small>Pointed stones dug into the opposing good mourning!</small><br></div><div class="battle-history"><small>The opposing good mourning is hurt by the spikes!</small><br></div><div class="spacer battle-history"><br></div><h2 class="battle-history">Turn 23</h2><div class="spacer battle-history"><br></div><div class="battle-history">The opposing good mourning used <strong>Giga Drain</strong>!<br></div><div class="battle-history"><small>It's super effective!</small><br></div><div class="battle-history"><small>(Jellicent lost <abbr title="−162/403">40.2%</abbr> of its health!)</small><br></div><div class="battle-history"><small>Jellicent had its energy drained!</small><br></div><div class="spacer battle-history"><br></div><div class="battle-history">Jellicent used <strong>Will-O-Wisp</strong>!<br></div><div class="battle-history"><small>The opposing good mourning avoided the attack!</small><br></div><div class="spacer battle-history"><br></div><div class="battle-history"><small>The opposing good mourning restored a little HP using its Black Sludge!</small><br></div><div class="spacer battle-history"><br></div><h2 class="battle-history">Turn 24</h2><div class="spacer battle-history"><br></div><div class="battle-history">The opposing good mourning used <strong>Giga Drain</strong>!<br></div><div class="battle-history"><small>It's super effective!</small><br></div><div class="battle-history"><small>(Jellicent lost <abbr title="−164/403">40.7%</abbr> of its health!)</small><br></div><div class="battle-history"><small>Jellicent had its energy drained!</small><br></div><div class="spacer battle-history"><br></div><div class="battle-history">Jellicent used <strong>Will-O-Wisp</strong>!<br></div><div class="battle-history"><small>The opposing good mourning was burned!</small><br></div><div class="spacer battle-history"><br></div><div class="battle-history"><small>The opposing good mourning restored a little HP using its Black Sludge!</small><br></div><div class="battle-history"><small>The opposing good mourning was hurt by its burn!</small><br></div><div class="spacer battle-history"><br></div><h2 class="battle-history">Turn 25</h2><div class="spacer battle-history"><br></div><div class="battle-history">The opposing good mourning used <strong>Giga Drain</strong>!<br></div><div class="battle-history"><small>It's super effective!</small><br></div><div class="battle-history"><small>(Jellicent lost <abbr title="−22/403">5.5%</abbr> of its health!)</small><br></div><div class="battle-history"><small>Jellicent had its energy drained!</small><br></div><div class="spacer battle-history"><br></div><div class="battle-history">Jellicent fainted!<br></div><div class="spacer battle-history"><br></div><div class="battle-history"><small>The opposing good mourning restored a little HP using its Black Sludge!</small><br></div><div class="battle-history"><small>The opposing good mourning was hurt by its burn!</small><br></div><div class="spacer battle-history"><br></div><div class="battle-history">Go! <strong>Drapion</strong>!<br></div><div class="spacer battle-history"><br></div><h2 class="battle-history">Turn 26</h2><div class="spacer battle-history"><br></div><div class="battle-history">Drapion used <strong>Knock Off</strong>!<br></div><div class="battle-history"><small>(The opposing good mourning lost <abbr title="−120/363">33.1%</abbr> of its health!)</small><br></div><div class="battle-history"><small>Drapion knocked off the opposing good mourning's Black Sludge!</small><br></div><div class="spacer battle-history"><br></div><div class="battle-history">The opposing good mourning used <strong>Giga Drain</strong>!<br></div><div class="battle-history"><small>It's not very effective...</small><br></div><div class="battle-history"><small>(Drapion lost <abbr title="−59/281">21.0%</abbr> of its health!)</small><br></div><div class="battle-history"><small>Drapion had its energy drained!</small><br></div><div class="spacer battle-history"><br></div><div class="battle-history"><small>Drapion restored a little HP using its Black Sludge!</small><br></div><div class="battle-history"><small>The opposing good mourning was hurt by its burn!</small><br></div><div class="spacer battle-history"><br></div><h2 class="battle-history">Turn 27</h2><div class="spacer battle-history"><br></div><div class="battle-history">Drapion used <strong>Acupressure</strong>!<br></div><div class="battle-history"><small>Drapion's accuracy rose sharply!</small><br></div><div class="spacer battle-history"><br></div><div class="battle-history">The opposing good mourning used <strong>Synthesis</strong>!<br></div><div class="battle-history"><small>The opposing good mourning restored its HP.</small><br></div><div class="spacer battle-history"><br></div><div class="battle-history"><small>Drapion restored a little HP using its Black Sludge!</small><br></div><div class="battle-history"><small>The opposing good mourning was hurt by its burn!</small><br></div><div class="spacer battle-history"><br></div><h2 class="battle-history">Turn 28</h2><div class="spacer battle-history"><br></div><div class="battle-history">Drapion used <strong>Acupressure</strong>!<br></div><div class="battle-history"><small>Drapion's Special Attack rose sharply!</small><br></div><div class="spacer battle-history"><br></div><div class="battle-history">The opposing good mourning used <strong>Giga Drain</strong>!<br></div><div class="battle-history"><small>It's not very effective...</small><br></div><div class="battle-history"><small>(Drapion lost <abbr title="−54/281">19.2%</abbr> of its health!)</small><br></div><div class="battle-history"><small>Drapion had its energy drained!</small><br></div><div class="spacer battle-history"><br></div><div class="battle-history"><small>Drapion restored a little HP using its Black Sludge!</small><br></div><div class="battle-history"><small>The opposing good mourning was hurt by its burn!</small><br></div><div class="spacer battle-history"><br></div><h2 class="battle-history">Turn 29</h2><div class="spacer battle-history"><br></div><div class="battle-history">Drapion used <strong>Acupressure</strong>!<br></div><div class="battle-history"><small>Drapion's Special Defense rose sharply!</small><br></div><div class="spacer battle-history"><br></div><div class="battle-history">The opposing good mourning used <strong>Knock Off</strong>!<br></div><div class="battle-history"><small>It's not very effective...</small><br></div><div class="battle-history"><small>(Drapion lost <abbr title="−13/281">4.6%</abbr> of its health!)</small><br></div><div class="battle-history"><small>The opposing good mourning knocked off Drapion's Black Sludge!</small><br></div><div class="spacer battle-history"><br></div><div class="battle-history"><small>The opposing good mourning was hurt by its burn!</small><br></div><div class="spacer battle-history"><br></div><h2 class="battle-history">Turn 30</h2><div class="spacer battle-history"><br></div><div class="battle-history">Drapion used <strong>Poison Jab</strong>!<br></div><div class="battle-history"><small>(The opposing good mourning lost <abbr title="−102/363">28.1%</abbr> of its health!)</small><br></div><div class="spacer battle-history"><br></div><div class="battle-history">The opposing good mourning used <strong>Synthesis</strong>!<br></div><div class="battle-history"><small>The opposing good mourning restored its HP.</small><br></div><div class="spacer battle-history"><br></div><div class="battle-history"><small>The opposing good mourning was hurt by its burn!</small><br></div><div class="spacer battle-history"><br></div><h2 class="battle-history">Turn 31</h2><div class="spacer battle-history"><br></div><div class="battle-history">Drapion used <strong>Acupressure</strong>!<br></div><div class="battle-history"><small>Drapion's evasiveness rose sharply!</small><br></div><div class="spacer battle-history"><br></div><div class="battle-history">The opposing good mourning used <strong>Synthesis</strong>!<br></div><div class="battle-history"><small>The opposing good mourning restored its HP.</small><br></div><div class="spacer battle-history"><br></div><div class="battle-history"><small>The opposing good mourning was hurt by its burn!</small><br></div><div class="spacer battle-history"><br></div><h2 class="battle-history">Turn 32</h2><div class="spacer battle-history"><br></div><div class="battle-history">Drapion used <strong>Acupressure</strong>!<br></div><div class="battle-history"><small>Drapion's Speed rose sharply!</small><br></div><div class="spacer battle-history"><br></div><div class="battle-history">The opposing good mourning used <strong>Giga Drain</strong>!<br></div><div class="battle-history"><small>It's not very effective...</small><br></div><div class="battle-history"><small>(Drapion lost <abbr title="−29/281">10.3%</abbr> of its health!)</small><br></div><div class="battle-history"><small>Drapion had its energy drained!</small><br></div><div class="spacer battle-history"><br></div><div class="battle-history"><small>The opposing good mourning was hurt by its burn!</small><br></div><div class="spacer battle-history"><br></div><h2 class="battle-history">Turn 33</h2><div class="spacer battle-history"><br></div><div class="battle-history">Drapion used <strong>Acupressure</strong>!<br></div><div class="battle-history"><small>Drapion's Special Defense rose sharply!</small><br></div><div class="spacer battle-history"><br></div><div class="battle-history">The opposing good mourning used <strong>Giga Drain</strong>!<br></div><div class="battle-history"><small>It's not very effective...</small><br></div><div class="battle-history"><small>(Drapion lost <abbr title="−18/281">6.4%</abbr> of its health!)</small><br></div><div class="battle-history"><small>Drapion had its energy drained!</small><br></div><div class="spacer battle-history"><br></div><div class="battle-history"><small>The opposing good mourning was hurt by its burn!</small><br></div><div class="spacer battle-history"><br></div><h2 class="battle-history">Turn 34</h2><div class="spacer battle-history"><br></div><div class="battle-history">Drapion used <strong>Acupressure</strong>!<br></div><div class="battle-history"><small>Drapion's Attack rose sharply!</small><br></div><div class="spacer battle-history"><br></div><div class="battle-history">The opposing good mourning used <strong>Giga Drain</strong>!<br></div><div class="battle-history"><small>It's not very effective...</small><br></div><div class="battle-history"><small>(Drapion lost <abbr title="−20/281">7.1%</abbr> of its health!)</small><br></div><div class="battle-history"><small>Drapion had its energy drained!</small><br></div><div class="spacer battle-history"><br></div><div class="battle-history"><small>The opposing good mourning was hurt by its burn!</small><br></div><div class="spacer battle-history"><br></div><h2 class="battle-history">Turn 35</h2><div class="spacer battle-history"><br></div><div class="battle-history">Drapion used <strong>Poison Jab</strong>!<br></div><div class="battle-history"><small>(The opposing good mourning lost <abbr title="−193/363">53.2%</abbr> of its health!)</small><br></div><div class="spacer battle-history"><br></div><div class="battle-history">The opposing good mourning used <strong>Synthesis</strong>!<br></div><div class="battle-history"><small>The opposing good mourning restored its HP.</small><br></div><div class="spacer battle-history"><br></div><div class="battle-history"><small>The opposing good mourning was hurt by its burn!</small><br></div><div class="spacer battle-history"><br></div><h2 class="battle-history">Turn 36</h2><div class="spacer battle-history"><br></div><div class="battle-history">Drapion used <strong>Poison Jab</strong>!<br></div><div class="battle-history"><small>(The opposing good mourning lost <abbr title="−160/363">44.1%</abbr> of its health!)</small><br></div><div class="spacer battle-history"><br></div><div class="battle-history">The opposing good mourning fainted!<br></div><div class="chat chatmessage-kushalos"><strong style="color:hsl(241,86%,63.275220778172695%)"><small>☆</small><span class="username" data-name="Kushalos">Kushalos</span>:</strong> <em>gg</em></div><div class="spacer battle-history"><br></div><div class="battle-history"><small>Eren. forfeited.</small><br></div><div class="spacer battle-history"><br></div><div class="battle-history"><strong>Kushalos</strong> won the battle!<br></div></div><div class="inner-preempt"></div></div></div>
</div>
<script>
let daily = Math.floor(Date.now()/1000/60/60/24);document.write('<script src="https://play.pokemonshowdown.com/js/replay-embed.js?version'+daily+'"></'+'script>');
</script>
