<!DOCTYPE html>
<meta charset="utf-8" />
<!-- version 1 -->
<title>RU replay: LCezasfuck vs. Mamadoulestratege</title>
<style>
html,body {font-family:Verdana, sans-serif;font-size:10pt;margin:0;padding:0;}body{padding:12px 0;} .battle-log {font-family:Verdana, sans-serif;font-size:10pt;} .battle-log-inline {border:1px solid #AAAAAA;background:#EEF2F5;color:black;max-width:640px;margin:0 auto 80px;padding-bottom:5px;} .battle-log .inner {padding:4px 8px 0px 8px;} .battle-log .inner-preempt {padding:0 8px 4px 8px;} .battle-log .inner-after {margin-top:0.5em;} .battle-log h2 {margin:0.5em -8px;padding:4px 8px;border:1px solid #AAAAAA;background:#E0E7EA;border-left:0;border-right:0;font-family:Verdana, sans-serif;font-size:13pt;} .battle-log .chat {vertical-align:middle;padding:3px 0 3px 0;font-size:8pt;} .battle-log .chat strong {color:#40576A;} .battle-log .chat em {padding:1px 4px 1px 3px;color:#000000;font-style:normal;} .chat.mine {background:rgba(0,0,0,0.05);margin-left:-8px;margin-right:-8px;padding-left:8px;padding-right:8px;} .spoiler {color:#BBBBBB;background:#BBBBBB;padding:0px 3px;} .spoiler:hover, .spoiler:active, .spoiler-shown {color:#000000;background:#E2E2E2;padding:0px 3px;} .spoiler a {color:#BBBBBB;} .spoiler:hover a, .spoiler:active a, .spoiler-shown a {color:#2288CC;} .chat code, .chat .spoiler:hover code, .chat .spoiler:active code, .chat .spoiler-shown code {border:1px solid #C0C0C0;background:#EEEEEE;color:black;padding:0 2px;} .chat .spoiler code {border:1px solid #CCCCCC;background:#CCCCCC;color:#CCCCCC;} .battle-log .rated {padding:3px 4px;} .battle-log .rated strong {color:white;background:#89A;padding:1px 4px;border-radius:4px;} .spacer {margin-top:0.5em;} .message-announce {background:#6688AA;color:white;padding:1px 4px 2px;} .message-announce a, .broadcast-green a, .broadcast-blue a, .broadcast-red a {color:#DDEEFF;} .broadcast-green {background-color:#559955;color:white;padding:2px 4px;} .broadcast-blue {background-color:#6688AA;color:white;padding:2px 4px;} .infobox {border:1px solid #6688AA;padding:2px 4px;} .infobox-limited {max-height:200px;overflow:auto;overflow-x:hidden;} .broadcast-red {background-color:#AA5544;color:white;padding:2px 4px;} .message-learn-canlearn {font-weight:bold;color:#228822;text-decoration:underline;} .message-learn-cannotlearn {font-weight:bold;color:#CC2222;text-decoration:underline;} .message-effect-weak {font-weight:bold;color:#CC2222;} .message-effect-resist {font-weight:bold;color:#6688AA;} .message-effect-immune {font-weight:bold;color:#666666;} .message-learn-list {margin-top:0;margin-bottom:0;} .message-throttle-notice, .message-error {color:#992222;} .message-overflow, .chat small.message-overflow {font-size:0pt;} .message-overflow::before {font-size:9pt;content:'...';} .subtle {color:#3A4A66;}
</style>
<div class="wrapper replay-wrapper" style="max-width:1180px;margin:0 auto">
<input type="hidden" name="replayid" value="ru-498527865" />
<div class="battle"></div><div class="battle-log"></div><div class="replay-controls"></div><div class="replay-controls-2"></div>
<h1 style="font-weight:normal;text-align:center"><strong>RU</strong><br /><a href="http://pokemonshowdown.com/users/lcezasfuck" class="subtle" target="_blank">LCezasfuck</a> vs. <a href="http://pokemonshowdown.com/users/mamadoulestratege" class="subtle" target="_blank">Mamadoulestratege</a></h1>
<script type="text/plain" class="battle-log-data">|j|LCezasfuck
|j|Mamadoulestratege
|player|p1|LCezasfuck|184
|player|p2|Mamadoulestratege|220
|gametype|singles
|gen|6
|tier|RU
|rated
|seed|8614,16606,56681,44707
|rule|Sleep Clause Mod: Limit one foe put to sleep
|rule|Species Clause: Limit one of each Pokémon
|rule|OHKO Clause: OHKO moves are banned
|rule|Moody Clause: Moody is banned
|rule|Evasion Moves Clause: Evasion moves are banned
|rule|Endless Battle Clause: Forcing endless battles is banned
|rule|HP Percentage Mod: HP is shown in percentages
|clearpoke
|poke|p1|Alomomola, F|item
|poke|p1|Togetic, F|item
|poke|p1|Uxie|item
|poke|p1|Virizion|item
|poke|p1|Glalie, F|item
|poke|p1|Hitmontop, M|item
|poke|p2|Marowak, M|item
|poke|p2|Leavanny, M|item
|poke|p2|Medicham, F|item
|poke|p2|Braviary, M|item
|poke|p2|Glalie, M|item
|poke|p2|Eelektross, M|item
|rule|Swagger Clause: Swagger is banned
|rule|Baton Pass Clause: Limit one Baton Passer, can't pass Spe and other stats simultaneously
|teampreview
|choice|team 5, team 2, team 3, team 4, team 1, team 6|team 2, team 1, team 3, team 4, team 5, team 6
|
|start
|switch|p1a: Glalie|Glalie, F|301\/301
|switch|p2a: Leavanny|Leavanny, M|291\/291
|turn|1
|choice|move spikes mega|move stickyweb
|
|detailschange|p1a: Glalie|Glalie-Mega, F
|-mega|p1a: Glalie|Glalie|Glalitite
|move|p2a: Leavanny|Sticky Web|p1a: Glalie
|-sidestart|p1: LCezasfuck|move: Sticky Web
|move|p1a: Glalie|Spikes|p2a: Leavanny
|-sidestart|p2: Mamadoulestratege|Spikes
|
|upkeep
|turn|2
|choice|move iceshard|move leafblade
|
|move|p1a: Glalie|Ice Shard|p2a: Leavanny
|-supereffective|p2a: Leavanny
|-damage|p2a: Leavanny|123\/291
|move|p2a: Leavanny|Leaf Blade|p1a: Glalie
|-damage|p1a: Glalie|136\/301
|
|upkeep
|turn|3
|choice|move iceshard|move leafblade
|
|move|p1a: Glalie|Ice Shard|p2a: Leavanny
|-supereffective|p2a: Leavanny
|-crit|p2a: Leavanny
|-damage|p2a: Leavanny|0 fnt
|faint|p2a: Leavanny
|
|upkeep
|choice||switch 3
|
|switch|p2a: Medicham|Medicham, F|261\/261
|-damage|p2a: Medicham|229\/261|[from] Spikes
|turn|4
|choice|switch 6|move zenheadbutt
|
|switch|p1a: Hitmontop|Hitmontop, M|304\/304
|-activate|p1a: Hitmontop|move: Sticky Web
|-unboost|p1a: Hitmontop|spe|1
|-ability|p1a: Hitmontop|Intimidate|boost
|-unboost|p2a: Medicham|atk|1
|move|p2a: Medicham|Zen Headbutt|p1a: Hitmontop|[miss]
|-miss|p2a: Medicham|p1a: Hitmontop
|
|upkeep
|turn|5
|choice|move rapidspin|move zenheadbutt
|
|move|p2a: Medicham|Zen Headbutt|p1a: Hitmontop
|-supereffective|p1a: Hitmontop
|-damage|p1a: Hitmontop|134\/304
|move|p1a: Hitmontop|Rapid Spin|p2a: Medicham
|-damage|p2a: Medicham|211\/261
|-sideend|p1: LCezasfuck|Sticky Web|[from] move: Rapid Spin|[of] p1a: Hitmontop
|
|-heal|p1a: Hitmontop|153\/304|[from] item: Leftovers
|upkeep
|turn|6
|choice|switch 5|move zenheadbutt
|
|switch|p1a: Alomomola|Alomomola, F|534\/534
|move|p2a: Medicham|Zen Headbutt|p1a: Alomomola
|-damage|p1a: Alomomola|429\/534
|-damage|p2a: Medicham|168\/261|[from] item: Rocky Helmet|[of] p1a: Alomomola
|
|upkeep
|turn|7
|choice|move toxic|switch 6
|
|switch|p2a: Eelektross|Eelektross, M|373\/373
|move|p1a: Alomomola|Toxic|p2a: Eelektross
|-status|p2a: Eelektross|tox
|
|-damage|p2a: Eelektross|350\/373 tox|[from] psn
|upkeep
|turn|8
|choice|move protect|move acidspray
|
|move|p1a: Alomomola|Protect|p1a: Alomomola
|-singleturn|p1a: Alomomola|Protect
|move|p2a: Eelektross|Acid Spray|p1a: Alomomola
|-activate|p1a: Alomomola|move: Protect
|
|-damage|p2a: Eelektross|304\/373 tox|[from] psn
|upkeep
|turn|9
|choice|move wish|move acidspray
|
|move|p1a: Alomomola|Wish|p1a: Alomomola
|move|p2a: Eelektross|Acid Spray|p1a: Alomomola
|-damage|p1a: Alomomola|349\/534
|-unboost|p1a: Alomomola|spd|2
|
|-damage|p2a: Eelektross|235\/373 tox|[from] psn
|upkeep
|turn|10
|choice|switch 5|move gigadrain
|
|switch|p1a: Hitmontop|Hitmontop, M|153\/304
|-ability|p1a: Hitmontop|Intimidate|boost
|-unboost|p2a: Eelektross|atk|1
|move|p2a: Eelektross|Giga Drain|p1a: Hitmontop
|-damage|p1a: Hitmontop|77\/304
|-heal|p2a: Eelektross|273\/373 tox|[from] drain|[of] p1a: Hitmontop
|
|-heal|p1a: Hitmontop|304\/304|[from] move: Wish|[wisher] Alomomola
|-damage|p2a: Eelektross|181\/373 tox|[from] psn
|upkeep
|turn|11
|choice|move closecombat|move acidspray
|
|move|p1a: Hitmontop|Close Combat|p2a: Eelektross
|-damage|p2a: Eelektross|22\/373 tox
|-unboost|p1a: Hitmontop|def|1
|-unboost|p1a: Hitmontop|spd|1
|move|p2a: Eelektross|Acid Spray|p1a: Hitmontop
|-damage|p1a: Hitmontop|245\/304
|-unboost|p1a: Hitmontop|spd|2
|
|-heal|p1a: Hitmontop|264\/304|[from] item: Leftovers
|-damage|p2a: Eelektross|0 fnt|[from] psn
|upkeep
|faint|p2a: Eelektross
|choice||switch 6
|
|switch|p2a: Medicham|Medicham, F|168\/261
|-damage|p2a: Medicham|136\/261|[from] Spikes
|turn|12
|choice|switch 3|move thunderpunch
|
|switch|p1a: Uxie|Uxie|354\/354
|move|p2a: Medicham|Thunder Punch|p1a: Uxie
|-damage|p1a: Uxie|270\/354
|
|upkeep
|turn|13
|choice|move stealthrock|switch 2
|
|switch|p2a: Marowak|Marowak, M|261\/261
|-damage|p2a: Marowak|229\/261|[from] Spikes
|move|p1a: Uxie|Stealth Rock|p2a: Marowak
|-sidestart|p2: Mamadoulestratege|move: Stealth Rock
|
|upkeep
|turn|14
|c|★LCezasfuck|gg
|choice|move psychic|move knockoff
|
|move|p1a: Uxie|Psychic|p2a: Marowak
|-damage|p2a: Marowak|132\/261
|move|p2a: Marowak|Knock Off|p1a: Uxie
|-supereffective|p1a: Uxie
|-enditem|p1a: Uxie|Colbur Berry|[eat]
|-enditem|p1a: Uxie|Colbur Berry|[weaken]
|-damage|p1a: Uxie|126\/354
|
|upkeep
|turn|15
|choice|move psychic|move knockoff
|
|move|p1a: Uxie|Psychic|p2a: Marowak
|-damage|p2a: Marowak|39\/261
|move|p2a: Marowak|Knock Off|p1a: Uxie
|-supereffective|p1a: Uxie
|-damage|p1a: Uxie|0 fnt
|faint|p1a: Uxie
|
|upkeep
|choice|switch 6|
|
|switch|p1a: Glalie|Glalie-Mega, F|136\/301
|turn|16
|choice|move iceshard|move earthquake
|
|move|p1a: Glalie|Ice Shard|p2a: Marowak
|-supereffective|p2a: Marowak
|-damage|p2a: Marowak|0 fnt
|faint|p2a: Marowak
|
|upkeep
|choice||switch 5
|
|switch|p2a: Glalie|Glalie, M|301\/301
|-damage|p2a: Glalie|226\/301|[from] Stealth Rock
|-damage|p2a: Glalie|189\/301|[from] Spikes
|turn|17
|choice|switch 3|move return mega
|
|switch|p1a: Hitmontop|Hitmontop, M|264\/304
|-ability|p1a: Hitmontop|Intimidate|boost
|-unboost|p2a: Glalie|atk|1
|detailschange|p2a: Glalie|Glalie-Mega, M
|-mega|p2a: Glalie|Glalie|Glalitite
|move|p2a: Glalie|Return|p1a: Hitmontop
|-damage|p1a: Hitmontop|153\/304
|
|-heal|p1a: Hitmontop|172\/304|[from] item: Leftovers
|upkeep
|turn|18
|choice|move toxic|switch 4
|
|switch|p2a: Braviary|Braviary, M|341\/341
|-damage|p2a: Braviary|256\/341|[from] Stealth Rock
|move|p1a: Hitmontop|Toxic|p2a: Braviary
|-status|p2a: Braviary|tox
|
|-heal|p1a: Hitmontop|191\/304|[from] item: Leftovers
|-damage|p2a: Braviary|235\/341 tox|[from] psn
|upkeep
|turn|19
|choice|switch 5|move bravebird
|
|switch|p1a: Alomomola|Alomomola, F|527\/534
|move|p2a: Braviary|Brave Bird|p1a: Alomomola
|-damage|p1a: Alomomola|281\/534
|-damage|p2a: Braviary|179\/341 tox|[from] item: Rocky Helmet|[of] p1a: Alomomola
|-damage|p2a: Braviary|98\/341 tox|[from] recoil|[of] p1a: Alomomola
|
|-damage|p2a: Braviary|56\/341 tox|[from] psn
|upkeep
|turn|20
|choice|move wish|move bravebird
|
|move|p2a: Braviary|Brave Bird|p1a: Alomomola
|-damage|p1a: Alomomola|43\/534
|-damage|p2a: Braviary|0 fnt|[from] item: Rocky Helmet|[of] p1a: Alomomola
|faint|p2a: Braviary
|move|p1a: Alomomola|Wish|p1a: Alomomola
|
|upkeep
|choice||switch 4
|
|switch|p2a: Glalie|Glalie-Mega, M|189\/301
|-damage|p2a: Glalie|114\/301|[from] Stealth Rock
|-damage|p2a: Glalie|77\/301|[from] Spikes
|turn|21
|choice|move protect|move freezedry
|
|move|p1a: Alomomola|Protect|p1a: Alomomola
|-singleturn|p1a: Alomomola|Protect
|move|p2a: Glalie|Freeze-Dry|p1a: Alomomola
|-activate|p1a: Alomomola|move: Protect
|
|-heal|p1a: Alomomola|310\/534|[from] move: Wish|[wisher] Alomomola
|upkeep
|turn|22
|-message|Mamadoulestratege forfeited.
|
|win|LCezasfuck
|player|p1
|player|p2
|l|Mamadoulestratege
|raw|LCezasfuck's rating: 1321 &rarr; <strong>1332<\/strong><br \/>(+11 for winning)
|raw|Mamadoulestratege's rating: 1157 &rarr; <strong>1143<\/strong><br \/>(-14 for losing)</script>
</div>
<div class="battle-log battle-log-inline"><div class="inner"><div class="battle-options"></div><div class="inner"><div class="chat"><small>LCezasfuck joined.</small></div><div class="chat"><small>Mamadoulestratege joined.</small></div><div class=""><small>Format:</small> <br><strong>RU</strong></div><div class="rated"><strong>Rated battle</strong></div><div class=""><small><em>Sleep Clause Mod:</em> Limit one foe put to sleep</small></div><div class=""><small><em>Species Clause:</em> Limit one of each Pokémon</small></div><div class=""><small><em>OHKO Clause:</em> OHKO moves are banned</small></div><div class=""><small><em>Moody Clause:</em> Moody is banned</small></div><div class=""><small><em>Evasion Moves Clause:</em> Evasion moves are banned</small></div><div class=""><small><em>Endless Battle Clause:</em> Forcing endless battles is banned</small></div><div class=""><small><em>HP Percentage Mod:</em> HP is shown in percentages</small></div><div class=""><small><em>Swagger Clause:</em> Swagger is banned</small></div><div class=""><small><em>Baton Pass Clause:</em> Limit one Baton Passer, can't pass Spe and other stats simultaneously</small></div><div class="chat battle-history"><strong>LCezasfuck's team:</strong> <em style="color:#445566;display:block;">Alomomola / Togetic / Uxie / Virizion / Glalie / Hitmontop</em></div><div class="chat battle-history"><strong>Mamadoulestratege's team:</strong> <em style="color:#445566;display:block;">Marowak / Leavanny / Medicham / Braviary / Glalie / Eelektross</em></div><div class="spacer battle-history"><br></div><div class="battle-history">Battle started between LCezasfuck and Mamadoulestratege!<br></div><div class="spacer battle-history"><br></div><div class="battle-history">Go! <strong>Glalie</strong>!<br></div><div class="spacer battle-history"><br></div><div class="battle-history">Mamadoulestratege sent out <strong>Leavanny</strong>!<br></div><div class="spacer battle-history"><br></div><h2 class="battle-history">Turn 1</h2><div class="spacer battle-history"><br></div><div class="battle-history"><small>Glalie's Glalitite is reacting to LCezasfuck's Mega Bracelet!</small><br>Glalie has Mega Evolved into Mega Glalie!<br></div><div class="spacer battle-history"><br></div><div class="battle-history">The opposing Leavanny used <strong>Sticky Web</strong>!<br></div><div class="battle-history"><small>A sticky web spreads out on the ground around your team!</small><br></div><div class="spacer battle-history"><br></div><div class="battle-history">Glalie used <strong>Spikes</strong>!<br></div><div class="battle-history"><small>Spikes were scattered on the ground all around the opposing team!</small><br></div><div class="spacer battle-history"><br></div><h2 class="battle-history">Turn 2</h2><div class="spacer battle-history"><br></div><div class="battle-history">Glalie used <strong>Ice Shard</strong>!<br></div><div class="battle-history"><small>It's super effective!</small><br></div><div class="battle-history"><small>(The opposing Leavanny lost <abbr title="−168/291">57.7%</abbr> of its health!)</small><br></div><div class="spacer battle-history"><br></div><div class="battle-history">The opposing Leavanny used <strong>Leaf Blade</strong>!<br></div><div class="battle-history"><small>(Glalie lost <abbr title="−165/301">54.8%</abbr> of its health!)</small><br></div><div class="spacer battle-history"><br></div><h2 class="battle-history">Turn 3</h2><div class="spacer battle-history"><br></div><div class="battle-history">Glalie used <strong>Ice Shard</strong>!<br></div><div class="battle-history"><small>It's super effective!</small><br></div><div class="battle-history"><small>A critical hit!</small><br></div><div class="battle-history"><small>(The opposing Leavanny lost <abbr title="−123/291">42.3%</abbr> of its health!)</small><br></div><div class="spacer battle-history"><br></div><div class="battle-history">The opposing Leavanny fainted!<br></div><div class="spacer battle-history"><br></div><div class="battle-history">Mamadoulestratege sent out <strong>Medicham</strong>!<br></div><div class="battle-history"><small>The opposing Medicham is hurt by the spikes!</small><br></div><div class="spacer battle-history"><br></div><h2 class="battle-history">Turn 4</h2><div class="spacer battle-history"><br></div><div class="battle-history">Glalie, come back!<br></div><div class="battle-history">Go! <strong>Hitmontop</strong>!<br></div><div class="battle-history"><small>Hitmontop was caught in a sticky web!</small><br></div><div class="battle-history"><small>Hitmontop's Speed fell!</small><br></div><div class="battle-history"><small>[Hitmontop's Intimidate]</small><br></div><div class="battle-history"><small>The opposing Medicham's Attack fell!</small><br></div><div class="spacer battle-history"><br></div><div class="battle-history">The opposing Medicham used <strong>Zen Headbutt</strong>!<br></div><div class="battle-history"><small>Hitmontop avoided the attack!</small><br></div><div class="spacer battle-history"><br></div><h2 class="battle-history">Turn 5</h2><div class="spacer battle-history"><br></div><div class="battle-history">The opposing Medicham used <strong>Zen Headbutt</strong>!<br></div><div class="battle-history"><small>It's super effective!</small><br></div><div class="battle-history"><small>(Hitmontop lost <abbr title="−170/304">55.9%</abbr> of its health!)</small><br></div><div class="spacer battle-history"><br></div><div class="battle-history">Hitmontop used <strong>Rapid Spin</strong>!<br></div><div class="battle-history"><small>(The opposing Medicham lost <abbr title="−18/261">6.9%</abbr> of its health!)</small><br></div><div class="battle-history"><small>The sticky web has disappeared from the ground around your team!</small><br></div><div class="spacer battle-history"><br></div><div class="battle-history"><small>Hitmontop restored a little HP using its Leftovers!</small><br></div><div class="spacer battle-history"><br></div><h2 class="battle-history">Turn 6</h2><div class="spacer battle-history"><br></div><div class="battle-history">Hitmontop, come back!<br></div><div class="battle-history">Go! <strong>Alomomola</strong>!<br></div><div class="spacer battle-history"><br></div><div class="battle-history">The opposing Medicham used <strong>Zen Headbutt</strong>!<br></div><div class="battle-history"><small>(Alomomola lost <abbr title="−105/534">19.7%</abbr> of its health!)</small><br></div><div class="battle-history"><small>The opposing Medicham was hurt by the Rocky Helmet!</small><br></div><div class="spacer battle-history"><br></div><h2 class="battle-history">Turn 7</h2><div class="spacer battle-history"><br></div><div class="battle-history">Mamadoulestratege withdrew Medicham!<br></div><div class="battle-history">Mamadoulestratege sent out <strong>Eelektross</strong>!<br></div><div class="spacer battle-history"><br></div><div class="battle-history">Alomomola used <strong>Toxic</strong>!<br></div><div class="battle-history"><small>The opposing Eelektross was badly poisoned!</small><br></div><div class="spacer battle-history"><br></div><div class="battle-history"><small>The opposing Eelektross was hurt by poison!</small><br></div><div class="spacer battle-history"><br></div><h2 class="battle-history">Turn 8</h2><div class="spacer battle-history"><br></div><div class="battle-history">Alomomola used <strong>Protect</strong>!<br></div><div class="battle-history"><small>Alomomola protected itself!</small><br></div><div class="spacer battle-history"><br></div><div class="battle-history">The opposing Eelektross used <strong>Acid Spray</strong>!<br></div><div class="battle-history"><small>Alomomola protected itself!</small><br></div><div class="spacer battle-history"><br></div><div class="battle-history"><small>The opposing Eelektross was hurt by poison!</small><br></div><div class="spacer battle-history"><br></div><h2 class="battle-history">Turn 9</h2><div class="spacer battle-history"><br></div><div class="battle-history">Alomomola used <strong>Wish</strong>!<br></div><div class="spacer battle-history"><br></div><div class="battle-history">The opposing Eelektross used <strong>Acid Spray</strong>!<br></div><div class="battle-history"><small>(Alomomola lost <abbr title="−80/534">15.0%</abbr> of its health!)</small><br></div><div class="battle-history"><small>Alomomola's Special Defense fell harshly!</small><br></div><div class="spacer battle-history"><br></div><div class="battle-history"><small>The opposing Eelektross was hurt by poison!</small><br></div><div class="spacer battle-history"><br></div><h2 class="battle-history">Turn 10</h2><div class="spacer battle-history"><br></div><div class="battle-history">Alomomola, come back!<br></div><div class="battle-history">Go! <strong>Hitmontop</strong>!<br></div><div class="battle-history"><small>[Hitmontop's Intimidate]</small><br></div><div class="battle-history"><small>The opposing Eelektross's Attack fell!</small><br></div><div class="spacer battle-history"><br></div><div class="battle-history">The opposing Eelektross used <strong>Giga Drain</strong>!<br></div><div class="battle-history"><small>(Hitmontop lost <abbr title="−76/304">25%</abbr> of its health!)</small><br></div><div class="battle-history"><small>Hitmontop had its energy drained!</small><br></div><div class="spacer battle-history"><br></div><div class="battle-history"><small>Alomomola's wish came true!</small><br></div><div class="battle-history"><small>The opposing Eelektross was hurt by poison!</small><br></div><div class="spacer battle-history"><br></div><h2 class="battle-history">Turn 11</h2><div class="spacer battle-history"><br></div><div class="battle-history">Hitmontop used <strong>Close Combat</strong>!<br></div><div class="battle-history"><small>(The opposing Eelektross lost <abbr title="−159/373">42.6%</abbr> of its health!)</small><br></div><div class="battle-history"><small>Hitmontop's Defense fell!</small><br></div><div class="battle-history"><small>Hitmontop's Special Defense fell!</small><br></div><div class="spacer battle-history"><br></div><div class="battle-history">The opposing Eelektross used <strong>Acid Spray</strong>!<br></div><div class="battle-history"><small>(Hitmontop lost <abbr title="−59/304">19.4%</abbr> of its health!)</small><br></div><div class="battle-history"><small>Hitmontop's Special Defense fell harshly!</small><br></div><div class="spacer battle-history"><br></div><div class="battle-history"><small>Hitmontop restored a little HP using its Leftovers!</small><br></div><div class="battle-history"><small>The opposing Eelektross was hurt by poison!</small><br></div><div class="spacer battle-history"><br></div><div class="battle-history">The opposing Eelektross fainted!<br></div><div class="spacer battle-history"><br></div><div class="battle-history">Mamadoulestratege sent out <strong>Medicham</strong>!<br></div><div class="battle-history"><small>The opposing Medicham is hurt by the spikes!</small><br></div><div class="spacer battle-history"><br></div><h2 class="battle-history">Turn 12</h2><div class="spacer battle-history"><br></div><div class="battle-history">Hitmontop, come back!<br></div><div class="battle-history">Go! <strong>Uxie</strong>!<br></div><div class="spacer battle-history"><br></div><div class="battle-history">The opposing Medicham used <strong>Thunder Punch</strong>!<br></div><div class="battle-history"><small>(Uxie lost <abbr title="−84/354">23.7%</abbr> of its health!)</small><br></div><div class="spacer battle-history"><br></div><h2 class="battle-history">Turn 13</h2><div class="spacer battle-history"><br></div><div class="battle-history">Mamadoulestratege withdrew Medicham!<br></div><div class="battle-history">Mamadoulestratege sent out <strong>Marowak</strong>!<br></div><div class="battle-history"><small>The opposing Marowak is hurt by the spikes!</small><br></div><div class="spacer battle-history"><br></div><div class="battle-history">Uxie used <strong>Stealth Rock</strong>!<br></div><div class="battle-history"><small>Pointed stones float in the air around the opposing team!</small><br></div><div class="spacer battle-history"><br></div><h2 class="battle-history">Turn 14</h2><div class="chat chatmessage-lcezasfuck"><strong style="color:hsl(63,60%,38.09380051909%)"><small>★</small><span class="username" data-name="LCezasfuck">LCezasfuck</span>:</strong> <em>gg</em></div><div class="spacer battle-history"><br></div><div class="battle-history">Uxie used <strong>Psychic</strong>!<br></div><div class="battle-history"><small>(The opposing Marowak lost <abbr title="−97/261">37.2%</abbr> of its health!)</small><br></div><div class="spacer battle-history"><br></div><div class="battle-history">The opposing Marowak used <strong>Knock Off</strong>!<br></div><div class="battle-history"><small>It's super effective!</small><br></div><div class="battle-history"><small>Uxie ate its Colbur Berry!</small><br></div><div class="battle-history"><small>The Colbur Berry weakened the damage to Uxie!</small><br></div><div class="battle-history"><small>(Uxie lost <abbr title="−144/354">40.7%</abbr> of its health!)</small><br></div><div class="spacer battle-history"><br></div><h2 class="battle-history">Turn 15</h2><div class="spacer battle-history"><br></div><div class="battle-history">Uxie used <strong>Psychic</strong>!<br></div><div class="battle-history"><small>(The opposing Marowak lost <abbr title="−93/261">35.6%</abbr> of its health!)</small><br></div><div class="spacer battle-history"><br></div><div class="battle-history">The opposing Marowak used <strong>Knock Off</strong>!<br></div><div class="battle-history"><small>It's super effective!</small><br></div><div class="battle-history"><small>(Uxie lost <abbr title="−126/354">35.6%</abbr> of its health!)</small><br></div><div class="spacer battle-history"><br></div><div class="battle-history">Uxie fainted!<br></div><div class="spacer battle-history"><br></div><div class="battle-history">Go! Glalie (<strong>Glalie-Mega</strong>)!<br></div><div class="spacer battle-history"><br></div><h2 class="battle-history">Turn 16</h2><div class="spacer battle-history"><br></div><div class="battle-history">Glalie used <strong>Ice Shard</strong>!<br></div><div class="battle-history"><small>It's super effective!</small><br></div><div class="battle-history"><small>(The opposing Marowak lost <abbr title="−39/261">14.9%</abbr> of its health!)</small><br></div><div class="spacer battle-history"><br></div><div class="battle-history">The opposing Marowak fainted!<br></div><div class="spacer battle-history"><br></div><div class="battle-history">Mamadoulestratege sent out <strong>Glalie</strong>!<br></div><div class="battle-history"><small>Pointed stones dug into the opposing Glalie!</small><br></div><div class="battle-history"><small>The opposing Glalie is hurt by the spikes!</small><br></div><div class="spacer battle-history"><br></div><h2 class="battle-history">Turn 17</h2><div class="spacer battle-history"><br></div><div class="battle-history">Glalie, come back!<br></div><div class="battle-history">Go! <strong>Hitmontop</strong>!<br></div><div class="battle-history"><small>[Hitmontop's Intimidate]</small><br></div><div class="battle-history"><small>The opposing Glalie's Attack fell!</small><br></div><div class="spacer battle-history"><br></div><div class="battle-history"><small>The opposing Glalie's Glalitite is reacting to Mamadoulestratege's Mega Bracelet!</small><br>The opposing Glalie has Mega Evolved into Mega Glalie!<br></div><div class="spacer battle-history"><br></div><div class="battle-history">The opposing Glalie used <strong>Return</strong>!<br></div><div class="battle-history"><small>(Hitmontop lost <abbr title="−111/304">36.5%</abbr> of its health!)</small><br></div><div class="spacer battle-history"><br></div><div class="battle-history"><small>Hitmontop restored a little HP using its Leftovers!</small><br></div><div class="spacer battle-history"><br></div><h2 class="battle-history">Turn 18</h2><div class="spacer battle-history"><br></div><div class="battle-history">Mamadoulestratege withdrew Glalie!<br></div><div class="battle-history">Mamadoulestratege sent out <strong>Braviary</strong>!<br></div><div class="battle-history"><small>Pointed stones dug into the opposing Braviary!</small><br></div><div class="spacer battle-history"><br></div><div class="battle-history">Hitmontop used <strong>Toxic</strong>!<br></div><div class="battle-history"><small>The opposing Braviary was badly poisoned!</small><br></div><div class="spacer battle-history"><br></div><div class="battle-history"><small>Hitmontop restored a little HP using its Leftovers!</small><br></div><div class="battle-history"><small>The opposing Braviary was hurt by poison!</small><br></div><div class="spacer battle-history"><br></div><h2 class="battle-history">Turn 19</h2><div class="spacer battle-history"><br></div><div class="battle-history">Hitmontop, come back!<br></div><div class="battle-history">Go! <strong>Alomomola</strong>!<br></div><div class="spacer battle-history"><br></div><div class="battle-history">The opposing Braviary used <strong>Brave Bird</strong>!<br></div><div class="battle-history"><small>(Alomomola lost <abbr title="−246/534">46.1%</abbr> of its health!)</small><br></div><div class="battle-history"><small>The opposing Braviary was hurt by the Rocky Helmet!</small><br></div><div class="battle-history"><small>The opposing Braviary is damaged by the recoil!</small><br></div><div class="spacer battle-history"><br></div><div class="battle-history"><small>The opposing Braviary was hurt by poison!</small><br></div><div class="spacer battle-history"><br></div><h2 class="battle-history">Turn 20</h2><div class="spacer battle-history"><br></div><div class="battle-history">The opposing Braviary used <strong>Brave Bird</strong>!<br></div><div class="battle-history"><small>(Alomomola lost <abbr title="−238/534">44.6%</abbr> of its health!)</small><br></div><div class="battle-history"><small>The opposing Braviary was hurt by the Rocky Helmet!</small><br></div><div class="spacer battle-history"><br></div><div class="battle-history">The opposing Braviary fainted!<br></div><div class="battle-history">Alomomola used <strong>Wish</strong>!<br></div><div class="spacer battle-history"><br></div><div class="battle-history">Mamadoulestratege sent out Glalie (<strong>Glalie-Mega</strong>)!<br></div><div class="battle-history"><small>Pointed stones dug into the opposing Glalie!</small><br></div><div class="battle-history"><small>The opposing Glalie is hurt by the spikes!</small><br></div><div class="spacer battle-history"><br></div><h2 class="battle-history">Turn 21</h2><div class="spacer battle-history"><br></div><div class="battle-history">Alomomola used <strong>Protect</strong>!<br></div><div class="battle-history"><small>Alomomola protected itself!</small><br></div><div class="spacer battle-history"><br></div><div class="battle-history">The opposing Glalie used <strong>Freeze-Dry</strong>!<br></div><div class="battle-history"><small>Alomomola protected itself!</small><br></div><div class="spacer battle-history"><br></div><div class="battle-history"><small>Alomomola's wish came true!</small><br></div><div class="spacer battle-history"><br></div><h2 class="battle-history">Turn 22</h2><div class="spacer battle-history"><br></div><div class="battle-history"><small>Mamadoulestratege forfeited.</small><br></div><div class="spacer battle-history"><br></div><div class="battle-history"><strong>LCezasfuck</strong> won the battle!<br></div><div class="chat"><small>Mamadoulestratege left.</small></div><div class="chat">LCezasfuck's rating: 1321 → <strong>1332</strong><br>(+11 for winning)</div><div class="chat">Mamadoulestratege's rating: 1157 → <strong>1143</strong><br>(-14 for losing)</div></div><div class="inner-preempt"></div></div></div>
</div>
<script>
let daily = Math.floor(Date.now()/1000/60/60/24);document.write('<script src="https://play.pokemonshowdown.com/js/replay-embed.js?version'+daily+'"></'+'script>');
</script>
