<!DOCTYPE html>
<meta charset="utf-8" />
<!-- version 1 -->
<title>RU replay: NoisyProtag vs. Hugobou</title>
<style>
html,body {font-family:Verdana, sans-serif;font-size:10pt;margin:0;padding:0;}body{padding:12px 0;} .battle-log {font-family:Verdana, sans-serif;font-size:10pt;} .battle-log-inline {border:1px solid #AAAAAA;background:#EEF2F5;color:black;max-width:640px;margin:0 auto 80px;padding-bottom:5px;} .battle-log .inner {padding:4px 8px 0px 8px;} .battle-log .inner-preempt {padding:0 8px 4px 8px;} .battle-log .inner-after {margin-top:0.5em;} .battle-log h2 {margin:0.5em -8px;padding:4px 8px;border:1px solid #AAAAAA;background:#E0E7EA;border-left:0;border-right:0;font-family:Verdana, sans-serif;font-size:13pt;} .battle-log .chat {vertical-align:middle;padding:3px 0 3px 0;font-size:8pt;} .battle-log .chat strong {color:#40576A;} .battle-log .chat em {padding:1px 4px 1px 3px;color:#000000;font-style:normal;} .chat.mine {background:rgba(0,0,0,0.05);margin-left:-8px;margin-right:-8px;padding-left:8px;padding-right:8px;} .spoiler {color:#BBBBBB;background:#BBBBBB;padding:0px 3px;} .spoiler:hover, .spoiler:active, .spoiler-shown {color:#000000;background:#E2E2E2;padding:0px 3px;} .spoiler a {color:#BBBBBB;} .spoiler:hover a, .spoiler:active a, .spoiler-shown a {color:#2288CC;} .chat code, .chat .spoiler:hover code, .chat .spoiler:active code, .chat .spoiler-shown code {border:1px solid #C0C0C0;background:#EEEEEE;color:black;padding:0 2px;} .chat .spoiler code {border:1px solid #CCCCCC;background:#CCCCCC;color:#CCCCCC;} .battle-log .rated {padding:3px 4px;} .battle-log .rated strong {color:white;background:#89A;padding:1px 4px;border-radius:4px;} .spacer {margin-top:0.5em;} .message-announce {background:#6688AA;color:white;padding:1px 4px 2px;} .message-announce a, .broadcast-green a, .broadcast-blue a, .broadcast-red a {color:#DDEEFF;} .broadcast-green {background-color:#559955;color:white;padding:2px 4px;} .broadcast-blue {background-color:#6688AA;color:white;padding:2px 4px;} .infobox {border:1px solid #6688AA;padding:2px 4px;} .infobox-limited {max-height:200px;overflow:auto;overflow-x:hidden;} .broadcast-red {background-color:#AA5544;color:white;padding:2px 4px;} .message-learn-canlearn {font-weight:bold;color:#228822;text-decoration:underline;} .message-learn-cannotlearn {font-weight:bold;color:#CC2222;text-decoration:underline;} .message-effect-weak {font-weight:bold;color:#CC2222;} .message-effect-resist {font-weight:bold;color:#6688AA;} .message-effect-immune {font-weight:bold;color:#666666;} .message-learn-list {margin-top:0;margin-bottom:0;} .message-throttle-notice, .message-error {color:#992222;} .message-overflow, .chat small.message-overflow {font-size:0pt;} .message-overflow::before {font-size:9pt;content:'...';} .subtle {color:#3A4A66;}
</style>
<div class="wrapper replay-wrapper" style="max-width:1180px;margin:0 auto">
<input type="hidden" name="replayid" value="ru-501538124" />
<div class="battle"></div><div class="battle-log"></div><div class="replay-controls"></div><div class="replay-controls-2"></div>
<h1 style="font-weight:normal;text-align:center"><strong>RU</strong><br /><a href="http://pokemonshowdown.com/users/noisyprotag" class="subtle" target="_blank">NoisyProtag</a> vs. <a href="http://pokemonshowdown.com/users/hugobou" class="subtle" target="_blank">Hugobou</a></h1>
<script type="text/plain" class="battle-log-data">|j|NoisyProtag
|j|Hugobou
|player|p1|NoisyProtag|262
|player|p2|Hugobou|137
|gametype|singles
|gen|6
|tier|RU
|rated
|seed|39214,65287,31892,17442
|rule|Sleep Clause Mod: Limit one foe put to sleep
|rule|Species Clause: Limit one of each Pokémon
|rule|OHKO Clause: OHKO moves are banned
|rule|Moody Clause: Moody is banned
|rule|Evasion Moves Clause: Evasion moves are banned
|rule|Endless Battle Clause: Forcing endless battles is banned
|rule|HP Percentage Mod: HP is shown in percentages
|clearpoke
|poke|p1|Aromatisse, M, shiny|item
|poke|p1|Escavalier, F|item
|poke|p1|Gastrodon-East, F|item
|poke|p1|Golbat, M|item
|poke|p1|Slowking, M|item
|poke|p1|Exploud, M|item
|poke|p2|Sceptile, M|item
|poke|p2|Cinccino, F|item
|poke|p2|Accelgor, M|item
|poke|p2|Jolteon, M|item
|poke|p2|Aromatisse, F|item
|poke|p2|Sneasel, M|item
|rule|Swagger Clause: Swagger is banned
|rule|Baton Pass Clause: Limit one Baton Passer, can't pass Spe and other stats simultaneously
|teampreview
|choice|team 6, team 2, team 3, team 4, team 5, team 1|team 2, team 1, team 3, team 4, team 5, team 6
|
|start
|switch|p1a: Exploud|Exploud, M|349\/349
|switch|p2a: No top Tier|Cinccino, F|292\/292
|turn|1
|choice|move boomburst|move tailslap
|
|move|p2a: No top Tier|Tail Slap|p1a: Exploud
|-damage|p1a: Exploud|255\/349
|-crit|p1a: Exploud
|-damage|p1a: Exploud|122\/349
|-damage|p1a: Exploud|34\/349
|-damage|p1a: Exploud|0 fnt
|-hitcount|p1a: Exploud|4
|faint|p1a: Exploud
|
|upkeep
|choice|switch 2|
|
|switch|p1a: Escavalier|Escavalier, F|343\/343
|turn|2
|choice|move knockoff|switch 3
|
|switch|p2a: 1st Speed RU ?|Accelgor, M|364\/364
|move|p1a: Escavalier|Knock Off|p2a: 1st Speed RU ?
|-damage|p2a: 1st Speed RU ?|131\/364
|-enditem|p2a: 1st Speed RU ?|Choice Specs|[from] move: Knock Off|[of] p1a: Escavalier
|
|upkeep
|turn|3
|j|LCezasfuck
|c| LCezasfuck|1st speed RU is ninjask
|c|★Hugobou|Ninjask is PU ;)
|choice|move knockoff|move finalgambit
|
|move|p2a: 1st Speed RU ?|Final Gambit|p1a: Escavalier
|-damage|p1a: Escavalier|212\/343
|faint|p2a: 1st Speed RU ?
|move|p1a: Escavalier|Knock Off|p2: 1st Speed RU ?|[notarget]
|-notarget
|
|upkeep
|c| LCezasfuck|But also allow in RU
|choice||switch 4
|
|switch|p2a: Le meilleur|Jolteon, M|271\/271
|turn|4
|choice|switch 3|move thunderbolt
|
|switch|p1a: Gastrodon|Gastrodon-East, F|426\/426
|move|p2a: Le meilleur|Thunderbolt|p1a: Gastrodon
|-immune|p1a: Gastrodon|[msg]
|
|upkeep
|turn|5
|choice|move earthpower|switch 2
|
|switch|p2a: BL3 :(|Sceptile, M|343\/343
|move|p1a: Gastrodon|Earth Power|p2a: BL3 :(
|-resisted|p2a: BL3 :(
|-damage|p2a: BL3 :(|289\/343
|
|upkeep
|turn|6
|choice|switch 4|move leafstorm
|
|switch|p1a: Golbat|Golbat, M|354\/354
|move|p2a: BL3 :(|Leaf Storm|p1a: Golbat
|-resisted|p1a: Golbat
|-damage|p1a: Golbat|324\/354
|-unboost|p2a: BL3 :(|spa|2
|-enditem|p2a: BL3 :(|White Herb
|-clearnegativeboost|p2a: BL3 :(|[silent]
|
|upkeep
|turn|7
|choice|move superfang|switch 6
|
|switch|p2a: Weawile RU ?|Sneasel, M|252\/252
|move|p1a: Golbat|Super Fang|p2a: Weawile RU ?
|-damage|p2a: Weawile RU ?|126\/252
|
|upkeep
|turn|8
|choice|move superfang|move honeclaws
|
|move|p2a: Weawile RU ?|Hone Claws|p2a: Weawile RU ?
|-boost|p2a: Weawile RU ?|atk|1
|-boost|p2a: Weawile RU ?|accuracy|1
|move|p1a: Golbat|Super Fang|p2a: Weawile RU ?
|-damage|p2a: Weawile RU ?|63\/252
|
|upkeep
|turn|9
|choice|move bravebird|move iciclecrash
|
|move|p2a: Weawile RU ?|Icicle Crash|p1a: Golbat
|-supereffective|p1a: Golbat
|-damage|p1a: Golbat|0 fnt
|faint|p1a: Golbat
|
|upkeep
|choice|switch 4|
|
|switch|p1a: Gastrodon|Gastrodon-East, F|426\/426
|turn|10
|choice|move earthpower|move knockoff
|
|move|p2a: Weawile RU ?|Knock Off|p1a: Gastrodon
|-damage|p1a: Gastrodon|231\/426
|-activate|p1a: Gastrodon|ability: Sticky Hold
|move|p1a: Gastrodon|Earth Power|p2a: Weawile RU ?
|-damage|p2a: Weawile RU ?|0 fnt
|faint|p2a: Weawile RU ?
|
|-heal|p1a: Gastrodon|257\/426|[from] item: Leftovers
|upkeep
|choice||switch 3
|
|switch|p2a: No top Tier|Cinccino, F|292\/292
|turn|11
|choice|move toxic|move bulletseed
|
|move|p2a: No top Tier|Bullet Seed|p1a: Gastrodon
|-supereffective|p1a: Gastrodon
|-damage|p1a: Gastrodon|97\/426
|-supereffective|p1a: Gastrodon
|-damage|p1a: Gastrodon|0 fnt
|-hitcount|p1a: Gastrodon|2
|faint|p1a: Gastrodon
|
|upkeep
|choice|switch 3|
|
|switch|p1a: Escavalier|Escavalier, F|212\/343
|turn|12
|choice|move megahorn|switch 6
|
|switch|p2a: BL3 :(|Sceptile, M|289\/343
|move|p1a: Escavalier|Megahorn|p2a: BL3 :(
|-supereffective|p2a: BL3 :(
|-damage|p2a: BL3 :(|0 fnt
|faint|p2a: BL3 :(
|
|upkeep
|choice||switch 2
|
|switch|p2a: Le meilleur|Jolteon, M|271\/271
|turn|13
|choice|switch 6|move thunderbolt
|
|switch|p1a: Aromatisse|Aromatisse, M, shiny|406\/406
|move|p2a: Le meilleur|Thunderbolt|p1a: Aromatisse
|-damage|p1a: Aromatisse|168\/406
|
|-heal|p1a: Aromatisse|193\/406|[from] item: Leftovers
|upkeep
|turn|14
|choice|move protect|move thunderbolt
|
|move|p1a: Aromatisse|Protect|p1a: Aromatisse
|-singleturn|p1a: Aromatisse|Protect
|move|p2a: Le meilleur|Thunderbolt|p1a: Aromatisse
|-activate|p1a: Aromatisse|move: Protect
|
|-heal|p1a: Aromatisse|218\/406|[from] item: Leftovers
|upkeep
|turn|15
|choice|move protect|move thunderbolt
|
|move|p1a: Aromatisse|Protect|p1a: Aromatisse
|-fail|p1a: Aromatisse
|move|p2a: Le meilleur|Thunderbolt|p1a: Aromatisse
|-crit|p1a: Aromatisse
|-damage|p1a: Aromatisse|0 fnt
|faint|p1a: Aromatisse
|
|upkeep
|choice|switch 6|
|
|switch|p1a: Escavalier|Escavalier, F|212\/343
|turn|16
|choice|move drillrun|move thunderbolt
|
|move|p2a: Le meilleur|Thunderbolt|p1a: Escavalier
|-damage|p1a: Escavalier|86\/343
|move|p1a: Escavalier|Drill Run|p2a: Le meilleur
|-supereffective|p2a: Le meilleur
|-damage|p2a: Le meilleur|0 fnt
|faint|p2a: Le meilleur
|
|upkeep
|choice||switch 6
|
|switch|p2a: No top Tier|Cinccino, F|292\/292
|turn|17
|choice|move knockoff|move tailslap
|
|move|p2a: No top Tier|Tail Slap|p1a: Escavalier|[miss]
|-miss|p2a: No top Tier|p1a: Escavalier
|move|p1a: Escavalier|Knock Off|p2a: No top Tier
|-damage|p2a: No top Tier|116\/292
|-enditem|p2a: No top Tier|Choice Band|[from] move: Knock Off|[of] p1a: Escavalier
|
|upkeep
|turn|18
|choice|move ironhead|move tailslap
|
|move|p2a: No top Tier|Tail Slap|p1a: Escavalier
|-resisted|p1a: Escavalier
|-damage|p1a: Escavalier|67\/343
|-resisted|p1a: Escavalier
|-damage|p1a: Escavalier|47\/343
|-resisted|p1a: Escavalier
|-crit|p1a: Escavalier
|-damage|p1a: Escavalier|18\/343
|-resisted|p1a: Escavalier
|-damage|p1a: Escavalier|0 fnt
|-hitcount|p1a: Escavalier|4
|faint|p1a: Escavalier
|
|upkeep
|choice|switch 5|
|
|switch|p1a: Slowking|Slowking, M|393\/393
|turn|19
|choice|move scald|switch 5
|
|switch|p2a: Trick Room ?|Aromatisse, F|406\/406
|move|p1a: Slowking|Scald|p2a: Trick Room ?
|-damage|p2a: Trick Room ?|322\/406
|
|-heal|p2a: Trick Room ?|347\/406|[from] item: Leftovers
|upkeep
|turn|20
|choice|move calmmind|move moonblast
|
|move|p1a: Slowking|Calm Mind|p1a: Slowking
|-boost|p1a: Slowking|spa|1
|-boost|p1a: Slowking|spd|1
|move|p2a: Trick Room ?|Moonblast|p1a: Slowking
|-damage|p1a: Slowking|321\/393
|
|-heal|p1a: Slowking|345\/393|[from] item: Leftovers
|-heal|p2a: Trick Room ?|372\/406|[from] item: Leftovers
|upkeep
|turn|21
|choice|move calmmind|move wish
|
|move|p1a: Slowking|Calm Mind|p1a: Slowking
|-boost|p1a: Slowking|spa|1
|-boost|p1a: Slowking|spd|1
|move|p2a: Trick Room ?|Wish|p2a: Trick Room ?
|
|-heal|p1a: Slowking|369\/393|[from] item: Leftovers
|-heal|p2a: Trick Room ?|397\/406|[from] item: Leftovers
|upkeep
|turn|22
|choice|move calmmind|move moonblast
|
|move|p1a: Slowking|Calm Mind|p1a: Slowking
|-boost|p1a: Slowking|spa|1
|-boost|p1a: Slowking|spd|1
|move|p2a: Trick Room ?|Moonblast|p1a: Slowking
|-damage|p1a: Slowking|327\/393
|
|-heal|p2a: Trick Room ?|406\/406|[from] move: Wish|[wisher] Trick Room ?
|-heal|p1a: Slowking|351\/393|[from] item: Leftovers
|upkeep
|turn|23
|choice|move scald|switch 5
|
|switch|p2a: No top Tier|Cinccino, F|116\/292
|move|p1a: Slowking|Scald|p2a: No top Tier
|-damage|p2a: No top Tier|0 fnt
|faint|p2a: No top Tier
|
|-heal|p1a: Slowking|375\/393|[from] item: Leftovers
|upkeep
|choice||switch 5
|
|switch|p2a: Trick Room ?|Aromatisse, F|406\/406
|turn|24
|choice|move scald|move moonblast
|
|move|p1a: Slowking|Scald|p2a: Trick Room ?
|-damage|p2a: Trick Room ?|193\/406
|-status|p2a: Trick Room ?|brn
|move|p2a: Trick Room ?|Moonblast|p1a: Slowking
|-damage|p1a: Slowking|332\/393
|
|-heal|p1a: Slowking|356\/393|[from] item: Leftovers
|-heal|p2a: Trick Room ?|218\/406 brn|[from] item: Leftovers
|-damage|p2a: Trick Room ?|168\/406 brn|[from] brn
|upkeep
|turn|25
|-message|Hugobou forfeited.
|
|win|NoisyProtag
|player|p1
|player|p2
|l|Hugobou
|raw|NoisyProtag's rating: 1074 &rarr; <strong>1107<\/strong><br \/>(+33 for winning)
|raw|Hugobou's rating: 1123 &rarr; <strong>1094<\/strong><br \/>(-29 for losing)</script>
</div>
<div class="battle-log battle-log-inline"><div class="inner"><div class="battle-options"></div><div class="inner"><div class="chat"><small>NoisyProtag joined.</small></div><div class="chat"><small>Hugobou joined.</small></div><div class=""><small>Format:</small> <br><strong>RU</strong></div><div class="rated"><strong>Rated battle</strong></div><div class=""><small><em>Sleep Clause Mod:</em> Limit one foe put to sleep</small></div><div class=""><small><em>Species Clause:</em> Limit one of each Pokémon</small></div><div class=""><small><em>OHKO Clause:</em> OHKO moves are banned</small></div><div class=""><small><em>Moody Clause:</em> Moody is banned</small></div><div class=""><small><em>Evasion Moves Clause:</em> Evasion moves are banned</small></div><div class=""><small><em>Endless Battle Clause:</em> Forcing endless battles is banned</small></div><div class=""><small><em>HP Percentage Mod:</em> HP is shown in percentages</small></div><div class=""><small><em>Swagger Clause:</em> Swagger is banned</small></div><div class=""><small><em>Baton Pass Clause:</em> Limit one Baton Passer, can't pass Spe and other stats simultaneously</small></div><div class="chat battle-history"><strong>NoisyProtag's team:</strong> <em style="color:#445566;display:block;">Aromatisse / Escavalier / Gastrodon-East / Golbat / Slowking / Exploud</em></div><div class="chat battle-history"><strong>Hugobou's team:</strong> <em style="color:#445566;display:block;">Sceptile / Cinccino / Accelgor / Jolteon / Aromatisse / Sneasel</em></div><div class="spacer battle-history"><br></div><div class="battle-history">Battle started between NoisyProtag and Hugobou!<br></div><div class="spacer battle-history"><br></div><div class="battle-history">Go! <strong>Exploud</strong>!<br></div><div class="spacer battle-history"><br></div><div class="battle-history">Hugobou sent out No top Tier (<strong>Cinccino</strong>)!<br></div><div class="spacer battle-history"><br></div><h2 class="battle-history">Turn 1</h2><div class="spacer battle-history"><br></div><div class="battle-history">The opposing No top Tier used <strong>Tail Slap</strong>!<br></div><div class="battle-history"><small>(Exploud lost <abbr title="−94/349">26.9%</abbr> of its health!)</small><br></div><div class="battle-history"><small>A critical hit!</small><br></div><div class="battle-history"><small>(Exploud lost <abbr title="−133/349">38.1%</abbr> of its health!)</small><br></div><div class="battle-history"><small>(Exploud lost <abbr title="−88/349">25.2%</abbr> of its health!)</small><br></div><div class="battle-history"><small>(Exploud lost <abbr title="−34/349">9.7%</abbr> of its health!)</small><br></div><div class="battle-history"><small>Hit 4 times!</small><br></div><div class="spacer battle-history"><br></div><div class="battle-history">Exploud fainted!<br></div><div class="spacer battle-history"><br></div><div class="battle-history">Go! <strong>Escavalier</strong>!<br></div><div class="spacer battle-history"><br></div><h2 class="battle-history">Turn 2</h2><div class="spacer battle-history"><br></div><div class="battle-history">Hugobou withdrew No top Tier!<br></div><div class="battle-history">Hugobou sent out 1st Speed RU ? (<strong>Accelgor</strong>)!<br></div><div class="spacer battle-history"><br></div><div class="battle-history">Escavalier used <strong>Knock Off</strong>!<br></div><div class="battle-history"><small>(The opposing 1st Speed RU ? lost <abbr title="−233/364">64.0%</abbr> of its health!)</small><br></div><div class="battle-history"><small>Escavalier knocked off the opposing 1st Speed RU ?'s Choice Specs!</small><br></div><div class="spacer battle-history"><br></div><h2 class="battle-history">Turn 3</h2><div class="chat"><small>LCezasfuck joined.</small></div><div class="chat chatmessage-lcezasfuck"><strong style="color:hsl(63,60%,38.09380051909%)"><small> </small><span class="username" data-name="LCezasfuck">LCezasfuck</span>:</strong> <em>1st speed RU is ninjask</em></div><div class="chat chatmessage-hugobou"><strong style="color:hsl(94,49%,37%)"><small>★</small><span class="username" data-name="Hugobou">Hugobou</span>:</strong> <em>Ninjask is PU ;)</em></div><div class="spacer battle-history"><br></div><div class="battle-history">The opposing 1st Speed RU ? used <strong>Final Gambit</strong>!<br></div><div class="battle-history"><small>(Escavalier lost <abbr title="−131/343">38.2%</abbr> of its health!)</small><br></div><div class="spacer battle-history"><br></div><div class="battle-history">The opposing 1st Speed RU ? fainted!<br></div><div class="battle-history">Escavalier used <strong>Knock Off</strong>!<br></div><div class="battle-history"><small>But there was no target...</small><br></div><div class="chat chatmessage-lcezasfuck"><strong style="color:hsl(63,60%,38.09380051909%)"><small> </small><span class="username" data-name="LCezasfuck">LCezasfuck</span>:</strong> <em>But also allow in RU</em></div><div class="spacer battle-history"><br></div><div class="battle-history">Hugobou sent out Le meilleur (<strong>Jolteon</strong>)!<br></div><div class="spacer battle-history"><br></div><h2 class="battle-history">Turn 4</h2><div class="spacer battle-history"><br></div><div class="battle-history">Escavalier, come back!<br></div><div class="battle-history">Go! Gastrodon (<strong>Gastrodon-East</strong>)!<br></div><div class="spacer battle-history"><br></div><div class="battle-history">The opposing Le meilleur used <strong>Thunderbolt</strong>!<br></div><div class="battle-history"><small>It doesn't affect Gastrodon...</small><br></div><div class="spacer battle-history"><br></div><h2 class="battle-history">Turn 5</h2><div class="spacer battle-history"><br></div><div class="battle-history">Hugobou withdrew Le meilleur!<br></div><div class="battle-history">Hugobou sent out BL3 :( (<strong>Sceptile</strong>)!<br></div><div class="spacer battle-history"><br></div><div class="battle-history">Gastrodon used <strong>Earth Power</strong>!<br></div><div class="battle-history"><small>It's not very effective...</small><br></div><div class="battle-history"><small>(The opposing BL3 :( lost <abbr title="−54/343">15.7%</abbr> of its health!)</small><br></div><div class="spacer battle-history"><br></div><h2 class="battle-history">Turn 6</h2><div class="spacer battle-history"><br></div><div class="battle-history">Gastrodon, come back!<br></div><div class="battle-history">Go! <strong>Golbat</strong>!<br></div><div class="spacer battle-history"><br></div><div class="battle-history">The opposing BL3 :( used <strong>Leaf Storm</strong>!<br></div><div class="battle-history"><small>It's not very effective...</small><br></div><div class="battle-history"><small>(Golbat lost <abbr title="−30/354">8.5%</abbr> of its health!)</small><br></div><div class="battle-history"><small>The opposing BL3 :('s Special Attack fell harshly!</small><br></div><div class="battle-history"><small>The opposing BL3 :( returned its status to normal using its White Herb!</small><br></div><div class="spacer battle-history"><br></div><h2 class="battle-history">Turn 7</h2><div class="spacer battle-history"><br></div><div class="battle-history">Hugobou withdrew BL3 :(!<br></div><div class="battle-history">Hugobou sent out Weawile RU ? (<strong>Sneasel</strong>)!<br></div><div class="spacer battle-history"><br></div><div class="battle-history">Golbat used <strong>Super Fang</strong>!<br></div><div class="battle-history"><small>(The opposing Weawile RU ? lost <abbr title="−126/252">50%</abbr> of its health!)</small><br></div><div class="spacer battle-history"><br></div><h2 class="battle-history">Turn 8</h2><div class="spacer battle-history"><br></div><div class="battle-history">The opposing Weawile RU ? used <strong>Hone Claws</strong>!<br></div><div class="battle-history"><small>The opposing Weawile RU ?'s Attack rose!</small><br></div><div class="battle-history"><small>The opposing Weawile RU ?'s accuracy rose!</small><br></div><div class="spacer battle-history"><br></div><div class="battle-history">Golbat used <strong>Super Fang</strong>!<br></div><div class="battle-history"><small>(The opposing Weawile RU ? lost <abbr title="−63/252">25%</abbr> of its health!)</small><br></div><div class="spacer battle-history"><br></div><h2 class="battle-history">Turn 9</h2><div class="spacer battle-history"><br></div><div class="battle-history">The opposing Weawile RU ? used <strong>Icicle Crash</strong>!<br></div><div class="battle-history"><small>It's super effective!</small><br></div><div class="battle-history"><small>(Golbat lost <abbr title="−324/354">91.5%</abbr> of its health!)</small><br></div><div class="spacer battle-history"><br></div><div class="battle-history">Golbat fainted!<br></div><div class="spacer battle-history"><br></div><div class="battle-history">Go! Gastrodon (<strong>Gastrodon-East</strong>)!<br></div><div class="spacer battle-history"><br></div><h2 class="battle-history">Turn 10</h2><div class="spacer battle-history"><br></div><div class="battle-history">The opposing Weawile RU ? used <strong>Knock Off</strong>!<br></div><div class="battle-history"><small>(Gastrodon lost <abbr title="−195/426">45.8%</abbr> of its health!)</small><br></div><div class="battle-history"><small>[Gastrodon's Sticky Hold]</small><br><small>Gastrodon's item cannot be removed!</small><br></div><div class="spacer battle-history"><br></div><div class="battle-history">Gastrodon used <strong>Earth Power</strong>!<br></div><div class="battle-history"><small>(The opposing Weawile RU ? lost <abbr title="−63/252">25%</abbr> of its health!)</small><br></div><div class="spacer battle-history"><br></div><div class="battle-history">The opposing Weawile RU ? fainted!<br></div><div class="spacer battle-history"><br></div><div class="battle-history"><small>Gastrodon restored a little HP using its Leftovers!</small><br></div><div class="spacer battle-history"><br></div><div class="battle-history">Hugobou sent out No top Tier (<strong>Cinccino</strong>)!<br></div><div class="spacer battle-history"><br></div><h2 class="battle-history">Turn 11</h2><div class="spacer battle-history"><br></div><div class="battle-history">The opposing No top Tier used <strong>Bullet Seed</strong>!<br></div><div class="battle-history"><small>It's super effective!</small><br></div><div class="battle-history"><small>(Gastrodon lost <abbr title="−160/426">37.6%</abbr> of its health!)</small><br></div><div class="battle-history"><small>It's super effective!</small><br></div><div class="battle-history"><small>(Gastrodon lost <abbr title="−97/426">22.8%</abbr> of its health!)</small><br></div><div class="battle-history"><small>Hit 2 times!</small><br></div><div class="spacer battle-history"><br></div><div class="battle-history">Gastrodon fainted!<br></div><div class="spacer battle-history"><br></div><div class="battle-history">Go! <strong>Escavalier</strong>!<br></div><div class="spacer battle-history"><br></div><h2 class="battle-history">Turn 12</h2><div class="spacer battle-history"><br></div><div class="battle-history">Hugobou withdrew No top Tier!<br></div><div class="battle-history">Hugobou sent out BL3 :( (<strong>Sceptile</strong>)!<br></div><div class="spacer battle-history"><br></div><div class="battle-history">Escavalier used <strong>Megahorn</strong>!<br></div><div class="battle-history"><small>It's super effective!</small><br></div><div class="battle-history"><small>(The opposing BL3 :( lost <abbr title="−289/343">84.3%</abbr> of its health!)</small><br></div><div class="spacer battle-history"><br></div><div class="battle-history">The opposing BL3 :( fainted!<br></div><div class="spacer battle-history"><br></div><div class="battle-history">Hugobou sent out Le meilleur (<strong>Jolteon</strong>)!<br></div><div class="spacer battle-history"><br></div><h2 class="battle-history">Turn 13</h2><div class="spacer battle-history"><br></div><div class="battle-history">Escavalier, come back!<br></div><div class="battle-history">Go! <strong>Aromatisse</strong>!<br></div><div class="spacer battle-history"><br></div><div class="battle-history">The opposing Le meilleur used <strong>Thunderbolt</strong>!<br></div><div class="battle-history"><small>(Aromatisse lost <abbr title="−238/406">58.6%</abbr> of its health!)</small><br></div><div class="spacer battle-history"><br></div><div class="battle-history"><small>Aromatisse restored a little HP using its Leftovers!</small><br></div><div class="spacer battle-history"><br></div><h2 class="battle-history">Turn 14</h2><div class="spacer battle-history"><br></div><div class="battle-history">Aromatisse used <strong>Protect</strong>!<br></div><div class="battle-history"><small>Aromatisse protected itself!</small><br></div><div class="spacer battle-history"><br></div><div class="battle-history">The opposing Le meilleur used <strong>Thunderbolt</strong>!<br></div><div class="battle-history"><small>Aromatisse protected itself!</small><br></div><div class="spacer battle-history"><br></div><div class="battle-history"><small>Aromatisse restored a little HP using its Leftovers!</small><br></div><div class="spacer battle-history"><br></div><h2 class="battle-history">Turn 15</h2><div class="spacer battle-history"><br></div><div class="battle-history">Aromatisse used <strong>Protect</strong>!<br></div><div class="battle-history"><small>But it failed!</small><br></div><div class="spacer battle-history"><br></div><div class="battle-history">The opposing Le meilleur used <strong>Thunderbolt</strong>!<br></div><div class="battle-history"><small>A critical hit!</small><br></div><div class="battle-history"><small>(Aromatisse lost <abbr title="−218/406">53.7%</abbr> of its health!)</small><br></div><div class="spacer battle-history"><br></div><div class="battle-history">Aromatisse fainted!<br></div><div class="spacer battle-history"><br></div><div class="battle-history">Go! <strong>Escavalier</strong>!<br></div><div class="spacer battle-history"><br></div><h2 class="battle-history">Turn 16</h2><div class="spacer battle-history"><br></div><div class="battle-history">The opposing Le meilleur used <strong>Thunderbolt</strong>!<br></div><div class="battle-history"><small>(Escavalier lost <abbr title="−126/343">36.7%</abbr> of its health!)</small><br></div><div class="spacer battle-history"><br></div><div class="battle-history">Escavalier used <strong>Drill Run</strong>!<br></div><div class="battle-history"><small>It's super effective!</small><br></div><div class="battle-history"><small>(The opposing Le meilleur lost <abbr title="−271/271">100%</abbr> of its health!)</small><br></div><div class="spacer battle-history"><br></div><div class="battle-history">The opposing Le meilleur fainted!<br></div><div class="spacer battle-history"><br></div><div class="battle-history">Hugobou sent out No top Tier (<strong>Cinccino</strong>)!<br></div><div class="spacer battle-history"><br></div><h2 class="battle-history">Turn 17</h2><div class="spacer battle-history"><br></div><div class="battle-history">The opposing No top Tier used <strong>Tail Slap</strong>!<br></div><div class="battle-history"><small>Escavalier avoided the attack!</small><br></div><div class="spacer battle-history"><br></div><div class="battle-history">Escavalier used <strong>Knock Off</strong>!<br></div><div class="battle-history"><small>(The opposing No top Tier lost <abbr title="−176/292">60.3%</abbr> of its health!)</small><br></div><div class="battle-history"><small>Escavalier knocked off the opposing No top Tier's Choice Band!</small><br></div><div class="spacer battle-history"><br></div><h2 class="battle-history">Turn 18</h2><div class="spacer battle-history"><br></div><div class="battle-history">The opposing No top Tier used <strong>Tail Slap</strong>!<br></div><div class="battle-history"><small>It's not very effective...</small><br></div><div class="battle-history"><small>(Escavalier lost <abbr title="−19/343">5.5%</abbr> of its health!)</small><br></div><div class="battle-history"><small>It's not very effective...</small><br></div><div class="battle-history"><small>(Escavalier lost <abbr title="−20/343">5.8%</abbr> of its health!)</small><br></div><div class="battle-history"><small>It's not very effective...</small><br></div><div class="battle-history"><small>A critical hit!</small><br></div><div class="battle-history"><small>(Escavalier lost <abbr title="−29/343">8.5%</abbr> of its health!)</small><br></div><div class="battle-history"><small>It's not very effective...</small><br></div><div class="battle-history"><small>(Escavalier lost <abbr title="−18/343">5.2%</abbr> of its health!)</small><br></div><div class="battle-history"><small>Hit 4 times!</small><br></div><div class="spacer battle-history"><br></div><div class="battle-history">Escavalier fainted!<br></div><div class="spacer battle-history"><br></div><div class="battle-history">Go! <strong>Slowking</strong>!<br></div><div class="spacer battle-history"><br></div><h2 class="battle-history">Turn 19</h2><div class="spacer battle-history"><br></div><div class="battle-history">Hugobou withdrew No top Tier!<br></div><div class="battle-history">Hugobou sent out Trick Room ? (<strong>Aromatisse</strong>)!<br></div><div class="spacer battle-history"><br></div><div class="battle-history">Slowking used <strong>Scald</strong>!<br></div><div class="battle-history"><small>(The opposing Trick Room ? lost <abbr title="−84/406">20.7%</abbr> of its health!)</small><br></div><div class="spacer battle-history"><br></div><div class="battle-history"><small>The opposing Trick Room ? restored a little HP using its Leftovers!</small><br></div><div class="spacer battle-history"><br></div><h2 class="battle-history">Turn 20</h2><div class="spacer battle-history"><br></div><div class="battle-history">Slowking used <strong>Calm Mind</strong>!<br></div><div class="battle-history"><small>Slowking's Special Attack rose!</small><br></div><div class="battle-history"><small>Slowking's Special Defense rose!</small><br></div><div class="spacer battle-history"><br></div><div class="battle-history">The opposing Trick Room ? used <strong>Moonblast</strong>!<br></div><div class="battle-history"><small>(Slowking lost <abbr title="−72/393">18.3%</abbr> of its health!)</small><br></div><div class="spacer battle-history"><br></div><div class="battle-history"><small>Slowking restored a little HP using its Leftovers!</small><br></div><div class="battle-history"><small>The opposing Trick Room ? restored a little HP using its Leftovers!</small><br></div><div class="spacer battle-history"><br></div><h2 class="battle-history">Turn 21</h2><div class="spacer battle-history"><br></div><div class="battle-history">Slowking used <strong>Calm Mind</strong>!<br></div><div class="battle-history"><small>Slowking's Special Attack rose!</small><br></div><div class="battle-history"><small>Slowking's Special Defense rose!</small><br></div><div class="spacer battle-history"><br></div><div class="battle-history">The opposing Trick Room ? used <strong>Wish</strong>!<br></div><div class="spacer battle-history"><br></div><div class="battle-history"><small>Slowking restored a little HP using its Leftovers!</small><br></div><div class="battle-history"><small>The opposing Trick Room ? restored a little HP using its Leftovers!</small><br></div><div class="spacer battle-history"><br></div><h2 class="battle-history">Turn 22</h2><div class="spacer battle-history"><br></div><div class="battle-history">Slowking used <strong>Calm Mind</strong>!<br></div><div class="battle-history"><small>Slowking's Special Attack rose!</small><br></div><div class="battle-history"><small>Slowking's Special Defense rose!</small><br></div><div class="spacer battle-history"><br></div><div class="battle-history">The opposing Trick Room ? used <strong>Moonblast</strong>!<br></div><div class="battle-history"><small>(Slowking lost <abbr title="−42/393">10.7%</abbr> of its health!)</small><br></div><div class="spacer battle-history"><br></div><div class="battle-history"><small>Trick Room ?'s wish came true!</small><br></div><div class="battle-history"><small>Slowking restored a little HP using its Leftovers!</small><br></div><div class="spacer battle-history"><br></div><h2 class="battle-history">Turn 23</h2><div class="spacer battle-history"><br></div><div class="battle-history">Hugobou withdrew Trick Room ?!<br></div><div class="battle-history">Hugobou sent out No top Tier (<strong>Cinccino</strong>)!<br></div><div class="spacer battle-history"><br></div><div class="battle-history">Slowking used <strong>Scald</strong>!<br></div><div class="battle-history"><small>(The opposing No top Tier lost <abbr title="−116/292">39.7%</abbr> of its health!)</small><br></div><div class="spacer battle-history"><br></div><div class="battle-history">The opposing No top Tier fainted!<br></div><div class="spacer battle-history"><br></div><div class="battle-history"><small>Slowking restored a little HP using its Leftovers!</small><br></div><div class="spacer battle-history"><br></div><div class="battle-history">Hugobou sent out Trick Room ? (<strong>Aromatisse</strong>)!<br></div><div class="spacer battle-history"><br></div><h2 class="battle-history">Turn 24</h2><div class="spacer battle-history"><br></div><div class="battle-history">Slowking used <strong>Scald</strong>!<br></div><div class="battle-history"><small>(The opposing Trick Room ? lost <abbr title="−213/406">52.5%</abbr> of its health!)</small><br></div><div class="battle-history"><small>The opposing Trick Room ? was burned!</small><br></div><div class="spacer battle-history"><br></div><div class="battle-history">The opposing Trick Room ? used <strong>Moonblast</strong>!<br></div><div class="battle-history"><small>(Slowking lost <abbr title="−43/393">10.9%</abbr> of its health!)</small><br></div><div class="spacer battle-history"><br></div><div class="battle-history"><small>Slowking restored a little HP using its Leftovers!</small><br></div><div class="battle-history"><small>The opposing Trick Room ? restored a little HP using its Leftovers!</small><br></div><div class="battle-history"><small>The opposing Trick Room ? was hurt by its burn!</small><br></div><div class="spacer battle-history"><br></div><h2 class="battle-history">Turn 25</h2><div class="spacer battle-history"><br></div><div class="battle-history"><small>Hugobou forfeited.</small><br></div><div class="spacer battle-history"><br></div><div class="battle-history"><strong>NoisyProtag</strong> won the battle!<br></div><div class="chat"><small>Hugobou left.</small></div><div class="chat">NoisyProtag's rating: 1074 → <strong>1107</strong><br>(+33 for winning)</div><div class="chat">Hugobou's rating: 1123 → <strong>1094</strong><br>(-29 for losing)</div></div><div class="inner-preempt"></div></div></div>
</div>
<script>
let daily = Math.floor(Date.now()/1000/60/60/24);document.write('<script src="https://play.pokemonshowdown.com/js/replay-embed.js?version'+daily+'"></'+'script>');
</script>
