<!DOCTYPE html>
<meta charset="utf-8" />
<!-- version 1 -->
<title>RU replay: sSantu ♧ vs. Ajna</title>
<style>
html,body {font-family:Verdana, sans-serif;font-size:10pt;margin:0;padding:0;}body{padding:12px 0;} .battle-log {font-family:Verdana, sans-serif;font-size:10pt;} .battle-log-inline {border:1px solid #AAAAAA;background:#EEF2F5;color:black;max-width:640px;margin:0 auto 80px;padding-bottom:5px;} .battle-log .inner {padding:4px 8px 0px 8px;} .battle-log .inner-preempt {padding:0 8px 4px 8px;} .battle-log .inner-after {margin-top:0.5em;} .battle-log h2 {margin:0.5em -8px;padding:4px 8px;border:1px solid #AAAAAA;background:#E0E7EA;border-left:0;border-right:0;font-family:Verdana, sans-serif;font-size:13pt;} .battle-log .chat {vertical-align:middle;padding:3px 0 3px 0;font-size:8pt;} .battle-log .chat strong {color:#40576A;} .battle-log .chat em {padding:1px 4px 1px 3px;color:#000000;font-style:normal;} .chat.mine {background:rgba(0,0,0,0.05);margin-left:-8px;margin-right:-8px;padding-left:8px;padding-right:8px;} .spoiler {color:#BBBBBB;background:#BBBBBB;padding:0px 3px;} .spoiler:hover, .spoiler:active, .spoiler-shown {color:#000000;background:#E2E2E2;padding:0px 3px;} .spoiler a {color:#BBBBBB;} .spoiler:hover a, .spoiler:active a, .spoiler-shown a {color:#2288CC;} .chat code, .chat .spoiler:hover code, .chat .spoiler:active code, .chat .spoiler-shown code {border:1px solid #C0C0C0;background:#EEEEEE;color:black;padding:0 2px;} .chat .spoiler code {border:1px solid #CCCCCC;background:#CCCCCC;color:#CCCCCC;} .battle-log .rated {padding:3px 4px;} .battle-log .rated strong {color:white;background:#89A;padding:1px 4px;border-radius:4px;} .spacer {margin-top:0.5em;} .message-announce {background:#6688AA;color:white;padding:1px 4px 2px;} .message-announce a, .broadcast-green a, .broadcast-blue a, .broadcast-red a {color:#DDEEFF;} .broadcast-green {background-color:#559955;color:white;padding:2px 4px;} .broadcast-blue {background-color:#6688AA;color:white;padding:2px 4px;} .infobox {border:1px solid #6688AA;padding:2px 4px;} .infobox-limited {max-height:200px;overflow:auto;overflow-x:hidden;} .broadcast-red {background-color:#AA5544;color:white;padding:2px 4px;} .message-learn-canlearn {font-weight:bold;color:#228822;text-decoration:underline;} .message-learn-cannotlearn {font-weight:bold;color:#CC2222;text-decoration:underline;} .message-effect-weak {font-weight:bold;color:#CC2222;} .message-effect-resist {font-weight:bold;color:#6688AA;} .message-effect-immune {font-weight:bold;color:#666666;} .message-learn-list {margin-top:0;margin-bottom:0;} .message-throttle-notice, .message-error {color:#992222;} .message-overflow, .chat small.message-overflow {font-size:0pt;} .message-overflow::before {font-size:9pt;content:'...';} .subtle {color:#3A4A66;}
</style>
<div class="wrapper replay-wrapper" style="max-width:1180px;margin:0 auto">
<input type="hidden" name="replayid" value="ru-576297418" />
<div class="battle"></div><div class="battle-log"></div><div class="replay-controls"></div><div class="replay-controls-2"></div>
<h1 style="font-weight:normal;text-align:center"><strong>RU</strong><br /><a href="http://pokemonshowdown.com/users/ssantu" class="subtle" target="_blank">sSantu ♧</a> vs. <a href="http://pokemonshowdown.com/users/ajna" class="subtle" target="_blank">Ajna</a></h1>
<script type="text/plain" class="battle-log-data">|j|sSantu ♧
|j|Ajna
|player|p1|sSantu ♧|43
|player|p2|Ajna|115
|gametype|singles
|gen|6
|tier|RU
|seed|64154,56159,11719,61623
|rule|Sleep Clause Mod: Limit one foe put to sleep
|rule|Species Clause: Limit one of each Pokémon
|rule|OHKO Clause: OHKO moves are banned
|rule|Moody Clause: Moody is banned
|rule|Evasion Moves Clause: Evasion moves are banned
|rule|Endless Battle Clause: Forcing endless battles is banned
|rule|HP Percentage Mod: HP is shown in percentages
|clearpoke
|poke|p1|Magneton, shiny|item
|poke|p1|Diancie|item
|poke|p1|Glalie, M, shiny|item
|poke|p1|Uxie|item
|poke|p1|Hitmonlee, M|item
|poke|p1|Flygon, F, shiny|item
|poke|p2|Registeel|item
|poke|p2|Alomomola, F|item
|poke|p2|Flygon, M|item
|poke|p2|Venusaur, M|item
|poke|p2|Sneasel, F|item
|poke|p2|Hoopa|item
|rule|Swagger Clause: Swagger is banned
|rule|Baton Pass Clause: Limit one Baton Passer, can't pass Spe and other stats simultaneously
|teampreview
|j|Feliburn
|choice|team 2, team 1, team 3, team 4, team 5, team 6|team 3, team 2, team 1, team 4, team 5, team 6
|
|start
|switch|p1a: Back Slash|Diancie|299\/299
|switch|p2a: Flygon|Flygon, M|338\/338
|turn|1
|j|tko
|inactive|Battle timer is ON: inactive players will automatically lose when time's up. (requested by Ajna)
|choice|move trickroom|move uturn
|
|move|p2a: Flygon|U-turn|p1a: Back Slash
|-resisted|p1a: Back Slash
|-damage|p1a: Back Slash|276\/299
|choice||switch 3
|
|switch|p2a: Registeel|Registeel|363\/363
|move|p1a: Back Slash|Trick Room|p1a: Back Slash
|-fieldstart|move: Trick Room|[of] p1a: Back Slash
|
|upkeep
|turn|2
|choice|switch 2|move stealthrock
|
|switch|p1a: Thunder Bullet|Magneton, shiny|245\/245
|move|p2a: Registeel|Stealth Rock|p1a: Thunder Bullet
|-sidestart|p1: sSantu ♧|move: Stealth Rock
|
|upkeep
|turn|3
|choice|move thunderbolt|switch 3
|
|switch|p2a: Flygon|Flygon, M|338\/338
|move|p1a: Thunder Bullet|Thunderbolt|p2a: Flygon
|-immune|p2a: Flygon|[msg]
|
|upkeep
|turn|4
|choice|move thunderbolt|switch 3
|
|switch|p2a: Registeel|Registeel|363\/363
|move|p1a: Thunder Bullet|Thunderbolt|p2a: Registeel
|-damage|p2a: Registeel|179\/363
|
|-heal|p2a: Registeel|201\/363|[from] item: Leftovers
|upkeep
|turn|5
|choice|switch 4|switch 3
|
|switch|p2a: Flygon|Flygon, M|338\/338
|switch|p1a: Guard Shift|Uxie|353\/353
|-damage|p1a: Guard Shift|309\/353|[from] stealthrock
|
|-heal|p1a: Guard Shift|331\/353|[from] item: Leftovers
|-fieldend|move: Trick Room
|upkeep
|turn|6
|choice|move stealthrock|move uturn
|
|move|p2a: Flygon|U-turn|p1a: Guard Shift
|-supereffective|p1a: Guard Shift
|-damage|p1a: Guard Shift|243\/353
|choice||switch 3
|
|switch|p2a: Registeel|Registeel|201\/363
|move|p1a: Guard Shift|Stealth Rock|p2a: Registeel
|-sidestart|p2: Ajna|move: Stealth Rock
|
|-heal|p1a: Guard Shift|265\/353|[from] item: Leftovers
|-heal|p2a: Registeel|223\/363|[from] item: Leftovers
|upkeep
|turn|7
|choice|move yawn|move seismictoss
|
|move|p1a: Guard Shift|Yawn|p2a: Registeel
|-start|p2a: Registeel|move: Yawn|[of] p1a: Guard Shift
|move|p2a: Registeel|Seismic Toss|p1a: Guard Shift
|-damage|p1a: Guard Shift|165\/353
|
|-heal|p1a: Guard Shift|187\/353|[from] item: Leftovers
|-heal|p2a: Registeel|245\/363|[from] item: Leftovers
|upkeep
|turn|8
|choice|move uturn|switch 3
|
|switch|p2a: Flygon|Flygon, M|338\/338
|-damage|p2a: Flygon|317\/338|[from] stealthrock
|move|p1a: Guard Shift|U-turn|p2a: Flygon
|-damage|p2a: Flygon|270\/338
|choice|switch 3|
|
|switch|p1a: Freezinate|Glalie, M, shiny|301\/301
|-damage|p1a: Freezinate|226\/301|[from] stealthrock
|
|-heal|p2a: Flygon|291\/338|[from] item: Leftovers
|upkeep
|turn|9
|choice|move spikes mega|switch 2
|
|switch|p2a: Alomomola|Alomomola, F|497\/497
|-damage|p2a: Alomomola|435\/497|[from] stealthrock
|detailschange|p1a: Freezinate|Glalie-Mega, M, shiny
|-mega|p1a: Freezinate|Glalie|Glalitite
|move|p1a: Freezinate|Spikes|p2a: Alomomola
|-sidestart|p2: Ajna|Spikes
|
|-heal|p2a: Alomomola|466\/497|[from] item: Leftovers
|upkeep
|turn|10
|choice|switch 4|move scald
|
|switch|p1a: Thunder Bullet|Magneton, shiny|245\/245
|-damage|p1a: Thunder Bullet|230\/245|[from] stealthrock
|move|p2a: Alomomola|Scald|p1a: Thunder Bullet
|-damage|p1a: Thunder Bullet|169\/245
|
|-heal|p2a: Alomomola|497\/497|[from] item: Leftovers
|upkeep
|turn|11
|choice|move thunderbolt|move protect
|
|move|p2a: Alomomola|Protect|p2a: Alomomola
|-singleturn|p2a: Alomomola|Protect
|move|p1a: Thunder Bullet|Thunderbolt|p2a: Alomomola
|-activate|p2a: Alomomola|move: Protect
|
|upkeep
|turn|12
|choice|switch 4|switch 2
|
|switch|p1a: Freezinate|Glalie-Mega, M, shiny|226\/301
|-damage|p1a: Freezinate|151\/301|[from] stealthrock
|switch|p2a: Flygon|Flygon, M|291\/338
|-damage|p2a: Flygon|270\/338|[from] stealthrock
|
|-heal|p2a: Flygon|291\/338|[from] item: Leftovers
|upkeep
|turn|13
|choice|move freezedry|switch 2
|
|switch|p2a: Alomomola|Alomomola, F|497\/497
|-damage|p2a: Alomomola|435\/497|[from] stealthrock
|-damage|p2a: Alomomola|373\/497|[from] spikes
|move|p1a: Freezinate|Freeze-Dry|p2a: Alomomola
|-supereffective|p2a: Alomomola
|-damage|p2a: Alomomola|107\/497
|-status|p2a: Alomomola|frz
|
|-heal|p2a: Alomomola|138\/497 frz|[from] item: Leftovers
|upkeep
|turn|14
|choice|move freezedry|switch 3
|
|switch|p2a: Registeel|Registeel|245\/363
|-damage|p2a: Registeel|223\/363|[from] stealthrock
|-damage|p2a: Registeel|178\/363|[from] spikes
|move|p1a: Freezinate|Freeze-Dry|p2a: Registeel
|-resisted|p2a: Registeel
|-damage|p2a: Registeel|146\/363
|
|-heal|p2a: Registeel|168\/363|[from] item: Leftovers
|upkeep
|turn|15
|choice|switch 6|move seismictoss
|
|switch|p1a: Summon Wind|Flygon, F, shiny|301\/301
|-damage|p1a: Summon Wind|283\/301|[from] stealthrock
|move|p2a: Registeel|Seismic Toss|p1a: Summon Wind
|-damage|p1a: Summon Wind|183\/301
|
|-heal|p2a: Registeel|190\/363|[from] item: Leftovers
|upkeep
|turn|16
|choice|move earthquake|move seismictoss
|
|move|p1a: Summon Wind|Earthquake|p2a: Registeel
|-supereffective|p2a: Registeel
|-damage|p2a: Registeel|0 fnt
|faint|p2a: Registeel
|
|upkeep
|choice||switch 2
|
|switch|p2a: Flygon|Flygon, M|291\/338
|-damage|p2a: Flygon|270\/338|[from] stealthrock
|turn|17
|choice|switch 3|move defog
|
|switch|p1a: Guard Shift|Uxie|187\/353
|-damage|p1a: Guard Shift|143\/353|[from] stealthrock
|move|p2a: Flygon|Defog|p1a: Guard Shift
|-unboost|p1a: Guard Shift|evasion|1
|-sideend|p1: sSantu ♧|stealthrock|[from] move: Defog|[of] p1a: Guard Shift
|-sideend|p2: Ajna|spikes|[from] move: Defog|[of] p2a: Flygon
|-sideend|p2: Ajna|stealthrock|[from] move: Defog|[of] p2a: Flygon
|
|-heal|p2a: Flygon|291\/338|[from] item: Leftovers
|-heal|p1a: Guard Shift|165\/353|[from] item: Leftovers
|upkeep
|turn|18
|choice|move stealthrock|move uturn
|
|move|p2a: Flygon|U-turn|p1a: Guard Shift
|-supereffective|p1a: Guard Shift
|-crit|p1a: Guard Shift
|-damage|p1a: Guard Shift|23\/353
|choice||switch 3
|
|switch|p2a: Alomomola|Alomomola, F|303\/497 frz
|move|p1a: Guard Shift|Stealth Rock|p2a: Alomomola
|-sidestart|p2: Ajna|move: Stealth Rock
|
|-heal|p1a: Guard Shift|45\/353|[from] item: Leftovers
|-heal|p2a: Alomomola|334\/497 frz|[from] item: Leftovers
|upkeep
|turn|19
|choice|move uturn|move scald
|
|move|p1a: Guard Shift|U-turn|p2a: Alomomola
|-damage|p2a: Alomomola|299\/497 frz
|choice|switch 4|
|
|switch|p1a: Thunder Bullet|Magneton, shiny|169\/245
|-curestatus|p2a: Alomomola|frz|[from] move: Scald
|move|p2a: Alomomola|Scald|p1a: Thunder Bullet
|-damage|p1a: Thunder Bullet|100\/245
|
|-heal|p2a: Alomomola|330\/497|[from] item: Leftovers
|upkeep
|turn|20
|choice|move flashcannon|move protect
|
|move|p2a: Alomomola|Protect|p2a: Alomomola
|-singleturn|p2a: Alomomola|Protect
|move|p1a: Thunder Bullet|Flash Cannon|p2a: Alomomola
|-activate|p2a: Alomomola|move: Protect
|
|-heal|p2a: Alomomola|361\/497|[from] item: Leftovers
|upkeep
|turn|21
|choice|switch 4|move scald
|
|switch|p1a: Guard Shift|Uxie|45\/353
|move|p2a: Alomomola|Scald|p1a: Guard Shift
|-damage|p1a: Guard Shift|5\/353
|
|-heal|p1a: Guard Shift|27\/353|[from] item: Leftovers
|-heal|p2a: Alomomola|392\/497|[from] item: Leftovers
|upkeep
|turn|22
|choice|move yawn|move scald
|
|move|p1a: Guard Shift|Yawn|p2a: Alomomola
|-start|p2a: Alomomola|move: Yawn|[of] p1a: Guard Shift
|move|p2a: Alomomola|Scald|p1a: Guard Shift
|-damage|p1a: Guard Shift|0 fnt
|faint|p1a: Guard Shift
|
|-heal|p2a: Alomomola|423\/497|[from] item: Leftovers
|upkeep
|choice|switch 6|
|
|switch|p1a: Freezinate|Glalie-Mega, M, shiny|151\/301
|turn|23
|choice|move spikes|switch 6
|
|switch|p2a: Hoopa|Hoopa|301\/301
|-damage|p2a: Hoopa|264\/301|[from] stealthrock
|move|p1a: Freezinate|Spikes|p2a: Hoopa
|-sidestart|p2: Ajna|Spikes
|
|-heal|p2a: Hoopa|282\/301|[from] item: Leftovers
|upkeep
|turn|24
|choice|move doubleedge|move shadowball
|
|move|p1a: Freezinate|Double-Edge|p2a: Hoopa
|-damage|p2a: Hoopa|0 fnt
|-damage|p1a: Freezinate|58\/301|[from] Recoil|[of] p2a: Hoopa
|faint|p2a: Hoopa
|
|upkeep
|choice||switch 5
|
|switch|p2a: Sneasel|Sneasel, F|251\/251
|-damage|p2a: Sneasel|189\/251|[from] stealthrock
|-damage|p2a: Sneasel|158\/251|[from] spikes
|turn|25
|choice|move iceshard|move pursuit
|
|move|p1a: Freezinate|Ice Shard|p2a: Sneasel
|-resisted|p2a: Sneasel
|-damage|p2a: Sneasel|112\/251
|move|p2a: Sneasel|Pursuit|p1a: Freezinate
|-crit|p1a: Freezinate
|-damage|p1a: Freezinate|0 fnt
|faint|p1a: Freezinate
|
|upkeep
|choice|switch 2|
|
|switch|p1a: Back Slash|Diancie|276\/299
|turn|26
|choice|move diamondstorm|switch 6
|
|switch|p2a: Alomomola|Alomomola, F|497\/497
|-damage|p2a: Alomomola|435\/497|[from] spikes
|-damage|p2a: Alomomola|373\/497|[from] stealthrock
|move|p1a: Back Slash|Diamond Storm|p2a: Alomomola
|-damage|p2a: Alomomola|237\/497
|-damage|p1a: Back Slash|247\/299|[from] item: Life Orb
|
|-heal|p2a: Alomomola|268\/497|[from] item: Leftovers
|upkeep
|turn|27
|choice|move moonblast|move protect
|
|move|p2a: Alomomola|Protect|p2a: Alomomola
|-singleturn|p2a: Alomomola|Protect
|move|p1a: Back Slash|Moonblast|p2a: Alomomola
|-activate|p2a: Alomomola|move: Protect
|
|-heal|p2a: Alomomola|299\/497|[from] item: Leftovers
|upkeep
|turn|28
|choice|move moonblast|move wish
|
|move|p2a: Alomomola|Wish|p2a: Alomomola
|move|p1a: Back Slash|Moonblast|p2a: Alomomola
|-damage|p2a: Alomomola|49\/497
|-unboost|p2a: Alomomola|spa|1
|-damage|p1a: Back Slash|218\/299|[from] item: Life Orb
|
|-heal|p2a: Alomomola|80\/497|[from] item: Leftovers
|upkeep
|turn|29
|choice|switch 4|move protect
|
|switch|p1a: Thunder Bullet|Magneton, shiny|100\/245
|move|p2a: Alomomola|Protect|p2a: Alomomola
|-fail|p2a: Alomomola
|
|-heal|p2a: Alomomola|328\/497|[from] move: Wish|[wisher] Alomomola
|-heal|p2a: Alomomola|359\/497|[from] item: Leftovers
|upkeep
|turn|30
|choice|move thunderbolt|move protect
|
|move|p2a: Alomomola|Protect|p2a: Alomomola
|-singleturn|p2a: Alomomola|Protect
|move|p1a: Thunder Bullet|Thunderbolt|p2a: Alomomola
|-activate|p2a: Alomomola|move: Protect
|
|-heal|p2a: Alomomola|390\/497|[from] item: Leftovers
|upkeep
|turn|31
|choice|switch 3|switch 3
|
|switch|p1a: Summon Wind|Flygon, F, shiny|183\/301
|switch|p2a: Flygon|Flygon, M|291\/338
|-damage|p2a: Flygon|270\/338|[from] stealthrock
|
|-heal|p2a: Flygon|291\/338|[from] item: Leftovers
|upkeep
|turn|32
|choice|move outrage|switch 3
|
|switch|p2a: Alomomola|Alomomola, F|497\/497
|-damage|p2a: Alomomola|435\/497|[from] stealthrock
|-damage|p2a: Alomomola|373\/497|[from] spikes
|move|p1a: Summon Wind|Outrage|p2a: Alomomola
|-damage|p2a: Alomomola|117\/497
|
|-heal|p2a: Alomomola|148\/497|[from] item: Leftovers
|upkeep
|turn|33
|choice|move outrage|move protect
|
|move|p2a: Alomomola|Protect|p2a: Alomomola
|-singleturn|p2a: Alomomola|Protect
|move|p1a: Summon Wind|Outrage|p2a: Alomomola|[from]lockedmove
|-activate|p2a: Alomomola|move: Protect
|
|-heal|p2a: Alomomola|179\/497|[from] item: Leftovers
|upkeep
|turn|34
|choice|move outrage|switch 3
|
|switch|p2a: Flygon|Flygon, M|291\/338
|-damage|p2a: Flygon|270\/338|[from] stealthrock
|move|p1a: Summon Wind|Outrage|p2a: Flygon
|-supereffective|p2a: Flygon
|-crit|p2a: Flygon
|-damage|p2a: Flygon|0 fnt
|faint|p2a: Flygon
|
|upkeep
|choice||switch 6
|
|switch|p2a: Sneasel|Sneasel, F|112\/251
|-damage|p2a: Sneasel|50\/251|[from] stealthrock
|-damage|p2a: Sneasel|19\/251|[from] spikes
|turn|35
|choice|move outrage|move iceshard
|
|move|p2a: Sneasel|Ice Shard|p1a: Summon Wind
|-supereffective|p1a: Summon Wind
|-damage|p1a: Summon Wind|0 fnt
|faint|p1a: Summon Wind
|
|upkeep
|choice|switch 3|
|
|switch|p1a: Thunder Bullet|Magneton, shiny|100\/245
|turn|36
|choice|move voltswitch|move iceshard
|
|move|p2a: Sneasel|Ice Shard|p1a: Thunder Bullet
|-resisted|p1a: Thunder Bullet
|-crit|p1a: Thunder Bullet
|-damage|p1a: Thunder Bullet|34\/245
|move|p1a: Thunder Bullet|Volt Switch|p2a: Sneasel
|-damage|p2a: Sneasel|0 fnt
|faint|p2a: Sneasel
|choice|switch 4|
|
|switch|p1a: Back Slash|Diancie|218\/299
|
|upkeep
|choice||switch 4
|
|switch|p2a: Venusaur|Venusaur, M|361\/361
|-damage|p2a: Venusaur|316\/361|[from] stealthrock
|-damage|p2a: Venusaur|271\/361|[from] spikes
|turn|37
|choice|move diamondstorm|move leechseed
|
|move|p2a: Venusaur|Leech Seed|p1a: Back Slash
|-start|p1a: Back Slash|move: Leech Seed
|move|p1a: Back Slash|Diamond Storm|p2a: Venusaur|[miss]
|-miss|p1a: Back Slash|p2a: Venusaur
|
|-heal|p2a: Venusaur|293\/361|[from] item: Black Sludge
|-damage|p1a: Back Slash|181\/299|[from] leechseed|[of] p2a: Venusaur
|-heal|p2a: Venusaur|330\/361|[silent]
|upkeep
|turn|38
|choice|move diamondstorm|move sludgebomb
|
|move|p2a: Venusaur|Sludge Bomb|p1a: Back Slash
|-crit|p1a: Back Slash
|-damage|p1a: Back Slash|57\/299
|move|p1a: Back Slash|Diamond Storm|p2a: Venusaur
|-damage|p2a: Venusaur|205\/361
|-boost|p1a: Back Slash|def|1
|-damage|p1a: Back Slash|28\/299|[from] item: Life Orb
|
|-heal|p2a: Venusaur|227\/361|[from] item: Black Sludge
|-damage|p1a: Back Slash|0 fnt|[from] leechseed|[of] p2a: Venusaur
|-heal|p2a: Venusaur|255\/361|[silent]
|upkeep
|faint|p1a: Back Slash
|choice|switch 4|
|
|switch|p1a: Thunder Bullet|Magneton, shiny|34\/245
|turn|39
|j|lax
|choice|move flashcannon|switch 3
|
|switch|p2a: Alomomola|Alomomola, F|344\/497
|-damage|p2a: Alomomola|282\/497|[from] spikes
|-damage|p2a: Alomomola|220\/497|[from] stealthrock
|move|p1a: Thunder Bullet|Flash Cannon|p2a: Alomomola
|-resisted|p2a: Alomomola
|-damage|p2a: Alomomola|56\/497
|
|-heal|p2a: Alomomola|87\/497|[from] item: Leftovers
|upkeep
|turn|40
|choice|move flashcannon|move protect
|
|move|p2a: Alomomola|Protect|p2a: Alomomola
|-singleturn|p2a: Alomomola|Protect
|move|p1a: Thunder Bullet|Flash Cannon|p2a: Alomomola
|-activate|p2a: Alomomola|move: Protect
|
|-heal|p2a: Alomomola|118\/497|[from] item: Leftovers
|upkeep
|turn|41
|choice|move flashcannon|move protect
|
|move|p2a: Alomomola|Protect|p2a: Alomomola
|-fail|p2a: Alomomola
|move|p1a: Thunder Bullet|Flash Cannon|p2a: Alomomola
|-resisted|p2a: Alomomola
|-damage|p2a: Alomomola|0 fnt
|faint|p2a: Alomomola
|
|upkeep
|c|☆Ajna|no justice in this awful game
|c|☆Ajna|gg!
|-message|Ajna forfeited.
|
|win|sSantu ♧
|l|Ajna
|l|lax
|l|Feliburn
|l|tko</script>
</div>
<div class="battle-log battle-log-inline"><div class="inner"><div class="battle-options"></div><div class="inner"><div class="chat"><small>sSantu ♧ joined.</small></div><div class="chat"><small>Ajna joined.</small></div><div class=""><small>Format:</small> <br><strong>RU</strong></div><div class=""><small><em>Sleep Clause Mod:</em> Limit one foe put to sleep</small></div><div class=""><small><em>Species Clause:</em> Limit one of each Pokémon</small></div><div class=""><small><em>OHKO Clause:</em> OHKO moves are banned</small></div><div class=""><small><em>Moody Clause:</em> Moody is banned</small></div><div class=""><small><em>Evasion Moves Clause:</em> Evasion moves are banned</small></div><div class=""><small><em>Endless Battle Clause:</em> Forcing endless battles is banned</small></div><div class=""><small><em>HP Percentage Mod:</em> HP is shown in percentages</small></div><div class=""><small><em>Swagger Clause:</em> Swagger is banned</small></div><div class=""><small><em>Baton Pass Clause:</em> Limit one Baton Passer, can't pass Spe and other stats simultaneously</small></div><div class="chat battle-history"><strong>sSantu ♧'s team:</strong> <em style="color:#445566;display:block;">Magneton / Diancie / Glalie / Uxie / Hitmonlee / Flygon</em></div><div class="chat battle-history"><strong>Ajna's team:</strong> <em style="color:#445566;display:block;">Registeel / Alomomola / Flygon / Venusaur / Sneasel / Hoopa</em></div><div class="chat"><small>Feliburn joined.</small></div><div class="spacer battle-history"><br></div><div class="battle-history">Battle started between sSantu ♧ and Ajna!<br></div><div class="spacer battle-history"><br></div><div class="battle-history">Go! Back Slash (<strong>Diancie</strong>)!<br></div><div class="spacer battle-history"><br></div><div class="battle-history">Ajna sent out <strong>Flygon</strong>!<br></div><div class="spacer battle-history"><br></div><h2 class="battle-history">Turn 1</h2><div class="chat"><small>tko joined.</small></div><div class="chat message-error">Battle timer is ON: inactive players will automatically lose when time's up. (requested by Ajna)</div><div class="spacer battle-history"><br></div><div class="battle-history">The opposing Flygon used <strong>U-turn</strong>!<br></div><div class="battle-history"><small>It's not very effective...</small><br></div><div class="battle-history"><small>(Back Slash lost <abbr title="−23/299">7.7%</abbr> of its health!)</small><br></div><div class="spacer battle-history"><br></div><div class="battle-history">The opposing Flygon went back to Ajna!<br></div><div class="battle-history">Ajna sent out <strong>Registeel</strong>!<br></div><div class="spacer battle-history"><br></div><div class="battle-history">Back Slash used <strong>Trick Room</strong>!<br></div><div class="battle-history"><small>Back Slash twisted the dimensions!</small><br></div><div class="spacer battle-history"><br></div><h2 class="battle-history">Turn 2</h2><div class="spacer battle-history"><br></div><div class="battle-history">Back Slash, come back!<br></div><div class="battle-history">Go! Thunder Bullet (<strong>Magneton</strong>)!<br></div><div class="spacer battle-history"><br></div><div class="battle-history">The opposing Registeel used <strong>Stealth Rock</strong>!<br></div><div class="battle-history"><small>Pointed stones float in the air around your team!</small><br></div><div class="spacer battle-history"><br></div><h2 class="battle-history">Turn 3</h2><div class="spacer battle-history"><br></div><div class="battle-history">Ajna withdrew Registeel!<br></div><div class="battle-history">Ajna sent out <strong>Flygon</strong>!<br></div><div class="spacer battle-history"><br></div><div class="battle-history">Thunder Bullet used <strong>Thunderbolt</strong>!<br></div><div class="battle-history"><small>It doesn't affect the opposing Flygon...</small><br></div><div class="spacer battle-history"><br></div><h2 class="battle-history">Turn 4</h2><div class="spacer battle-history"><br></div><div class="battle-history">Ajna withdrew Flygon!<br></div><div class="battle-history">Ajna sent out <strong>Registeel</strong>!<br></div><div class="spacer battle-history"><br></div><div class="battle-history">Thunder Bullet used <strong>Thunderbolt</strong>!<br></div><div class="battle-history"><small>(The opposing Registeel lost <abbr title="−184/363">50.7%</abbr> of its health!)</small><br></div><div class="spacer battle-history"><br></div><div class="battle-history"><small>The opposing Registeel restored a little HP using its Leftovers!</small><br></div><div class="spacer battle-history"><br></div><h2 class="battle-history">Turn 5</h2><div class="spacer battle-history"><br></div><div class="battle-history">Ajna withdrew Registeel!<br></div><div class="battle-history">Ajna sent out <strong>Flygon</strong>!<br></div><div class="spacer battle-history"><br></div><div class="battle-history">Thunder Bullet, come back!<br></div><div class="battle-history">Go! Guard Shift (<strong>Uxie</strong>)!<br></div><div class="battle-history"><small>Pointed stones dug into Guard Shift!</small><br></div><div class="spacer battle-history"><br></div><div class="battle-history"><small>Guard Shift restored a little HP using its Leftovers!</small><br></div><div class="battle-history"><small>The twisted dimensions returned to normal!</small><br></div><div class="spacer battle-history"><br></div><h2 class="battle-history">Turn 6</h2><div class="spacer battle-history"><br></div><div class="battle-history">The opposing Flygon used <strong>U-turn</strong>!<br></div><div class="battle-history"><small>It's super effective!</small><br></div><div class="battle-history"><small>(Guard Shift lost <abbr title="−88/353">24.9%</abbr> of its health!)</small><br></div><div class="spacer battle-history"><br></div><div class="battle-history">The opposing Flygon went back to Ajna!<br></div><div class="battle-history">Ajna sent out <strong>Registeel</strong>!<br></div><div class="spacer battle-history"><br></div><div class="battle-history">Guard Shift used <strong>Stealth Rock</strong>!<br></div><div class="battle-history"><small>Pointed stones float in the air around the opposing team!</small><br></div><div class="spacer battle-history"><br></div><div class="battle-history"><small>Guard Shift restored a little HP using its Leftovers!</small><br></div><div class="battle-history"><small>The opposing Registeel restored a little HP using its Leftovers!</small><br></div><div class="spacer battle-history"><br></div><h2 class="battle-history">Turn 7</h2><div class="spacer battle-history"><br></div><div class="battle-history">Guard Shift used <strong>Yawn</strong>!<br></div><div class="battle-history"><small>The opposing Registeel grew drowsy!</small><br></div><div class="spacer battle-history"><br></div><div class="battle-history">The opposing Registeel used <strong>Seismic Toss</strong>!<br></div><div class="battle-history"><small>(Guard Shift lost <abbr title="−100/353">28.3%</abbr> of its health!)</small><br></div><div class="spacer battle-history"><br></div><div class="battle-history"><small>Guard Shift restored a little HP using its Leftovers!</small><br></div><div class="battle-history"><small>The opposing Registeel restored a little HP using its Leftovers!</small><br></div><div class="spacer battle-history"><br></div><h2 class="battle-history">Turn 8</h2><div class="spacer battle-history"><br></div><div class="battle-history">Ajna withdrew Registeel!<br></div><div class="battle-history">Ajna sent out <strong>Flygon</strong>!<br></div><div class="battle-history"><small>Pointed stones dug into the opposing Flygon!</small><br></div><div class="spacer battle-history"><br></div><div class="battle-history">Guard Shift used <strong>U-turn</strong>!<br></div><div class="battle-history"><small>(The opposing Flygon lost <abbr title="−47/338">13.9%</abbr> of its health!)</small><br></div><div class="spacer battle-history"><br></div><div class="battle-history">Guard Shift went back to sSantu ♧!<br></div><div class="battle-history">Go! Freezinate (<strong>Glalie</strong>)!<br></div><div class="battle-history"><small>Pointed stones dug into Freezinate!</small><br></div><div class="spacer battle-history"><br></div><div class="battle-history"><small>The opposing Flygon restored a little HP using its Leftovers!</small><br></div><div class="spacer battle-history"><br></div><h2 class="battle-history">Turn 9</h2><div class="spacer battle-history"><br></div><div class="battle-history">Ajna withdrew Flygon!<br></div><div class="battle-history">Ajna sent out <strong>Alomomola</strong>!<br></div><div class="battle-history"><small>Pointed stones dug into the opposing Alomomola!</small><br></div><div class="spacer battle-history"><br></div><div class="battle-history"><small>Freezinate's Glalitite is reacting to sSantu ♧'s Mega Bracelet!</small><br>Freezinate has Mega Evolved into Mega Glalie!<br></div><div class="spacer battle-history"><br></div><div class="battle-history">Freezinate used <strong>Spikes</strong>!<br></div><div class="battle-history"><small>Spikes were scattered on the ground all around the opposing team!</small><br></div><div class="spacer battle-history"><br></div><div class="battle-history"><small>The opposing Alomomola restored a little HP using its Leftovers!</small><br></div><div class="spacer battle-history"><br></div><h2 class="battle-history">Turn 10</h2><div class="spacer battle-history"><br></div><div class="battle-history">Freezinate, come back!<br></div><div class="battle-history">Go! Thunder Bullet (<strong>Magneton</strong>)!<br></div><div class="battle-history"><small>Pointed stones dug into Thunder Bullet!</small><br></div><div class="spacer battle-history"><br></div><div class="battle-history">The opposing Alomomola used <strong>Scald</strong>!<br></div><div class="battle-history"><small>(Thunder Bullet lost <abbr title="−61/245">24.9%</abbr> of its health!)</small><br></div><div class="spacer battle-history"><br></div><div class="battle-history"><small>The opposing Alomomola restored a little HP using its Leftovers!</small><br></div><div class="spacer battle-history"><br></div><h2 class="battle-history">Turn 11</h2><div class="spacer battle-history"><br></div><div class="battle-history">The opposing Alomomola used <strong>Protect</strong>!<br></div><div class="battle-history"><small>The opposing Alomomola protected itself!</small><br></div><div class="spacer battle-history"><br></div><div class="battle-history">Thunder Bullet used <strong>Thunderbolt</strong>!<br></div><div class="battle-history"><small>The opposing Alomomola protected itself!</small><br></div><div class="spacer battle-history"><br></div><h2 class="battle-history">Turn 12</h2><div class="spacer battle-history"><br></div><div class="battle-history">Thunder Bullet, come back!<br></div><div class="battle-history">Go! Freezinate (<strong>Glalie-Mega</strong>)!<br></div><div class="battle-history"><small>Pointed stones dug into Freezinate!</small><br></div><div class="spacer battle-history"><br></div><div class="battle-history">Ajna withdrew Alomomola!<br></div><div class="battle-history">Ajna sent out <strong>Flygon</strong>!<br></div><div class="battle-history"><small>Pointed stones dug into the opposing Flygon!</small><br></div><div class="spacer battle-history"><br></div><div class="battle-history"><small>The opposing Flygon restored a little HP using its Leftovers!</small><br></div><div class="spacer battle-history"><br></div><h2 class="battle-history">Turn 13</h2><div class="spacer battle-history"><br></div><div class="battle-history">Ajna withdrew Flygon!<br></div><div class="battle-history">Ajna sent out <strong>Alomomola</strong>!<br></div><div class="battle-history"><small>Pointed stones dug into the opposing Alomomola!</small><br></div><div class="battle-history"><small>The opposing Alomomola is hurt by the spikes!</small><br></div><div class="spacer battle-history"><br></div><div class="battle-history">Freezinate used <strong>Freeze-Dry</strong>!<br></div><div class="battle-history"><small>It's super effective!</small><br></div><div class="battle-history"><small>(The opposing Alomomola lost <abbr title="−266/497">53.5%</abbr> of its health!)</small><br></div><div class="battle-history"><small>The opposing Alomomola was frozen solid!</small><br></div><div class="spacer battle-history"><br></div><div class="battle-history"><small>The opposing Alomomola restored a little HP using its Leftovers!</small><br></div><div class="spacer battle-history"><br></div><h2 class="battle-history">Turn 14</h2><div class="spacer battle-history"><br></div><div class="battle-history">Ajna withdrew Alomomola!<br></div><div class="battle-history">Ajna sent out <strong>Registeel</strong>!<br></div><div class="battle-history"><small>Pointed stones dug into the opposing Registeel!</small><br></div><div class="battle-history"><small>The opposing Registeel is hurt by the spikes!</small><br></div><div class="spacer battle-history"><br></div><div class="battle-history">Freezinate used <strong>Freeze-Dry</strong>!<br></div><div class="battle-history"><small>It's not very effective...</small><br></div><div class="battle-history"><small>(The opposing Registeel lost <abbr title="−32/363">8.8%</abbr> of its health!)</small><br></div><div class="spacer battle-history"><br></div><div class="battle-history"><small>The opposing Registeel restored a little HP using its Leftovers!</small><br></div><div class="spacer battle-history"><br></div><h2 class="battle-history">Turn 15</h2><div class="spacer battle-history"><br></div><div class="battle-history">Freezinate, come back!<br></div><div class="battle-history">Go! Summon Wind (<strong>Flygon</strong>)!<br></div><div class="battle-history"><small>Pointed stones dug into Summon Wind!</small><br></div><div class="spacer battle-history"><br></div><div class="battle-history">The opposing Registeel used <strong>Seismic Toss</strong>!<br></div><div class="battle-history"><small>(Summon Wind lost <abbr title="−100/301">33.2%</abbr> of its health!)</small><br></div><div class="spacer battle-history"><br></div><div class="battle-history"><small>The opposing Registeel restored a little HP using its Leftovers!</small><br></div><div class="spacer battle-history"><br></div><h2 class="battle-history">Turn 16</h2><div class="spacer battle-history"><br></div><div class="battle-history">Summon Wind used <strong>Earthquake</strong>!<br></div><div class="battle-history"><small>It's super effective!</small><br></div><div class="battle-history"><small>(The opposing Registeel lost <abbr title="−190/363">52.3%</abbr> of its health!)</small><br></div><div class="spacer battle-history"><br></div><div class="battle-history">The opposing Registeel fainted!<br></div><div class="spacer battle-history"><br></div><div class="battle-history">Ajna sent out <strong>Flygon</strong>!<br></div><div class="battle-history"><small>Pointed stones dug into the opposing Flygon!</small><br></div><div class="spacer battle-history"><br></div><h2 class="battle-history">Turn 17</h2><div class="spacer battle-history"><br></div><div class="battle-history">Summon Wind, come back!<br></div><div class="battle-history">Go! Guard Shift (<strong>Uxie</strong>)!<br></div><div class="battle-history"><small>Pointed stones dug into Guard Shift!</small><br></div><div class="spacer battle-history"><br></div><div class="battle-history">The opposing Flygon used <strong>Defog</strong>!<br></div><div class="battle-history"><small>Guard Shift's evasiveness fell!</small><br></div><div class="battle-history"><small>The pointed stones disappeared from around your team!</small><br></div><div class="battle-history"><small>The spikes disappeared from the ground around the opposing team!</small><br></div><div class="battle-history"><small>The pointed stones disappeared from around the opposing team!</small><br></div><div class="spacer battle-history"><br></div><div class="battle-history"><small>The opposing Flygon restored a little HP using its Leftovers!</small><br></div><div class="battle-history"><small>Guard Shift restored a little HP using its Leftovers!</small><br></div><div class="spacer battle-history"><br></div><h2 class="battle-history">Turn 18</h2><div class="spacer battle-history"><br></div><div class="battle-history">The opposing Flygon used <strong>U-turn</strong>!<br></div><div class="battle-history"><small>It's super effective!</small><br></div><div class="battle-history"><small>A critical hit!</small><br></div><div class="battle-history"><small>(Guard Shift lost <abbr title="−142/353">40.2%</abbr> of its health!)</small><br></div><div class="spacer battle-history"><br></div><div class="battle-history">The opposing Flygon went back to Ajna!<br></div><div class="battle-history">Ajna sent out <strong>Alomomola</strong>!<br></div><div class="spacer battle-history"><br></div><div class="battle-history">Guard Shift used <strong>Stealth Rock</strong>!<br></div><div class="battle-history"><small>Pointed stones float in the air around the opposing team!</small><br></div><div class="spacer battle-history"><br></div><div class="battle-history"><small>Guard Shift restored a little HP using its Leftovers!</small><br></div><div class="battle-history"><small>The opposing Alomomola restored a little HP using its Leftovers!</small><br></div><div class="spacer battle-history"><br></div><h2 class="battle-history">Turn 19</h2><div class="spacer battle-history"><br></div><div class="battle-history">Guard Shift used <strong>U-turn</strong>!<br></div><div class="battle-history"><small>(The opposing Alomomola lost <abbr title="−35/497">7.0%</abbr> of its health!)</small><br></div><div class="spacer battle-history"><br></div><div class="battle-history">Guard Shift went back to sSantu ♧!<br></div><div class="battle-history">Go! Thunder Bullet (<strong>Magneton</strong>)!<br></div><div class="battle-history"><small>The opposing Alomomola's Scald melted the ice!</small><br></div><div class="spacer battle-history"><br></div><div class="battle-history">The opposing Alomomola used <strong>Scald</strong>!<br></div><div class="battle-history"><small>(Thunder Bullet lost <abbr title="−69/245">28.2%</abbr> of its health!)</small><br></div><div class="spacer battle-history"><br></div><div class="battle-history"><small>The opposing Alomomola restored a little HP using its Leftovers!</small><br></div><div class="spacer battle-history"><br></div><h2 class="battle-history">Turn 20</h2><div class="spacer battle-history"><br></div><div class="battle-history">The opposing Alomomola used <strong>Protect</strong>!<br></div><div class="battle-history"><small>The opposing Alomomola protected itself!</small><br></div><div class="spacer battle-history"><br></div><div class="battle-history">Thunder Bullet used <strong>Flash Cannon</strong>!<br></div><div class="battle-history"><small>The opposing Alomomola protected itself!</small><br></div><div class="spacer battle-history"><br></div><div class="battle-history"><small>The opposing Alomomola restored a little HP using its Leftovers!</small><br></div><div class="spacer battle-history"><br></div><h2 class="battle-history">Turn 21</h2><div class="spacer battle-history"><br></div><div class="battle-history">Thunder Bullet, come back!<br></div><div class="battle-history">Go! Guard Shift (<strong>Uxie</strong>)!<br></div><div class="spacer battle-history"><br></div><div class="battle-history">The opposing Alomomola used <strong>Scald</strong>!<br></div><div class="battle-history"><small>(Guard Shift lost <abbr title="−40/353">11.3%</abbr> of its health!)</small><br></div><div class="spacer battle-history"><br></div><div class="battle-history"><small>Guard Shift restored a little HP using its Leftovers!</small><br></div><div class="battle-history"><small>The opposing Alomomola restored a little HP using its Leftovers!</small><br></div><div class="spacer battle-history"><br></div><h2 class="battle-history">Turn 22</h2><div class="spacer battle-history"><br></div><div class="battle-history">Guard Shift used <strong>Yawn</strong>!<br></div><div class="battle-history"><small>The opposing Alomomola grew drowsy!</small><br></div><div class="spacer battle-history"><br></div><div class="battle-history">The opposing Alomomola used <strong>Scald</strong>!<br></div><div class="battle-history"><small>(Guard Shift lost <abbr title="−27/353">7.6%</abbr> of its health!)</small><br></div><div class="spacer battle-history"><br></div><div class="battle-history">Guard Shift fainted!<br></div><div class="spacer battle-history"><br></div><div class="battle-history"><small>The opposing Alomomola restored a little HP using its Leftovers!</small><br></div><div class="spacer battle-history"><br></div><div class="battle-history">Go! Freezinate (<strong>Glalie-Mega</strong>)!<br></div><div class="spacer battle-history"><br></div><h2 class="battle-history">Turn 23</h2><div class="spacer battle-history"><br></div><div class="battle-history">Ajna withdrew Alomomola!<br></div><div class="battle-history">Ajna sent out <strong>Hoopa</strong>!<br></div><div class="battle-history"><small>Pointed stones dug into the opposing Hoopa!</small><br></div><div class="spacer battle-history"><br></div><div class="battle-history">Freezinate used <strong>Spikes</strong>!<br></div><div class="battle-history"><small>Spikes were scattered on the ground all around the opposing team!</small><br></div><div class="spacer battle-history"><br></div><div class="battle-history"><small>The opposing Hoopa restored a little HP using its Leftovers!</small><br></div><div class="spacer battle-history"><br></div><h2 class="battle-history">Turn 24</h2><div class="spacer battle-history"><br></div><div class="battle-history">Freezinate used <strong>Double-Edge</strong>!<br></div><div class="battle-history"><small>(The opposing Hoopa lost <abbr title="−282/301">93.7%</abbr> of its health!)</small><br></div><div class="battle-history"><small>Freezinate is damaged by the recoil!</small><br></div><div class="spacer battle-history"><br></div><div class="battle-history">The opposing Hoopa fainted!<br></div><div class="spacer battle-history"><br></div><div class="battle-history">Ajna sent out <strong>Sneasel</strong>!<br></div><div class="battle-history"><small>Pointed stones dug into the opposing Sneasel!</small><br></div><div class="battle-history"><small>The opposing Sneasel is hurt by the spikes!</small><br></div><div class="spacer battle-history"><br></div><h2 class="battle-history">Turn 25</h2><div class="spacer battle-history"><br></div><div class="battle-history">Freezinate used <strong>Ice Shard</strong>!<br></div><div class="battle-history"><small>It's not very effective...</small><br></div><div class="battle-history"><small>(The opposing Sneasel lost <abbr title="−46/251">18.3%</abbr> of its health!)</small><br></div><div class="spacer battle-history"><br></div><div class="battle-history">The opposing Sneasel used <strong>Pursuit</strong>!<br></div><div class="battle-history"><small>A critical hit!</small><br></div><div class="battle-history"><small>(Freezinate lost <abbr title="−58/301">19.3%</abbr> of its health!)</small><br></div><div class="spacer battle-history"><br></div><div class="battle-history">Freezinate fainted!<br></div><div class="spacer battle-history"><br></div><div class="battle-history">Go! Back Slash (<strong>Diancie</strong>)!<br></div><div class="spacer battle-history"><br></div><h2 class="battle-history">Turn 26</h2><div class="spacer battle-history"><br></div><div class="battle-history">Ajna withdrew Sneasel!<br></div><div class="battle-history">Ajna sent out <strong>Alomomola</strong>!<br></div><div class="battle-history"><small>The opposing Alomomola is hurt by the spikes!</small><br></div><div class="battle-history"><small>Pointed stones dug into the opposing Alomomola!</small><br></div><div class="spacer battle-history"><br></div><div class="battle-history">Back Slash used <strong>Diamond Storm</strong>!<br></div><div class="battle-history"><small>(The opposing Alomomola lost <abbr title="−136/497">27.4%</abbr> of its health!)</small><br></div><div class="battle-history"><small>Back Slash lost some of its HP!</small><br></div><div class="spacer battle-history"><br></div><div class="battle-history"><small>The opposing Alomomola restored a little HP using its Leftovers!</small><br></div><div class="spacer battle-history"><br></div><h2 class="battle-history">Turn 27</h2><div class="spacer battle-history"><br></div><div class="battle-history">The opposing Alomomola used <strong>Protect</strong>!<br></div><div class="battle-history"><small>The opposing Alomomola protected itself!</small><br></div><div class="spacer battle-history"><br></div><div class="battle-history">Back Slash used <strong>Moonblast</strong>!<br></div><div class="battle-history"><small>The opposing Alomomola protected itself!</small><br></div><div class="spacer battle-history"><br></div><div class="battle-history"><small>The opposing Alomomola restored a little HP using its Leftovers!</small><br></div><div class="spacer battle-history"><br></div><h2 class="battle-history">Turn 28</h2><div class="spacer battle-history"><br></div><div class="battle-history">The opposing Alomomola used <strong>Wish</strong>!<br></div><div class="spacer battle-history"><br></div><div class="battle-history">Back Slash used <strong>Moonblast</strong>!<br></div><div class="battle-history"><small>(The opposing Alomomola lost <abbr title="−250/497">50.3%</abbr> of its health!)</small><br></div><div class="battle-history"><small>The opposing Alomomola's Special Attack fell!</small><br></div><div class="battle-history"><small>Back Slash lost some of its HP!</small><br></div><div class="spacer battle-history"><br></div><div class="battle-history"><small>The opposing Alomomola restored a little HP using its Leftovers!</small><br></div><div class="spacer battle-history"><br></div><h2 class="battle-history">Turn 29</h2><div class="spacer battle-history"><br></div><div class="battle-history">Back Slash, come back!<br></div><div class="battle-history">Go! Thunder Bullet (<strong>Magneton</strong>)!<br></div><div class="spacer battle-history"><br></div><div class="battle-history">The opposing Alomomola used <strong>Protect</strong>!<br></div><div class="battle-history"><small>But it failed!</small><br></div><div class="spacer battle-history"><br></div><div class="battle-history"><small>Alomomola's wish came true!</small><br></div><div class="battle-history"><small>The opposing Alomomola restored a little HP using its Leftovers!</small><br></div><div class="spacer battle-history"><br></div><h2 class="battle-history">Turn 30</h2><div class="spacer battle-history"><br></div><div class="battle-history">The opposing Alomomola used <strong>Protect</strong>!<br></div><div class="battle-history"><small>The opposing Alomomola protected itself!</small><br></div><div class="spacer battle-history"><br></div><div class="battle-history">Thunder Bullet used <strong>Thunderbolt</strong>!<br></div><div class="battle-history"><small>The opposing Alomomola protected itself!</small><br></div><div class="spacer battle-history"><br></div><div class="battle-history"><small>The opposing Alomomola restored a little HP using its Leftovers!</small><br></div><div class="spacer battle-history"><br></div><h2 class="battle-history">Turn 31</h2><div class="spacer battle-history"><br></div><div class="battle-history">Thunder Bullet, come back!<br></div><div class="battle-history">Go! Summon Wind (<strong>Flygon</strong>)!<br></div><div class="spacer battle-history"><br></div><div class="battle-history">Ajna withdrew Alomomola!<br></div><div class="battle-history">Ajna sent out <strong>Flygon</strong>!<br></div><div class="battle-history"><small>Pointed stones dug into the opposing Flygon!</small><br></div><div class="spacer battle-history"><br></div><div class="battle-history"><small>The opposing Flygon restored a little HP using its Leftovers!</small><br></div><div class="spacer battle-history"><br></div><h2 class="battle-history">Turn 32</h2><div class="spacer battle-history"><br></div><div class="battle-history">Ajna withdrew Flygon!<br></div><div class="battle-history">Ajna sent out <strong>Alomomola</strong>!<br></div><div class="battle-history"><small>Pointed stones dug into the opposing Alomomola!</small><br></div><div class="battle-history"><small>The opposing Alomomola is hurt by the spikes!</small><br></div><div class="spacer battle-history"><br></div><div class="battle-history">Summon Wind used <strong>Outrage</strong>!<br></div><div class="battle-history"><small>(The opposing Alomomola lost <abbr title="−256/497">51.5%</abbr> of its health!)</small><br></div><div class="spacer battle-history"><br></div><div class="battle-history"><small>The opposing Alomomola restored a little HP using its Leftovers!</small><br></div><div class="spacer battle-history"><br></div><h2 class="battle-history">Turn 33</h2><div class="spacer battle-history"><br></div><div class="battle-history">The opposing Alomomola used <strong>Protect</strong>!<br></div><div class="battle-history"><small>The opposing Alomomola protected itself!</small><br></div><div class="spacer battle-history"><br></div><div class="battle-history">Summon Wind used <strong>Outrage</strong>!<br></div><div class="battle-history"><small>The opposing Alomomola protected itself!</small><br></div><div class="spacer battle-history"><br></div><div class="battle-history"><small>The opposing Alomomola restored a little HP using its Leftovers!</small><br></div><div class="spacer battle-history"><br></div><h2 class="battle-history">Turn 34</h2><div class="spacer battle-history"><br></div><div class="battle-history">Ajna withdrew Alomomola!<br></div><div class="battle-history">Ajna sent out <strong>Flygon</strong>!<br></div><div class="battle-history"><small>Pointed stones dug into the opposing Flygon!</small><br></div><div class="spacer battle-history"><br></div><div class="battle-history">Summon Wind used <strong>Outrage</strong>!<br></div><div class="battle-history"><small>It's super effective!</small><br></div><div class="battle-history"><small>A critical hit!</small><br></div><div class="battle-history"><small>(The opposing Flygon lost <abbr title="−270/338">79.9%</abbr> of its health!)</small><br></div><div class="spacer battle-history"><br></div><div class="battle-history">The opposing Flygon fainted!<br></div><div class="spacer battle-history"><br></div><div class="battle-history">Ajna sent out <strong>Sneasel</strong>!<br></div><div class="battle-history"><small>Pointed stones dug into the opposing Sneasel!</small><br></div><div class="battle-history"><small>The opposing Sneasel is hurt by the spikes!</small><br></div><div class="spacer battle-history"><br></div><h2 class="battle-history">Turn 35</h2><div class="spacer battle-history"><br></div><div class="battle-history">The opposing Sneasel used <strong>Ice Shard</strong>!<br></div><div class="battle-history"><small>It's super effective!</small><br></div><div class="battle-history"><small>(Summon Wind lost <abbr title="−183/301">60.8%</abbr> of its health!)</small><br></div><div class="spacer battle-history"><br></div><div class="battle-history">Summon Wind fainted!<br></div><div class="spacer battle-history"><br></div><div class="battle-history">Go! Thunder Bullet (<strong>Magneton</strong>)!<br></div><div class="spacer battle-history"><br></div><h2 class="battle-history">Turn 36</h2><div class="spacer battle-history"><br></div><div class="battle-history">The opposing Sneasel used <strong>Ice Shard</strong>!<br></div><div class="battle-history"><small>It's not very effective...</small><br></div><div class="battle-history"><small>A critical hit!</small><br></div><div class="battle-history"><small>(Thunder Bullet lost <abbr title="−66/245">26.9%</abbr> of its health!)</small><br></div><div class="spacer battle-history"><br></div><div class="battle-history">Thunder Bullet used <strong>Volt Switch</strong>!<br></div><div class="battle-history"><small>(The opposing Sneasel lost <abbr title="−19/251">7.6%</abbr> of its health!)</small><br></div><div class="spacer battle-history"><br></div><div class="battle-history">The opposing Sneasel fainted!<br></div><div class="spacer battle-history"><br></div><div class="battle-history">Thunder Bullet went back to sSantu ♧!<br></div><div class="battle-history">Go! Back Slash (<strong>Diancie</strong>)!<br></div><div class="spacer battle-history"><br></div><div class="battle-history">Ajna sent out <strong>Venusaur</strong>!<br></div><div class="battle-history"><small>Pointed stones dug into the opposing Venusaur!</small><br></div><div class="battle-history"><small>The opposing Venusaur is hurt by the spikes!</small><br></div><div class="spacer battle-history"><br></div><h2 class="battle-history">Turn 37</h2><div class="spacer battle-history"><br></div><div class="battle-history">The opposing Venusaur used <strong>Leech Seed</strong>!<br></div><div class="battle-history"><small>Back Slash was seeded!</small><br></div><div class="spacer battle-history"><br></div><div class="battle-history">Back Slash used <strong>Diamond Storm</strong>!<br></div><div class="battle-history"><small>The opposing Venusaur avoided the attack!</small><br></div><div class="spacer battle-history"><br></div><div class="battle-history"><small>The opposing Venusaur restored a little HP using its Black Sludge!</small><br></div><div class="battle-history"><small>Back Slash's health is sapped by Leech Seed!</small><br></div><div class="spacer battle-history"><br></div><h2 class="battle-history">Turn 38</h2><div class="spacer battle-history"><br></div><div class="battle-history">The opposing Venusaur used <strong>Sludge Bomb</strong>!<br></div><div class="battle-history"><small>A critical hit!</small><br></div><div class="battle-history"><small>(Back Slash lost <abbr title="−124/299">41.5%</abbr> of its health!)</small><br></div><div class="spacer battle-history"><br></div><div class="battle-history">Back Slash used <strong>Diamond Storm</strong>!<br></div><div class="battle-history"><small>(The opposing Venusaur lost <abbr title="−125/361">34.6%</abbr> of its health!)</small><br></div><div class="battle-history"><small>Back Slash's Defense rose!</small><br></div><div class="battle-history"><small>Back Slash lost some of its HP!</small><br></div><div class="spacer battle-history"><br></div><div class="battle-history"><small>The opposing Venusaur restored a little HP using its Black Sludge!</small><br></div><div class="battle-history"><small>Back Slash's health is sapped by Leech Seed!</small><br></div><div class="spacer battle-history"><br></div><div class="battle-history">Back Slash fainted!<br></div><div class="spacer battle-history"><br></div><div class="battle-history">Go! Thunder Bullet (<strong>Magneton</strong>)!<br></div><div class="spacer battle-history"><br></div><h2 class="battle-history">Turn 39</h2><div class="chat"><small>lax joined.</small></div><div class="spacer battle-history"><br></div><div class="battle-history">Ajna withdrew Venusaur!<br></div><div class="battle-history">Ajna sent out <strong>Alomomola</strong>!<br></div><div class="battle-history"><small>The opposing Alomomola is hurt by the spikes!</small><br></div><div class="battle-history"><small>Pointed stones dug into the opposing Alomomola!</small><br></div><div class="spacer battle-history"><br></div><div class="battle-history">Thunder Bullet used <strong>Flash Cannon</strong>!<br></div><div class="battle-history"><small>It's not very effective...</small><br></div><div class="battle-history"><small>(The opposing Alomomola lost <abbr title="−164/497">33.0%</abbr> of its health!)</small><br></div><div class="spacer battle-history"><br></div><div class="battle-history"><small>The opposing Alomomola restored a little HP using its Leftovers!</small><br></div><div class="spacer battle-history"><br></div><h2 class="battle-history">Turn 40</h2><div class="spacer battle-history"><br></div><div class="battle-history">The opposing Alomomola used <strong>Protect</strong>!<br></div><div class="battle-history"><small>The opposing Alomomola protected itself!</small><br></div><div class="spacer battle-history"><br></div><div class="battle-history">Thunder Bullet used <strong>Flash Cannon</strong>!<br></div><div class="battle-history"><small>The opposing Alomomola protected itself!</small><br></div><div class="spacer battle-history"><br></div><div class="battle-history"><small>The opposing Alomomola restored a little HP using its Leftovers!</small><br></div><div class="spacer battle-history"><br></div><h2 class="battle-history">Turn 41</h2><div class="spacer battle-history"><br></div><div class="battle-history">The opposing Alomomola used <strong>Protect</strong>!<br></div><div class="battle-history"><small>But it failed!</small><br></div><div class="spacer battle-history"><br></div><div class="battle-history">Thunder Bullet used <strong>Flash Cannon</strong>!<br></div><div class="battle-history"><small>It's not very effective...</small><br></div><div class="battle-history"><small>(The opposing Alomomola lost <abbr title="−118/497">23.7%</abbr> of its health!)</small><br></div><div class="spacer battle-history"><br></div><div class="battle-history">The opposing Alomomola fainted!<br></div><div class="chat chatmessage-ajna"><strong style="color:hsl(16,65%,44.207154230337885%)"><small>☆</small><span class="username" data-name="Ajna">Ajna</span>:</strong> <em>no justice in this awful game</em></div><div class="chat chatmessage-ajna"><strong style="color:hsl(16,65%,44.207154230337885%)"><small>☆</small><span class="username" data-name="Ajna">Ajna</span>:</strong> <em>gg!</em></div><div class="spacer battle-history"><br></div><div class="battle-history"><small>Ajna forfeited.</small><br></div><div class="spacer battle-history"><br></div><div class="battle-history"><strong>sSantu ♧</strong> won the battle!<br></div><div class="chat"><small>Ajna left.</small></div><div class="chat"><small>lax left.</small></div><div class="chat"><small>Feliburn left.</small></div><div class="chat"><small>tko left.</small></div></div><div class="inner-preempt"></div></div></div>
</div>
<script>
let daily = Math.floor(Date.now()/1000/60/60/24);document.write('<script src="https://play.pokemonshowdown.com/js/replay-embed.js?version'+daily+'"></'+'script>');
</script>
