<!DOCTYPE html>
<meta charset="utf-8" />
<!-- version 1 -->
<title>RU replay: Natalie vs. Hell Rayquaza1</title>
<style>
html,body {font-family:Verdana, sans-serif;font-size:10pt;margin:0;padding:0;}body{padding:12px 0;} .battle-log {font-family:Verdana, sans-serif;font-size:10pt;} .battle-log-inline {border:1px solid #AAAAAA;background:#EEF2F5;color:black;max-width:640px;margin:0 auto 80px;padding-bottom:5px;} .battle-log .inner {padding:4px 8px 0px 8px;} .battle-log .inner-preempt {padding:0 8px 4px 8px;} .battle-log .inner-after {margin-top:0.5em;} .battle-log h2 {margin:0.5em -8px;padding:4px 8px;border:1px solid #AAAAAA;background:#E0E7EA;border-left:0;border-right:0;font-family:Verdana, sans-serif;font-size:13pt;} .battle-log .chat {vertical-align:middle;padding:3px 0 3px 0;font-size:8pt;} .battle-log .chat strong {color:#40576A;} .battle-log .chat em {padding:1px 4px 1px 3px;color:#000000;font-style:normal;} .chat.mine {background:rgba(0,0,0,0.05);margin-left:-8px;margin-right:-8px;padding-left:8px;padding-right:8px;} .spoiler {color:#BBBBBB;background:#BBBBBB;padding:0px 3px;} .spoiler:hover, .spoiler:active, .spoiler-shown {color:#000000;background:#E2E2E2;padding:0px 3px;} .spoiler a {color:#BBBBBB;} .spoiler:hover a, .spoiler:active a, .spoiler-shown a {color:#2288CC;} .chat code, .chat .spoiler:hover code, .chat .spoiler:active code, .chat .spoiler-shown code {border:1px solid #C0C0C0;background:#EEEEEE;color:black;padding:0 2px;} .chat .spoiler code {border:1px solid #CCCCCC;background:#CCCCCC;color:#CCCCCC;} .battle-log .rated {padding:3px 4px;} .battle-log .rated strong {color:white;background:#89A;padding:1px 4px;border-radius:4px;} .spacer {margin-top:0.5em;} .message-announce {background:#6688AA;color:white;padding:1px 4px 2px;} .message-announce a, .broadcast-green a, .broadcast-blue a, .broadcast-red a {color:#DDEEFF;} .broadcast-green {background-color:#559955;color:white;padding:2px 4px;} .broadcast-blue {background-color:#6688AA;color:white;padding:2px 4px;} .infobox {border:1px solid #6688AA;padding:2px 4px;} .infobox-limited {max-height:200px;overflow:auto;overflow-x:hidden;} .broadcast-red {background-color:#AA5544;color:white;padding:2px 4px;} .message-learn-canlearn {font-weight:bold;color:#228822;text-decoration:underline;} .message-learn-cannotlearn {font-weight:bold;color:#CC2222;text-decoration:underline;} .message-effect-weak {font-weight:bold;color:#CC2222;} .message-effect-resist {font-weight:bold;color:#6688AA;} .message-effect-immune {font-weight:bold;color:#666666;} .message-learn-list {margin-top:0;margin-bottom:0;} .message-throttle-notice, .message-error {color:#992222;} .message-overflow, .chat small.message-overflow {font-size:0pt;} .message-overflow::before {font-size:9pt;content:'...';} .subtle {color:#3A4A66;}
</style>
<div class="wrapper replay-wrapper" style="max-width:1180px;margin:0 auto">
<input type="hidden" name="replayid" value="ru-534838515" />
<div class="battle"></div><div class="battle-log"></div><div class="replay-controls"></div><div class="replay-controls-2"></div>
<h1 style="font-weight:normal;text-align:center"><strong>RU</strong><br /><a href="http://pokemonshowdown.com/users/natalie" class="subtle" target="_blank">Natalie</a> vs. <a href="http://pokemonshowdown.com/users/hellrayquaza1" class="subtle" target="_blank">Hell Rayquaza1</a></h1>
<script type="text/plain" class="battle-log-data">|j|Natalie
|j|Hell Rayquaza1
|player|p1|Natalie|81
|player|p2|Hell Rayquaza1|40
|gametype|singles
|gen|6
|tier|RU
|seed|35203,44889,53944,52071
|rule|Sleep Clause Mod: Limit one foe put to sleep
|rule|Species Clause: Limit one of each Pokémon
|rule|OHKO Clause: OHKO moves are banned
|rule|Moody Clause: Moody is banned
|rule|Evasion Moves Clause: Evasion moves are banned
|rule|Endless Battle Clause: Forcing endless battles is banned
|rule|HP Percentage Mod: HP is shown in percentages
|clearpoke
|poke|p1|Cinccino, F|item
|poke|p1|Kabutops, M|item
|poke|p1|Uxie|item
|poke|p1|Gurdurr, M|item
|poke|p1|Blastoise, M|item
|poke|p1|Registeel|item
|poke|p2|Glalie, M|item
|poke|p2|Alomomola, M|item
|poke|p2|Hitmontop, M|item
|poke|p2|Meloetta|item
|poke|p2|Regirock|item
|poke|p2|Houndoom, F|item
|rule|Swagger Clause: Swagger is banned
|rule|Baton Pass Clause: Limit one Baton Passer, can't pass Spe and other stats simultaneously
|teampreview
|j|Stats Bot
|l|Stats Bot
|j|carios00
|j|Ras♤Berry pie ◕‿◕
|j|PokeRon
|j|Smolzilla
|j|Skarmorylover323
|c| carios00|meme dream team
|c| Ras♤Berry pie ◕‿◕|gl both of you
|c|★Natalie|ye
|choice|team 5, team 2, team 3, team 4, team 1, team 6|team 5, team 2, team 3, team 4, team 1, team 6
|
|start
|switch|p1a: dejay khaleed|Blastoise, M|362\/362
|switch|p2a: Regirock|Regirock|302\/302
|turn|1
|choice|move waterspout|switch 4
|
|switch|p2a: Meloetta|Meloetta|341\/341
|move|p1a: dejay khaleed|Water Spout|p2a: Meloetta
|-damage|p2a: Meloetta|149\/341
|
|upkeep
|turn|2
|c| Skarmorylover323|why is this a "meme" team tho
|j|SlyolDFS
|choice|switch 3|move hypervoice
|
|switch|p1a: deejay khaled|Uxie|354\/354
|move|p2a: Meloetta|Hyper Voice|p1a: deejay khaled
|-crit|p1a: deejay khaled
|-damage|p1a: deejay khaled|150\/354
|
|upkeep
|turn|3
|choice|move stealthrock|move hypervoice
|
|move|p2a: Meloetta|Hyper Voice|p1a: deejay khaled
|-damage|p1a: deejay khaled|26\/354
|move|p1a: deejay khaled|Stealth Rock|p2a: Meloetta
|-sidestart|p2: Hell Rayquaza1|move: Stealth Rock
|
|upkeep
|turn|4
|choice|switch 6|switch 3
|
|switch|p2a: Hitmontop|Hitmontop, M|304\/304
|-damage|p2a: Hitmontop|285\/304|[from] Stealth Rock
|-ability|p2a: Hitmontop|Intimidate|boost
|-unboost|p1a: deejay khaled|atk|1
|switch|p1a: dj khaledo305|Registeel|364\/364
|
|-heal|p2a: Hitmontop|304\/304|[from] item: Leftovers
|upkeep
|turn|5
|choice|move toxic|move rapidspin
|
|move|p2a: Hitmontop|Rapid Spin|p1a: dj khaledo305
|-resisted|p1a: dj khaledo305
|-damage|p1a: dj khaledo305|357\/364
|-sideend|p2: Hell Rayquaza1|Stealth Rock|[from] move: Rapid Spin|[of] p2a: Hitmontop
|move|p1a: dj khaledo305|Toxic|p2a: Hitmontop
|-status|p2a: Hitmontop|tox
|
|-heal|p1a: dj khaledo305|364\/364|[from] item: Leftovers
|-damage|p2a: Hitmontop|285\/304 tox|[from] psn
|upkeep
|turn|6
|choice|switch 4|move closecombat
|
|switch|p1a: djay khaled|Gurdurr, M|374\/374
|move|p2a: Hitmontop|Close Combat|p1a: djay khaled
|-damage|p1a: djay khaled|217\/374
|-unboost|p2a: Hitmontop|def|1
|-unboost|p2a: Hitmontop|spd|1
|
|-heal|p2a: Hitmontop|304\/304 tox|[from] item: Leftovers
|-damage|p2a: Hitmontop|266\/304 tox|[from] psn
|upkeep
|turn|7
|choice|move drainpunch|switch 2
|
|switch|p2a: Alomomola|Alomomola, M|534\/534
|move|p1a: djay khaled|Drain Punch|p2a: Alomomola
|-crit|p2a: Alomomola
|-damage|p2a: Alomomola|417\/534
|-heal|p1a: djay khaled|276\/374|[from] drain|[of] p2a: Alomomola
|-damage|p1a: djay khaled|214\/374|[from] item: Rocky Helmet|[of] p2a: Alomomola
|
|upkeep
|turn|8
|choice|move bulkup|move scald
|
|move|p2a: Alomomola|Scald|p1a: djay khaled
|-damage|p1a: djay khaled|178\/374
|-status|p1a: djay khaled|brn
|move|p1a: djay khaled|Bulk Up|p1a: djay khaled
|-boost|p1a: djay khaled|atk|1
|-boost|p1a: djay khaled|def|1
|
|-damage|p1a: djay khaled|132\/374 brn|[from] brn
|upkeep
|turn|9
|choice|move rest|move wish
|
|move|p2a: Alomomola|Wish|p2a: Alomomola
|move|p1a: djay khaled|Rest|p1a: djay khaled
|-status|p1a: djay khaled|slp
|-heal|p1a: djay khaled|374\/374 slp|[silent]
|-status|p1a: djay khaled|slp|[from] move: Rest
|
|upkeep
|turn|10
|choice|move sleeptalk|switch 4
|
|switch|p2a: Regirock|Regirock|302\/302
|cant|p1a: djay khaled|slp
|move|p1a: djay khaled|Sleep Talk|p1a: djay khaled
|move|p1a: djay khaled|Drain Punch|p2a: Regirock|[from]Sleep Talk
|-supereffective|p2a: Regirock
|-damage|p2a: Regirock|96\/302
|
|-heal|p2a: Regirock|302\/302|[from] move: Wish|[wisher] Alomomola
|upkeep
|turn|11
|choice|move sleeptalk|move stealthrock
|
|move|p2a: Regirock|Stealth Rock|p1a: djay khaled
|-sidestart|p1: Natalie|move: Stealth Rock
|cant|p1a: djay khaled|slp
|move|p1a: djay khaled|Sleep Talk|p1a: djay khaled
|move|p1a: djay khaled|Drain Punch|p2a: Regirock|[from]Sleep Talk
|-supereffective|p2a: Regirock
|-crit|p2a: Regirock
|-damage|p2a: Regirock|26\/302
|
|upkeep
|turn|12
|j|LandonB1021
|-enditem|p2a: Regirock|Custap Berry|[eat]
|-activate|p2a: Regirock|item: Custap Berry
|choice|move drainpunch|move earthquake
|
|move|p2a: Regirock|Earthquake|p1a: djay khaled
|-damage|p1a: djay khaled|319\/374 slp
|-curestatus|p1a: djay khaled|slp|[msg]
|move|p1a: djay khaled|Drain Punch|p2a: Regirock
|-supereffective|p2a: Regirock
|-damage|p2a: Regirock|0 fnt
|-heal|p1a: djay khaled|332\/374|[from] drain|[of] p2a: Regirock
|faint|p2a: Regirock
|
|upkeep
|choice||switch 3
|
|switch|p2a: Meloetta|Meloetta|149\/341
|turn|13
|j|RUBIZOR
|choice|move drainpunch|move dazzlinggleam
|
|move|p2a: Meloetta|Dazzling Gleam|p1a: djay khaled
|-supereffective|p1a: djay khaled
|-damage|p1a: djay khaled|186\/374
|move|p1a: djay khaled|Drain Punch|p2a: Meloetta
|-damage|p2a: Meloetta|0 fnt
|-heal|p1a: djay khaled|261\/374|[from] drain|[of] p2a: Meloetta
|faint|p2a: Meloetta
|
|upkeep
|choice||switch 6
|
|switch|p2a: Houndoom|Houndoom, F|291\/291
|turn|14
|choice|move drainpunch|move nastyplot
|
|move|p2a: Houndoom|Nasty Plot|p2a: Houndoom
|-boost|p2a: Houndoom|spa|2
|move|p1a: djay khaled|Drain Punch|p2a: Houndoom
|-supereffective|p2a: Houndoom
|-enditem|p2a: Houndoom|Focus Sash
|-damage|p2a: Houndoom|1\/291
|-heal|p1a: djay khaled|374\/374|[from] drain|[of] p2a: Houndoom
|
|upkeep
|turn|15
|l|LandonB1021
|choice|switch 6|move destinybond
|
|switch|p1a: deejay khaled|Uxie|26\/354
|-damage|p1a: deejay khaled|0 fnt|[from] Stealth Rock
|faint|p1a: deejay khaled
|move|p2a: Houndoom|Destiny Bond|p2a: Houndoom
|-singlemove|p2a: Houndoom|Destiny Bond
|
|upkeep
|choice|switch 5|
|
|switch|p1a: dj khalid|Cinccino, F|291\/291
|-damage|p1a: dj khalid|255\/291|[from] Stealth Rock
|turn|16
|c| Ras♤Berry pie ◕‿◕|every mon is here to rock n and roll
|c| Ras♤Berry pie ◕‿◕|in natalie's team ofc
|choice|move uturn|switch 4
|
|switch|p2a: Alomomola|Alomomola, M|534\/534
|move|p1a: dj khalid|U-turn|p2a: Alomomola
|-damage|p2a: Alomomola|479\/534
|-damage|p1a: dj khalid|207\/291|[from] item: Rocky Helmet|[of] p2a: Alomomola
|choice|switch 4|
|
|switch|p1a: dj khaledo305|Registeel|364\/364
|-damage|p1a: dj khaledo305|342\/364|[from] Stealth Rock
|
|-heal|p1a: dj khaledo305|364\/364|[from] item: Leftovers
|upkeep
|turn|17
|j|CptCrunchy
|choice|move block|move wish
|
|move|p2a: Alomomola|Wish|p2a: Alomomola
|move|p1a: dj khaledo305|Block|p2a: Alomomola
|-activate|p2a: Alomomola|trapped
|
|upkeep
|turn|18
|c|★Natalie|gone
|choice|move toxic|move scald
|
|move|p2a: Alomomola|Scald|p1a: dj khaledo305
|-damage|p1a: dj khaledo305|339\/364
|move|p1a: dj khaledo305|Toxic|p2a: Alomomola
|-status|p2a: Alomomola|tox
|
|-heal|p2a: Alomomola|534\/534 tox|[from] move: Wish|[wisher] Alomomola
|-heal|p1a: dj khaledo305|361\/364|[from] item: Leftovers
|-damage|p2a: Alomomola|501\/534 tox|[from] psn
|upkeep
|turn|19
|choice|move seismictoss|move protect
|
|move|p2a: Alomomola|Protect|p2a: Alomomola
|-singleturn|p2a: Alomomola|Protect
|move|p1a: dj khaledo305|Seismic Toss|p2a: Alomomola
|-activate|p2a: Alomomola|move: Protect
|
|-heal|p1a: dj khaledo305|364\/364|[from] item: Leftovers
|-damage|p2a: Alomomola|435\/534 tox|[from] psn
|upkeep
|turn|20
|-message|Hell Rayquaza1 forfeited.
|
|win|Natalie
|player|p1
|player|p2
|l|Hell Rayquaza1
|l|Ras♤Berry pie ◕‿◕
|c| Skarmorylover323|lol
|l|RUBIZOR
|l|Skarmorylover323
|l|Smolzilla</script>
</div>
<div class="battle-log battle-log-inline"><div class="inner"><div class="battle-options"></div><div class="inner"><div class="chat"><small>Natalie joined.</small></div><div class="chat"><small>Hell Rayquaza1 joined.</small></div><div class=""><small>Format:</small> <br><strong>RU</strong></div><div class=""><small><em>Sleep Clause Mod:</em> Limit one foe put to sleep</small></div><div class=""><small><em>Species Clause:</em> Limit one of each Pokémon</small></div><div class=""><small><em>OHKO Clause:</em> OHKO moves are banned</small></div><div class=""><small><em>Moody Clause:</em> Moody is banned</small></div><div class=""><small><em>Evasion Moves Clause:</em> Evasion moves are banned</small></div><div class=""><small><em>Endless Battle Clause:</em> Forcing endless battles is banned</small></div><div class=""><small><em>HP Percentage Mod:</em> HP is shown in percentages</small></div><div class=""><small><em>Swagger Clause:</em> Swagger is banned</small></div><div class=""><small><em>Baton Pass Clause:</em> Limit one Baton Passer, can't pass Spe and other stats simultaneously</small></div><div class="chat battle-history"><strong>Natalie's team:</strong> <em style="color:#445566;display:block;">Cinccino / Kabutops / Uxie / Gurdurr / Blastoise / Registeel</em></div><div class="chat battle-history"><strong>Hell Rayquaza1's team:</strong> <em style="color:#445566;display:block;">Glalie / Alomomola / Hitmontop / Meloetta / Regirock / Houndoom</em></div><div class="chat"><small>Stats Bot joined.</small></div><div class="chat"><small>Stats Bot left.</small></div><div class="chat"><small>carios00 joined.</small></div><div class="chat"><small>Ras♤Berry pie ◕‿◕ joined.</small></div><div class="chat"><small>PokeRon joined.</small></div><div class="chat"><small>Smolzilla joined.</small></div><div class="chat"><small>Skarmorylover323 joined.</small></div><div class="chat chatmessage-carios00"><strong style="color:hsl(168,84%,32%)"><small> </small><span class="username" data-name="carios00">carios00</span>:</strong> <em>meme dream team</em></div><div class="chat chatmessage-rasberrypie"><strong style="color:hsl(357,82%,43.480144312574254%)"><small> </small><span class="username" data-name="Ras♤Berry pie ◕‿◕">Ras♤Berry pie ◕‿◕</span>:</strong> <em>gl both of you</em></div><div class="chat chatmessage-natalie"><strong style="color:hsl(102,59%,31%)"><small>★</small><span class="username" data-name="Natalie">Natalie</span>:</strong> <em>ye</em></div><div class="spacer battle-history"><br></div><div class="battle-history">Battle started between Natalie and Hell Rayquaza1!<br></div><div class="spacer battle-history"><br></div><div class="battle-history">Go! dejay khaleed (<strong>Blastoise</strong>)!<br></div><div class="spacer battle-history"><br></div><div class="battle-history">Hell Rayquaza1 sent out <strong>Regirock</strong>!<br></div><div class="spacer battle-history"><br></div><h2 class="battle-history">Turn 1</h2><div class="spacer battle-history"><br></div><div class="battle-history">Hell Rayquaza1 withdrew Regirock!<br></div><div class="battle-history">Hell Rayquaza1 sent out <strong>Meloetta</strong>!<br></div><div class="spacer battle-history"><br></div><div class="battle-history">dejay khaleed used <strong>Water Spout</strong>!<br></div><div class="battle-history"><small>(The opposing Meloetta lost <abbr title="−192/341">56.3%</abbr> of its health!)</small><br></div><div class="spacer battle-history"><br></div><h2 class="battle-history">Turn 2</h2><div class="chat chatmessage-skarmorylover323"><strong style="color:hsl(336,63%,44.07401333876046%)"><small> </small><span class="username" data-name="Skarmorylover323">Skarmorylover323</span>:</strong> <em>why is this a "meme" team tho</em></div><div class="chat"><small>SlyolDFS joined.</small></div><div class="spacer battle-history"><br></div><div class="battle-history">dejay khaleed, come back!<br></div><div class="battle-history">Go! deejay khaled (<strong>Uxie</strong>)!<br></div><div class="spacer battle-history"><br></div><div class="battle-history">The opposing Meloetta used <strong>Hyper Voice</strong>!<br></div><div class="battle-history"><small>A critical hit!</small><br></div><div class="battle-history"><small>(deejay khaled lost <abbr title="−204/354">57.6%</abbr> of its health!)</small><br></div><div class="spacer battle-history"><br></div><h2 class="battle-history">Turn 3</h2><div class="spacer battle-history"><br></div><div class="battle-history">The opposing Meloetta used <strong>Hyper Voice</strong>!<br></div><div class="battle-history"><small>(deejay khaled lost <abbr title="−124/354">35.0%</abbr> of its health!)</small><br></div><div class="spacer battle-history"><br></div><div class="battle-history">deejay khaled used <strong>Stealth Rock</strong>!<br></div><div class="battle-history"><small>Pointed stones float in the air around the opposing team!</small><br></div><div class="spacer battle-history"><br></div><h2 class="battle-history">Turn 4</h2><div class="spacer battle-history"><br></div><div class="battle-history">Hell Rayquaza1 withdrew Meloetta!<br></div><div class="battle-history">Hell Rayquaza1 sent out <strong>Hitmontop</strong>!<br></div><div class="battle-history"><small>Pointed stones dug into the opposing Hitmontop!</small><br></div><div class="battle-history"><small>[The opposing Hitmontop's Intimidate]</small><br></div><div class="battle-history"><small>deejay khaled's Attack fell!</small><br></div><div class="spacer battle-history"><br></div><div class="battle-history">deejay khaled, come back!<br></div><div class="battle-history">Go! dj khaledo305 (<strong>Registeel</strong>)!<br></div><div class="spacer battle-history"><br></div><div class="battle-history"><small>The opposing Hitmontop restored a little HP using its Leftovers!</small><br></div><div class="spacer battle-history"><br></div><h2 class="battle-history">Turn 5</h2><div class="spacer battle-history"><br></div><div class="battle-history">The opposing Hitmontop used <strong>Rapid Spin</strong>!<br></div><div class="battle-history"><small>It's not very effective...</small><br></div><div class="battle-history"><small>(dj khaledo305 lost <abbr title="−7/364">1.9%</abbr> of its health!)</small><br></div><div class="battle-history"><small>The pointed stones disappeared from around the opposing team!</small><br></div><div class="spacer battle-history"><br></div><div class="battle-history">dj khaledo305 used <strong>Toxic</strong>!<br></div><div class="battle-history"><small>The opposing Hitmontop was badly poisoned!</small><br></div><div class="spacer battle-history"><br></div><div class="battle-history"><small>dj khaledo305 restored a little HP using its Leftovers!</small><br></div><div class="battle-history"><small>The opposing Hitmontop was hurt by poison!</small><br></div><div class="spacer battle-history"><br></div><h2 class="battle-history">Turn 6</h2><div class="spacer battle-history"><br></div><div class="battle-history">dj khaledo305, come back!<br></div><div class="battle-history">Go! djay khaled (<strong>Gurdurr</strong>)!<br></div><div class="spacer battle-history"><br></div><div class="battle-history">The opposing Hitmontop used <strong>Close Combat</strong>!<br></div><div class="battle-history"><small>(djay khaled lost <abbr title="−157/374">42.0%</abbr> of its health!)</small><br></div><div class="battle-history"><small>The opposing Hitmontop's Defense fell!</small><br></div><div class="battle-history"><small>The opposing Hitmontop's Special Defense fell!</small><br></div><div class="spacer battle-history"><br></div><div class="battle-history"><small>The opposing Hitmontop restored a little HP using its Leftovers!</small><br></div><div class="battle-history"><small>The opposing Hitmontop was hurt by poison!</small><br></div><div class="spacer battle-history"><br></div><h2 class="battle-history">Turn 7</h2><div class="spacer battle-history"><br></div><div class="battle-history">Hell Rayquaza1 withdrew Hitmontop!<br></div><div class="battle-history">Hell Rayquaza1 sent out <strong>Alomomola</strong>!<br></div><div class="spacer battle-history"><br></div><div class="battle-history">djay khaled used <strong>Drain Punch</strong>!<br></div><div class="battle-history"><small>A critical hit!</small><br></div><div class="battle-history"><small>(The opposing Alomomola lost <abbr title="−117/534">21.9%</abbr> of its health!)</small><br></div><div class="battle-history"><small>The opposing Alomomola had its energy drained!</small><br></div><div class="battle-history"><small>djay khaled was hurt by the Rocky Helmet!</small><br></div><div class="spacer battle-history"><br></div><h2 class="battle-history">Turn 8</h2><div class="spacer battle-history"><br></div><div class="battle-history">The opposing Alomomola used <strong>Scald</strong>!<br></div><div class="battle-history"><small>(djay khaled lost <abbr title="−36/374">9.6%</abbr> of its health!)</small><br></div><div class="battle-history"><small>djay khaled was burned!</small><br></div><div class="spacer battle-history"><br></div><div class="battle-history">djay khaled used <strong>Bulk Up</strong>!<br></div><div class="battle-history"><small>djay khaled's Attack rose!</small><br></div><div class="battle-history"><small>djay khaled's Defense rose!</small><br></div><div class="spacer battle-history"><br></div><div class="battle-history"><small>djay khaled was hurt by its burn!</small><br></div><div class="spacer battle-history"><br></div><h2 class="battle-history">Turn 9</h2><div class="spacer battle-history"><br></div><div class="battle-history">The opposing Alomomola used <strong>Wish</strong>!<br></div><div class="spacer battle-history"><br></div><div class="battle-history">djay khaled used <strong>Rest</strong>!<br></div><div class="battle-history"><small>djay khaled fell asleep!</small><br></div><div class="battle-history"><small>djay khaled slept and became healthy!</small><br></div><div class="spacer battle-history"><br></div><h2 class="battle-history">Turn 10</h2><div class="spacer battle-history"><br></div><div class="battle-history">Hell Rayquaza1 withdrew Alomomola!<br></div><div class="battle-history">Hell Rayquaza1 sent out <strong>Regirock</strong>!<br></div><div class="spacer battle-history"><br></div><div class="battle-history">djay khaled is fast asleep.<br></div><div class="spacer battle-history"><br></div><div class="battle-history">djay khaled used <strong>Sleep Talk</strong>!<br></div><div class="spacer battle-history"><br></div><div class="battle-history">djay khaled used <strong>Drain Punch</strong>!<br></div><div class="battle-history"><small>It's super effective!</small><br></div><div class="battle-history"><small>(The opposing Regirock lost <abbr title="−206/302">68.2%</abbr> of its health!)</small><br></div><div class="spacer battle-history"><br></div><div class="battle-history"><small>Alomomola's wish came true!</small><br></div><div class="spacer battle-history"><br></div><h2 class="battle-history">Turn 11</h2><div class="spacer battle-history"><br></div><div class="battle-history">The opposing Regirock used <strong>Stealth Rock</strong>!<br></div><div class="battle-history"><small>Pointed stones float in the air around your team!</small><br></div><div class="spacer battle-history"><br></div><div class="battle-history">djay khaled is fast asleep.<br></div><div class="spacer battle-history"><br></div><div class="battle-history">djay khaled used <strong>Sleep Talk</strong>!<br></div><div class="spacer battle-history"><br></div><div class="battle-history">djay khaled used <strong>Drain Punch</strong>!<br></div><div class="battle-history"><small>It's super effective!</small><br></div><div class="battle-history"><small>A critical hit!</small><br></div><div class="battle-history"><small>(The opposing Regirock lost <abbr title="−276/302">91.4%</abbr> of its health!)</small><br></div><div class="spacer battle-history"><br></div><h2 class="battle-history">Turn 12</h2><div class="chat"><small>LandonB1021 joined.</small></div><div class="spacer battle-history"><br></div><div class="battle-history"><small>The opposing Regirock ate its Custap Berry!</small><br></div><div class="battle-history"><small>The opposing Regirock's Custap Berry let it move first!</small><br></div><div class="spacer battle-history"><br></div><div class="battle-history">The opposing Regirock used <strong>Earthquake</strong>!<br></div><div class="battle-history"><small>(djay khaled lost <abbr title="−55/374">14.7%</abbr> of its health!)</small><br></div><div class="battle-history"><small>djay khaled woke up!</small><br></div><div class="spacer battle-history"><br></div><div class="battle-history">djay khaled used <strong>Drain Punch</strong>!<br></div><div class="battle-history"><small>It's super effective!</small><br></div><div class="battle-history"><small>(The opposing Regirock lost <abbr title="−26/302">8.6%</abbr> of its health!)</small><br></div><div class="battle-history"><small>The opposing Regirock had its energy drained!</small><br></div><div class="spacer battle-history"><br></div><div class="battle-history">The opposing Regirock fainted!<br></div><div class="spacer battle-history"><br></div><div class="battle-history">Hell Rayquaza1 sent out <strong>Meloetta</strong>!<br></div><div class="spacer battle-history"><br></div><h2 class="battle-history">Turn 13</h2><div class="chat"><small>RUBIZOR joined.</small></div><div class="spacer battle-history"><br></div><div class="battle-history">The opposing Meloetta used <strong>Dazzling Gleam</strong>!<br></div><div class="battle-history"><small>It's super effective!</small><br></div><div class="battle-history"><small>(djay khaled lost <abbr title="−146/374">39.0%</abbr> of its health!)</small><br></div><div class="spacer battle-history"><br></div><div class="battle-history">djay khaled used <strong>Drain Punch</strong>!<br></div><div class="battle-history"><small>(The opposing Meloetta lost <abbr title="−149/341">43.7%</abbr> of its health!)</small><br></div><div class="battle-history"><small>The opposing Meloetta had its energy drained!</small><br></div><div class="spacer battle-history"><br></div><div class="battle-history">The opposing Meloetta fainted!<br></div><div class="spacer battle-history"><br></div><div class="battle-history">Hell Rayquaza1 sent out <strong>Houndoom</strong>!<br></div><div class="spacer battle-history"><br></div><h2 class="battle-history">Turn 14</h2><div class="spacer battle-history"><br></div><div class="battle-history">The opposing Houndoom used <strong>Nasty Plot</strong>!<br></div><div class="battle-history"><small>The opposing Houndoom's Special Attack rose sharply!</small><br></div><div class="spacer battle-history"><br></div><div class="battle-history">djay khaled used <strong>Drain Punch</strong>!<br></div><div class="battle-history"><small>It's super effective!</small><br></div><div class="battle-history"><small>The opposing Houndoom hung on using its Focus Sash!</small><br></div><div class="battle-history"><small>(The opposing Houndoom lost <abbr title="−290/291">99.7%</abbr> of its health!)</small><br></div><div class="battle-history"><small>The opposing Houndoom had its energy drained!</small><br></div><div class="spacer battle-history"><br></div><h2 class="battle-history">Turn 15</h2><div class="chat"><small>LandonB1021 left.</small></div><div class="spacer battle-history"><br></div><div class="battle-history">djay khaled, come back!<br></div><div class="battle-history">Go! deejay khaled (<strong>Uxie</strong>)!<br></div><div class="battle-history"><small>Pointed stones dug into deejay khaled!</small><br></div><div class="spacer battle-history"><br></div><div class="battle-history">deejay khaled fainted!<br></div><div class="battle-history">The opposing Houndoom used <strong>Destiny Bond</strong>!<br></div><div class="battle-history">The opposing Houndoom is hoping to take its attacker down with it!<br></div><div class="spacer battle-history"><br></div><div class="battle-history">Go! dj khalid (<strong>Cinccino</strong>)!<br></div><div class="battle-history"><small>Pointed stones dug into dj khalid!</small><br></div><div class="spacer battle-history"><br></div><h2 class="battle-history">Turn 16</h2><div class="chat chatmessage-rasberrypie"><strong style="color:hsl(357,82%,43.480144312574254%)"><small> </small><span class="username" data-name="Ras♤Berry pie ◕‿◕">Ras♤Berry pie ◕‿◕</span>:</strong> <em>every mon is here to rock n and roll</em></div><div class="chat chatmessage-rasberrypie"><strong style="color:hsl(357,82%,43.480144312574254%)"><small> </small><span class="username" data-name="Ras♤Berry pie ◕‿◕">Ras♤Berry pie ◕‿◕</span>:</strong> <em>in natalie's team ofc</em></div><div class="spacer battle-history"><br></div><div class="battle-history">Hell Rayquaza1 withdrew Houndoom!<br></div><div class="battle-history">Hell Rayquaza1 sent out <strong>Alomomola</strong>!<br></div><div class="spacer battle-history"><br></div><div class="battle-history">dj khalid used <strong>U-turn</strong>!<br></div><div class="battle-history"><small>(The opposing Alomomola lost <abbr title="−55/534">10.3%</abbr> of its health!)</small><br></div><div class="battle-history"><small>dj khalid was hurt by the Rocky Helmet!</small><br></div><div class="spacer battle-history"><br></div><div class="battle-history">dj khalid went back to Natalie!<br></div><div class="battle-history">Go! dj khaledo305 (<strong>Registeel</strong>)!<br></div><div class="battle-history"><small>Pointed stones dug into dj khaledo305!</small><br></div><div class="spacer battle-history"><br></div><div class="battle-history"><small>dj khaledo305 restored a little HP using its Leftovers!</small><br></div><div class="spacer battle-history"><br></div><h2 class="battle-history">Turn 17</h2><div class="chat"><small>CptCrunchy joined.</small></div><div class="spacer battle-history"><br></div><div class="battle-history">The opposing Alomomola used <strong>Wish</strong>!<br></div><div class="spacer battle-history"><br></div><div class="battle-history">dj khaledo305 used <strong>Block</strong>!<br></div><div class="battle-history"><small>The opposing Alomomola can no longer escape!</small><br></div><div class="spacer battle-history"><br></div><h2 class="battle-history">Turn 18</h2><div class="chat chatmessage-natalie"><strong style="color:hsl(102,59%,31%)"><small>★</small><span class="username" data-name="Natalie">Natalie</span>:</strong> <em>gone</em></div><div class="spacer battle-history"><br></div><div class="battle-history">The opposing Alomomola used <strong>Scald</strong>!<br></div><div class="battle-history"><small>(dj khaledo305 lost <abbr title="−25/364">6.9%</abbr> of its health!)</small><br></div><div class="spacer battle-history"><br></div><div class="battle-history">dj khaledo305 used <strong>Toxic</strong>!<br></div><div class="battle-history"><small>The opposing Alomomola was badly poisoned!</small><br></div><div class="spacer battle-history"><br></div><div class="battle-history"><small>Alomomola's wish came true!</small><br></div><div class="battle-history"><small>dj khaledo305 restored a little HP using its Leftovers!</small><br></div><div class="battle-history"><small>The opposing Alomomola was hurt by poison!</small><br></div><div class="spacer battle-history"><br></div><h2 class="battle-history">Turn 19</h2><div class="spacer battle-history"><br></div><div class="battle-history">The opposing Alomomola used <strong>Protect</strong>!<br></div><div class="battle-history"><small>The opposing Alomomola protected itself!</small><br></div><div class="spacer battle-history"><br></div><div class="battle-history">dj khaledo305 used <strong>Seismic Toss</strong>!<br></div><div class="battle-history"><small>The opposing Alomomola protected itself!</small><br></div><div class="spacer battle-history"><br></div><div class="battle-history"><small>dj khaledo305 restored a little HP using its Leftovers!</small><br></div><div class="battle-history"><small>The opposing Alomomola was hurt by poison!</small><br></div><div class="spacer battle-history"><br></div><h2 class="battle-history">Turn 20</h2><div class="spacer battle-history"><br></div><div class="battle-history"><small>Hell Rayquaza1 forfeited.</small><br></div><div class="spacer battle-history"><br></div><div class="battle-history"><strong>Natalie</strong> won the battle!<br></div><div class="chat"><small>Hell Rayquaza1 left.</small></div><div class="chat"><small>Ras♤Berry pie ◕‿◕ left.</small></div><div class="chat chatmessage-skarmorylover323"><strong style="color:hsl(336,63%,44.07401333876046%)"><small> </small><span class="username" data-name="Skarmorylover323">Skarmorylover323</span>:</strong> <em>lol</em></div><div class="chat"><small>RUBIZOR left.</small></div><div class="chat"><small>Skarmorylover323 left.</small></div><div class="chat"><small>Smolzilla left.</small></div></div><div class="inner-preempt"></div></div></div>
</div>
<script>
let daily = Math.floor(Date.now()/1000/60/60/24);document.write('<script src="https://play.pokemonshowdown.com/js/replay-embed.js?version'+daily+'"></'+'script>');
</script>
