<!DOCTYPE html>
<meta charset="utf-8" />
<!-- version 1 -->
<title>RU replay: SpazzyPlat vs. salt x_x</title>
<style>
html,body {font-family:Verdana, sans-serif;font-size:10pt;margin:0;padding:0;}body{padding:12px 0;} .battle-log {font-family:Verdana, sans-serif;font-size:10pt;} .battle-log-inline {border:1px solid #AAAAAA;background:#EEF2F5;color:black;max-width:640px;margin:0 auto 80px;padding-bottom:5px;} .battle-log .inner {padding:4px 8px 0px 8px;} .battle-log .inner-preempt {padding:0 8px 4px 8px;} .battle-log .inner-after {margin-top:0.5em;} .battle-log h2 {margin:0.5em -8px;padding:4px 8px;border:1px solid #AAAAAA;background:#E0E7EA;border-left:0;border-right:0;font-family:Verdana, sans-serif;font-size:13pt;} .battle-log .chat {vertical-align:middle;padding:3px 0 3px 0;font-size:8pt;} .battle-log .chat strong {color:#40576A;} .battle-log .chat em {padding:1px 4px 1px 3px;color:#000000;font-style:normal;} .chat.mine {background:rgba(0,0,0,0.05);margin-left:-8px;margin-right:-8px;padding-left:8px;padding-right:8px;} .spoiler {color:#BBBBBB;background:#BBBBBB;padding:0px 3px;} .spoiler:hover, .spoiler:active, .spoiler-shown {color:#000000;background:#E2E2E2;padding:0px 3px;} .spoiler a {color:#BBBBBB;} .spoiler:hover a, .spoiler:active a, .spoiler-shown a {color:#2288CC;} .chat code, .chat .spoiler:hover code, .chat .spoiler:active code, .chat .spoiler-shown code {border:1px solid #C0C0C0;background:#EEEEEE;color:black;padding:0 2px;} .chat .spoiler code {border:1px solid #CCCCCC;background:#CCCCCC;color:#CCCCCC;} .battle-log .rated {padding:3px 4px;} .battle-log .rated strong {color:white;background:#89A;padding:1px 4px;border-radius:4px;} .spacer {margin-top:0.5em;} .message-announce {background:#6688AA;color:white;padding:1px 4px 2px;} .message-announce a, .broadcast-green a, .broadcast-blue a, .broadcast-red a {color:#DDEEFF;} .broadcast-green {background-color:#559955;color:white;padding:2px 4px;} .broadcast-blue {background-color:#6688AA;color:white;padding:2px 4px;} .infobox {border:1px solid #6688AA;padding:2px 4px;} .infobox-limited {max-height:200px;overflow:auto;overflow-x:hidden;} .broadcast-red {background-color:#AA5544;color:white;padding:2px 4px;} .message-learn-canlearn {font-weight:bold;color:#228822;text-decoration:underline;} .message-learn-cannotlearn {font-weight:bold;color:#CC2222;text-decoration:underline;} .message-effect-weak {font-weight:bold;color:#CC2222;} .message-effect-resist {font-weight:bold;color:#6688AA;} .message-effect-immune {font-weight:bold;color:#666666;} .message-learn-list {margin-top:0;margin-bottom:0;} .message-throttle-notice, .message-error {color:#992222;} .message-overflow, .chat small.message-overflow {font-size:0pt;} .message-overflow::before {font-size:9pt;content:'...';} .subtle {color:#3A4A66;}
</style>
<div class="wrapper replay-wrapper" style="max-width:1180px;margin:0 auto">
<input type="hidden" name="replayid" value="ru-509594854" />
<div class="battle"></div><div class="battle-log"></div><div class="replay-controls"></div><div class="replay-controls-2"></div>
<h1 style="font-weight:normal;text-align:center"><strong>RU</strong><br /><a href="http://pokemonshowdown.com/users/spazzyplat" class="subtle" target="_blank">SpazzyPlat</a> vs. <a href="http://pokemonshowdown.com/users/saltxx" class="subtle" target="_blank">salt x_x</a></h1>
<script type="text/plain" class="battle-log-data">|j|SpazzyPlat
|j|salt x_x
|player|p1|SpazzyPlat|264
|player|p2|salt x_x|70
|gametype|singles
|gen|6
|tier|RU
|seed|31717,13856,29462,10595
|rule|Sleep Clause Mod: Limit one foe put to sleep
|rule|Species Clause: Limit one of each Pokémon
|rule|OHKO Clause: OHKO moves are banned
|rule|Moody Clause: Moody is banned
|rule|Evasion Moves Clause: Evasion moves are banned
|rule|Endless Battle Clause: Forcing endless battles is banned
|rule|HP Percentage Mod: HP is shown in percentages
|clearpoke
|poke|p1|Alomomola, F|item
|poke|p1|Registeel|item
|poke|p1|Flygon, M|item
|poke|p1|Braviary, M|item
|poke|p1|Granbull, F|item
|poke|p1|Drapion, M, shiny|item
|poke|p2|Flygon, F|item
|poke|p2|Diancie|item
|poke|p2|Blastoise, F|item
|poke|p2|Spiritomb, F|item
|poke|p2|Medicham, M|item
|poke|p2|Venusaur, M|item
|rule|Swagger Clause: Swagger is banned
|rule|Baton Pass Clause: Limit one Baton Passer, can't pass Spe and other stats simultaneously
|teampreview
|j|Stats Bot
|l|Stats Bot
|j|sergeant mew
|choice|team 2, team 1, team 3, team 4, team 5, team 6|team 5, team 2, team 3, team 4, team 1, team 6
|
|start
|switch|p1a: Registeel|Registeel|364\/364
|switch|p2a: Medicham|Medicham, M|261\/261
|turn|1
|c| sergeant mew|glhf
|choice|switch 5|move highjumpkick
|
|switch|p1a: Granbull|Granbull, F|383\/383
|-ability|p1a: Granbull|Intimidate|boost
|-unboost|p2a: Medicham|atk|1
|move|p2a: Medicham|High Jump Kick|p1a: Granbull
|-resisted|p1a: Granbull
|-damage|p1a: Granbull|240\/383
|-damage|p2a: Medicham|235\/261|[from] item: Life Orb
|
|upkeep
|turn|2
|choice|switch 4|switch 3
|
|switch|p2a: Blastoise|Blastoise, F|362\/362
|switch|p1a: Braviary|Braviary, M|341\/341
|
|upkeep
|turn|3
|j|Aguy710A2
|choice|move zenheadbutt|move scald
|
|move|p1a: Braviary|Zen Headbutt|p2a: Blastoise
|-damage|p2a: Blastoise|253\/362
|move|p2a: Blastoise|Scald|p1a: Braviary
|-damage|p1a: Braviary|233\/341
|
|-heal|p2a: Blastoise|275\/362|[from] item: Leftovers
|upkeep
|turn|4
|choice|switch 2|move toxic
|
|switch|p1a: Alomomola|Alomomola, F|534\/534
|move|p2a: Blastoise|Toxic|p1a: Alomomola
|-status|p1a: Alomomola|tox
|
|-heal|p2a: Blastoise|297\/362|[from] item: Leftovers
|-damage|p1a: Alomomola|501\/534 tox|[from] psn
|upkeep
|turn|5
|choice|switch 6|switch 6
|
|switch|p2a: Venusaur|Venusaur, M|301\/301
|switch|p1a: Drapion|Drapion, M, shiny|343\/343
|
|upkeep
|turn|6
|choice|move knockoff|move sleeppowder
|
|move|p2a: Venusaur|Sleep Powder|p1a: Drapion
|-status|p1a: Drapion|slp
|cant|p1a: Drapion|slp
|
|upkeep
|turn|7
|choice|move knockoff|switch 3
|
|switch|p2a: Medicham|Medicham, M|235\/261
|-curestatus|p1a: Drapion|slp|[msg]
|move|p1a: Drapion|Knock Off|p2a: Medicham
|-damage|p2a: Medicham|42\/261
|-enditem|p2a: Medicham|Life Orb|[from] move: Knock Off|[of] p1a: Drapion
|
|upkeep
|turn|8
|j|Mewyx
|choice|switch 2|move highjumpkick
|
|switch|p1a: Braviary|Braviary, M|233\/341
|move|p2a: Medicham|High Jump Kick|p1a: Braviary
|-damage|p1a: Braviary|0 fnt
|faint|p1a: Braviary
|
|upkeep
|l|Aguy710A2
|choice|switch 4|
|
|switch|p1a: Granbull|Granbull, F|240\/383
|-ability|p1a: Granbull|Intimidate|boost
|-unboost|p2a: Medicham|atk|1
|turn|9
|j|KKirby
|choice|move playrough|switch 3
|
|switch|p2a: Venusaur|Venusaur, M|301\/301
|move|p1a: Granbull|Play Rough|p2a: Venusaur
|-resisted|p2a: Venusaur
|-damage|p2a: Venusaur|166\/301
|
|upkeep
|turn|10
|c| sergeant mew|o
|choice|switch 2|move synthesis
|
|switch|p1a: Drapion|Drapion, M, shiny|343\/343
|move|p2a: Venusaur|Synthesis|p2a: Venusaur
|-heal|p2a: Venusaur|301\/301
|
|upkeep
|turn|11
|c| KKirby|plat dont worry you wont face Jeran enless you both make it to finals
|choice|move knockoff|move sleeppowder
|
|move|p2a: Venusaur|Sleep Powder|p1a: Drapion
|-status|p1a: Drapion|slp
|cant|p1a: Drapion|slp
|
|upkeep
|turn|12
|choice|move knockoff|switch 3
|
|switch|p2a: Medicham|Medicham, M|42\/261
|cant|p1a: Drapion|slp
|
|upkeep
|turn|13
|c| KKirby|and you know that DeltaStor272 guy in the first round? He's actually Micah lol
|c| KKirby|DeltaStorm272*
|c| sergeant mew|rlly
|c| KKirby|ye
|c| sergeant mew|he sux
|choice|switch 3|move highjumpkick
|
|switch|p1a: Flygon|Flygon, M|301\/301
|move|p2a: Medicham|High Jump Kick|p1a: Flygon
|-damage|p1a: Flygon|0 fnt
|faint|p1a: Flygon
|
|upkeep
|choice|switch 2|
|
|switch|p1a: Granbull|Granbull, F|240\/383
|-ability|p1a: Granbull|Intimidate|boost
|-unboost|p2a: Medicham|atk|1
|turn|14
|c| KKirby|MEDICHAM COMING THROUGH
|choice|move crunch|switch 6
|
|switch|p2a: Blastoise|Blastoise, F|297\/362
|move|p1a: Granbull|Crunch|p2a: Blastoise
|-damage|p2a: Blastoise|198\/362
|
|-heal|p2a: Blastoise|220\/362|[from] item: Leftovers
|upkeep
|turn|15
|c| KKirby|Plat you watched my ladder battles, you know Flygon doesnt eat a Medicham's HJK
|choice|switch 3|move scald
|
|switch|p1a: Drapion|Drapion, M, shiny|343\/343 slp
|move|p2a: Blastoise|Scald|p1a: Drapion
|-crit|p1a: Drapion
|-damage|p1a: Drapion|193\/343 slp
|
|-heal|p2a: Blastoise|242\/362|[from] item: Leftovers
|upkeep
|turn|16
|choice|move knockoff|move scald
|
|-curestatus|p1a: Drapion|slp|[msg]
|move|p1a: Drapion|Knock Off|p2a: Blastoise
|-damage|p2a: Blastoise|130\/362
|-enditem|p2a: Blastoise|Leftovers|[from] move: Knock Off|[of] p1a: Drapion
|move|p2a: Blastoise|Scald|p1a: Drapion
|-damage|p1a: Drapion|87\/343
|
|upkeep
|turn|17
|choice|move crosspoison|move scald
|
|move|p1a: Drapion|Cross Poison|p2a: Blastoise
|-crit|p2a: Blastoise
|-damage|p2a: Blastoise|0 fnt
|faint|p2a: Blastoise
|
|upkeep
|c|★SpazzyPlat|Done
|choice||switch 5
|
|switch|p2a: Flygon|Flygon, F|301\/301
|turn|18
|choice|switch 6|move uturn
|
|switch|p1a: Alomomola|Alomomola, F|534\/534 tox
|move|p2a: Flygon|U-turn|p1a: Alomomola
|-damage|p1a: Alomomola|472\/534 tox
|choice||switch 3
|
|switch|p2a: Venusaur|Venusaur, M|301\/301
|
|-heal|p1a: Alomomola|505\/534 tox|[from] item: Leftovers
|-damage|p1a: Alomomola|472\/534 tox|[from] psn
|upkeep
|turn|19
|c| KKirby|predictions
|c|★SpazzyPlat|Will I lose...?
|c| KKirby|yes
|c|★salt x_x|ofc
|c| sergeant mew|yes
|choice|move wish|move leafstorm
|
|move|p2a: Venusaur|Leaf Storm|p1a: Alomomola
|-supereffective|p1a: Alomomola
|-damage|p1a: Alomomola|0 fnt
|-unboost|p2a: Venusaur|spa|2
|-damage|p2a: Venusaur|271\/301|[from] item: Life Orb
|faint|p1a: Alomomola
|
|upkeep
|c| sergeant mew|unfotunate
|c|★salt x_x|why did you stay in?
|choice|switch 5|
|
|switch|p1a: Registeel|Registeel|364\/364
|turn|20
|c| KKirby|YOU LET FLYGON STAY IN ON A MEDICHAM
|c| KKirby|YOU LET ALAOLAOAAMAMAMAMMAMMAMA STAY IN ON A VENUSAUR
|c|★SpazzyPlat|I lost when Braviary went down.
|choice|move ironhead|move sleeppowder
|
|move|p2a: Venusaur|Sleep Powder|p1a: Registeel|[miss]
|-miss|p2a: Venusaur|p1a: Registeel
|move|p1a: Registeel|Iron Head|p2a: Venusaur
|-damage|p2a: Venusaur|147\/301
|
|upkeep
|turn|21
|choice|move thunderwave|move sleeppowder
|
|move|p2a: Venusaur|Sleep Powder|p1a: Registeel|[miss]
|-miss|p2a: Venusaur|p1a: Registeel
|move|p1a: Registeel|Thunder Wave|p2a: Venusaur
|-status|p2a: Venusaur|par
|
|upkeep
|turn|22
|c| KKirby|yeah Medi actually RAPED your team after that
|choice|move ironhead|move sleeppowder
|
|move|p1a: Registeel|Iron Head|p2a: Venusaur
|-damage|p2a: Venusaur|15\/301 par
|move|p2a: Venusaur|Sleep Powder|p1a: Registeel
|-status|p1a: Registeel|slp
|
|upkeep
|turn|23
|choice|move ironhead|switch 3
|
|switch|p2a: Flygon|Flygon, F|301\/301
|cant|p1a: Registeel|slp
|
|upkeep
|turn|24
|choice|switch 3|move earthquake
|
|switch|p1a: Granbull|Granbull, F|240\/383
|-ability|p1a: Granbull|Intimidate|boost
|-unboost|p2a: Flygon|atk|1
|move|p2a: Flygon|Earthquake|p1a: Granbull
|-damage|p1a: Granbull|90\/383
|
|upkeep
|turn|25
|c|★SpazzyPlat|He wins.
|choice|move playrough|move earthquake
|
|move|p2a: Flygon|Earthquake|p1a: Granbull
|-damage|p1a: Granbull|0 fnt
|faint|p1a: Granbull
|
|upkeep
|c| KKirby|PLAT
|c| KKirby|I HAVE AN IDEA
|c| KKirby|DONT DIE
|c|★salt x_x|^
|c| sergeant mew|gg
|c|★SpazzyPlat|Yet you lost first round. Can't even work with your own ideas.
|choice|switch 3|
|
|switch|p1a: Registeel|Registeel|364\/364 slp
|turn|26
|choice|move ironhead|switch 3
|
|switch|p2a: Venusaur|Venusaur, M|15\/301 par
|cant|p1a: Registeel|slp
|
|upkeep
|turn|27
|choice|move ironhead|move synthesis
|
|-curestatus|p1a: Registeel|slp|[msg]
|move|p1a: Registeel|Iron Head|p2a: Venusaur
|-damage|p2a: Venusaur|0 fnt
|faint|p2a: Venusaur
|
|upkeep
|c| sergeant mew|wat
|c| KKirby|looks like the squad will have to win a tourney we all are good at
|choice||switch 6
|
|switch|p2a: Medicham|Medicham, M|42\/261
|turn|28
|choice|move ironhead|move highjumpkick
|
|move|p2a: Medicham|High Jump Kick|p1a: Registeel
|-supereffective|p1a: Registeel
|-damage|p1a: Registeel|0 fnt
|faint|p1a: Registeel
|
|upkeep
|c|★SpazzyPlat|Like OU.
|choice|switch 6|
|
|switch|p1a: Drapion|Drapion, M, shiny|87\/343
|turn|29
|choice|move nightslash|move highjumpkick
|
|move|p2a: Medicham|High Jump Kick|p1a: Drapion|[miss]
|-miss|p2a: Medicham|p1a: Drapion
|-damage|p2a: Medicham|0 fnt|[from] highjumpkick
|faint|p2a: Medicham
|move|p1a: Drapion|Night Slash|p2: Medicham|[notarget]
|-notarget
|
|upkeep
|c| KKirby|Plat if the guy I face wins the tourney then I have a reason for losing lol
|j|II_Sentiment_II
|c| KKirby|GOTEM
|l|II_Sentiment_II
|choice||switch 3
|
|switch|p2a: Flygon|Flygon, F|301\/301
|turn|30
|c|★salt x_x|:(
|choice|move knockoff|move earthquake
|
|move|p2a: Flygon|Earthquake|p1a: Drapion
|-supereffective|p1a: Drapion
|-damage|p1a: Drapion|0 fnt
|faint|p1a: Drapion
|
|win|salt x_x
|player|p1
|player|p2
|c| sergeant mew|gg
|c| KKirby|Ou works for everyone besides me lol
|c|★salt x_x|gg
|c|★SpazzyPlat|gg</script>
</div>
<div class="battle-log battle-log-inline"><div class="inner"><div class="battle-options"></div><div class="inner"><div class="chat"><small>SpazzyPlat joined.</small></div><div class="chat"><small>salt x_x joined.</small></div><div class=""><small>Format:</small> <br><strong>RU</strong></div><div class=""><small><em>Sleep Clause Mod:</em> Limit one foe put to sleep</small></div><div class=""><small><em>Species Clause:</em> Limit one of each Pokémon</small></div><div class=""><small><em>OHKO Clause:</em> OHKO moves are banned</small></div><div class=""><small><em>Moody Clause:</em> Moody is banned</small></div><div class=""><small><em>Evasion Moves Clause:</em> Evasion moves are banned</small></div><div class=""><small><em>Endless Battle Clause:</em> Forcing endless battles is banned</small></div><div class=""><small><em>HP Percentage Mod:</em> HP is shown in percentages</small></div><div class=""><small><em>Swagger Clause:</em> Swagger is banned</small></div><div class=""><small><em>Baton Pass Clause:</em> Limit one Baton Passer, can't pass Spe and other stats simultaneously</small></div><div class="chat battle-history"><strong>SpazzyPlat's team:</strong> <em style="color:#445566;display:block;">Alomomola / Registeel / Flygon / Braviary / Granbull / Drapion</em></div><div class="chat battle-history"><strong>salt x_x's team:</strong> <em style="color:#445566;display:block;">Flygon / Diancie / Blastoise / Spiritomb / Medicham / Venusaur</em></div><div class="chat"><small>Stats Bot joined.</small></div><div class="chat"><small>Stats Bot left.</small></div><div class="chat"><small>sergeant mew joined.</small></div><div class="spacer battle-history"><br></div><div class="battle-history">Battle started between SpazzyPlat and salt x_x!<br></div><div class="spacer battle-history"><br></div><div class="battle-history">Go! <strong>Registeel</strong>!<br></div><div class="spacer battle-history"><br></div><div class="battle-history">salt x_x sent out <strong>Medicham</strong>!<br></div><div class="spacer battle-history"><br></div><h2 class="battle-history">Turn 1</h2><div class="chat chatmessage-sergeantmew"><strong style="color:hsl(98,50%,36%)"><small> </small><span class="username" data-name="sergeant mew">sergeant mew</span>:</strong> <em>glhf</em></div><div class="spacer battle-history"><br></div><div class="battle-history">Registeel, come back!<br></div><div class="battle-history">Go! <strong>Granbull</strong>!<br></div><div class="battle-history"><small>[Granbull's Intimidate]</small><br></div><div class="battle-history"><small>The opposing Medicham's Attack fell!</small><br></div><div class="spacer battle-history"><br></div><div class="battle-history">The opposing Medicham used <strong>High Jump Kick</strong>!<br></div><div class="battle-history"><small>It's not very effective...</small><br></div><div class="battle-history"><small>(Granbull lost <abbr title="−143/383">37.3%</abbr> of its health!)</small><br></div><div class="battle-history"><small>The opposing Medicham lost some of its HP!</small><br></div><div class="spacer battle-history"><br></div><h2 class="battle-history">Turn 2</h2><div class="spacer battle-history"><br></div><div class="battle-history">salt x_x withdrew Medicham!<br></div><div class="battle-history">salt x_x sent out <strong>Blastoise</strong>!<br></div><div class="spacer battle-history"><br></div><div class="battle-history">Granbull, come back!<br></div><div class="battle-history">Go! <strong>Braviary</strong>!<br></div><div class="spacer battle-history"><br></div><h2 class="battle-history">Turn 3</h2><div class="chat"><small>Aguy710A2 joined.</small></div><div class="spacer battle-history"><br></div><div class="battle-history">Braviary used <strong>Zen Headbutt</strong>!<br></div><div class="battle-history"><small>(The opposing Blastoise lost <abbr title="−109/362">30.1%</abbr> of its health!)</small><br></div><div class="spacer battle-history"><br></div><div class="battle-history">The opposing Blastoise used <strong>Scald</strong>!<br></div><div class="battle-history"><small>(Braviary lost <abbr title="−108/341">31.7%</abbr> of its health!)</small><br></div><div class="spacer battle-history"><br></div><div class="battle-history"><small>The opposing Blastoise restored a little HP using its Leftovers!</small><br></div><div class="spacer battle-history"><br></div><h2 class="battle-history">Turn 4</h2><div class="spacer battle-history"><br></div><div class="battle-history">Braviary, come back!<br></div><div class="battle-history">Go! <strong>Alomomola</strong>!<br></div><div class="spacer battle-history"><br></div><div class="battle-history">The opposing Blastoise used <strong>Toxic</strong>!<br></div><div class="battle-history"><small>Alomomola was badly poisoned!</small><br></div><div class="spacer battle-history"><br></div><div class="battle-history"><small>The opposing Blastoise restored a little HP using its Leftovers!</small><br></div><div class="battle-history"><small>Alomomola was hurt by poison!</small><br></div><div class="spacer battle-history"><br></div><h2 class="battle-history">Turn 5</h2><div class="spacer battle-history"><br></div><div class="battle-history">salt x_x withdrew Blastoise!<br></div><div class="battle-history">salt x_x sent out <strong>Venusaur</strong>!<br></div><div class="spacer battle-history"><br></div><div class="battle-history">Alomomola, come back!<br></div><div class="battle-history">Go! <strong>Drapion</strong>!<br></div><div class="spacer battle-history"><br></div><h2 class="battle-history">Turn 6</h2><div class="spacer battle-history"><br></div><div class="battle-history">The opposing Venusaur used <strong>Sleep Powder</strong>!<br></div><div class="battle-history"><small>Drapion fell asleep!</small><br></div><div class="spacer battle-history"><br></div><div class="battle-history">Drapion is fast asleep.<br></div><div class="spacer battle-history"><br></div><h2 class="battle-history">Turn 7</h2><div class="spacer battle-history"><br></div><div class="battle-history">salt x_x withdrew Venusaur!<br></div><div class="battle-history">salt x_x sent out <strong>Medicham</strong>!<br></div><div class="battle-history"><small>Drapion woke up!</small><br></div><div class="spacer battle-history"><br></div><div class="battle-history">Drapion used <strong>Knock Off</strong>!<br></div><div class="battle-history"><small>(The opposing Medicham lost <abbr title="−193/261">73.9%</abbr> of its health!)</small><br></div><div class="battle-history"><small>Drapion knocked off the opposing Medicham's Life Orb!</small><br></div><div class="spacer battle-history"><br></div><h2 class="battle-history">Turn 8</h2><div class="chat"><small>Mewyx joined.</small></div><div class="spacer battle-history"><br></div><div class="battle-history">Drapion, come back!<br></div><div class="battle-history">Go! <strong>Braviary</strong>!<br></div><div class="spacer battle-history"><br></div><div class="battle-history">The opposing Medicham used <strong>High Jump Kick</strong>!<br></div><div class="battle-history"><small>(Braviary lost <abbr title="−233/341">68.3%</abbr> of its health!)</small><br></div><div class="spacer battle-history"><br></div><div class="battle-history">Braviary fainted!<br></div><div class="chat"><small>Aguy710A2 left.</small></div><div class="spacer battle-history"><br></div><div class="battle-history">Go! <strong>Granbull</strong>!<br></div><div class="battle-history"><small>[Granbull's Intimidate]</small><br></div><div class="battle-history"><small>The opposing Medicham's Attack fell!</small><br></div><div class="spacer battle-history"><br></div><h2 class="battle-history">Turn 9</h2><div class="chat"><small>KKirby joined.</small></div><div class="spacer battle-history"><br></div><div class="battle-history">salt x_x withdrew Medicham!<br></div><div class="battle-history">salt x_x sent out <strong>Venusaur</strong>!<br></div><div class="spacer battle-history"><br></div><div class="battle-history">Granbull used <strong>Play Rough</strong>!<br></div><div class="battle-history"><small>It's not very effective...</small><br></div><div class="battle-history"><small>(The opposing Venusaur lost <abbr title="−135/301">44.9%</abbr> of its health!)</small><br></div><div class="spacer battle-history"><br></div><h2 class="battle-history">Turn 10</h2><div class="chat chatmessage-sergeantmew"><strong style="color:hsl(98,50%,36%)"><small> </small><span class="username" data-name="sergeant mew">sergeant mew</span>:</strong> <em>o</em></div><div class="spacer battle-history"><br></div><div class="battle-history">Granbull, come back!<br></div><div class="battle-history">Go! <strong>Drapion</strong>!<br></div><div class="spacer battle-history"><br></div><div class="battle-history">The opposing Venusaur used <strong>Synthesis</strong>!<br></div><div class="battle-history"><small>The opposing Venusaur restored its HP.</small><br></div><div class="spacer battle-history"><br></div><h2 class="battle-history">Turn 11</h2><div class="chat chatmessage-kkirby"><strong style="color:hsl(124,41%,41%)"><small> </small><span class="username" data-name="KKirby">KKirby</span>:</strong> <em>plat dont worry you wont face Jeran enless you both make it to finals</em></div><div class="spacer battle-history"><br></div><div class="battle-history">The opposing Venusaur used <strong>Sleep Powder</strong>!<br></div><div class="battle-history"><small>Drapion fell asleep!</small><br></div><div class="spacer battle-history"><br></div><div class="battle-history">Drapion is fast asleep.<br></div><div class="spacer battle-history"><br></div><h2 class="battle-history">Turn 12</h2><div class="spacer battle-history"><br></div><div class="battle-history">salt x_x withdrew Venusaur!<br></div><div class="battle-history">salt x_x sent out <strong>Medicham</strong>!<br></div><div class="spacer battle-history"><br></div><div class="battle-history">Drapion is fast asleep.<br></div><div class="spacer battle-history"><br></div><h2 class="battle-history">Turn 13</h2><div class="chat chatmessage-kkirby"><strong style="color:hsl(124,41%,41%)"><small> </small><span class="username" data-name="KKirby">KKirby</span>:</strong> <em>and you know that DeltaStor272 guy in the first round? He's actually Micah lol</em></div><div class="chat chatmessage-kkirby"><strong style="color:hsl(124,41%,41%)"><small> </small><span class="username" data-name="KKirby">KKirby</span>:</strong> <em>DeltaStorm272*</em></div><div class="chat chatmessage-sergeantmew"><strong style="color:hsl(98,50%,36%)"><small> </small><span class="username" data-name="sergeant mew">sergeant mew</span>:</strong> <em>rlly</em></div><div class="chat chatmessage-kkirby"><strong style="color:hsl(124,41%,41%)"><small> </small><span class="username" data-name="KKirby">KKirby</span>:</strong> <em>ye</em></div><div class="chat chatmessage-sergeantmew"><strong style="color:hsl(98,50%,36%)"><small> </small><span class="username" data-name="sergeant mew">sergeant mew</span>:</strong> <em>he sux</em></div><div class="spacer battle-history"><br></div><div class="battle-history">Drapion, come back!<br></div><div class="battle-history">Go! <strong>Flygon</strong>!<br></div><div class="spacer battle-history"><br></div><div class="battle-history">The opposing Medicham used <strong>High Jump Kick</strong>!<br></div><div class="battle-history"><small>(Flygon lost <abbr title="−301/301">100%</abbr> of its health!)</small><br></div><div class="spacer battle-history"><br></div><div class="battle-history">Flygon fainted!<br></div><div class="spacer battle-history"><br></div><div class="battle-history">Go! <strong>Granbull</strong>!<br></div><div class="battle-history"><small>[Granbull's Intimidate]</small><br></div><div class="battle-history"><small>The opposing Medicham's Attack fell!</small><br></div><div class="spacer battle-history"><br></div><h2 class="battle-history">Turn 14</h2><div class="chat chatmessage-kkirby"><strong style="color:hsl(124,41%,41%)"><small> </small><span class="username" data-name="KKirby">KKirby</span>:</strong> <em>MEDICHAM COMING THROUGH</em></div><div class="spacer battle-history"><br></div><div class="battle-history">salt x_x withdrew Medicham!<br></div><div class="battle-history">salt x_x sent out <strong>Blastoise</strong>!<br></div><div class="spacer battle-history"><br></div><div class="battle-history">Granbull used <strong>Crunch</strong>!<br></div><div class="battle-history"><small>(The opposing Blastoise lost <abbr title="−99/362">27.3%</abbr> of its health!)</small><br></div><div class="spacer battle-history"><br></div><div class="battle-history"><small>The opposing Blastoise restored a little HP using its Leftovers!</small><br></div><div class="spacer battle-history"><br></div><h2 class="battle-history">Turn 15</h2><div class="chat chatmessage-kkirby"><strong style="color:hsl(124,41%,41%)"><small> </small><span class="username" data-name="KKirby">KKirby</span>:</strong> <em>Plat you watched my ladder battles, you know Flygon doesnt eat a Medicham's HJK</em></div><div class="spacer battle-history"><br></div><div class="battle-history">Granbull, come back!<br></div><div class="battle-history">Go! <strong>Drapion</strong>!<br></div><div class="spacer battle-history"><br></div><div class="battle-history">The opposing Blastoise used <strong>Scald</strong>!<br></div><div class="battle-history"><small>A critical hit!</small><br></div><div class="battle-history"><small>(Drapion lost <abbr title="−150/343">43.7%</abbr> of its health!)</small><br></div><div class="spacer battle-history"><br></div><div class="battle-history"><small>The opposing Blastoise restored a little HP using its Leftovers!</small><br></div><div class="spacer battle-history"><br></div><h2 class="battle-history">Turn 16</h2><div class="spacer battle-history"><br></div><div class="battle-history"><small>Drapion woke up!</small><br></div><div class="spacer battle-history"><br></div><div class="battle-history">Drapion used <strong>Knock Off</strong>!<br></div><div class="battle-history"><small>(The opposing Blastoise lost <abbr title="−112/362">30.9%</abbr> of its health!)</small><br></div><div class="battle-history"><small>Drapion knocked off the opposing Blastoise's Leftovers!</small><br></div><div class="spacer battle-history"><br></div><div class="battle-history">The opposing Blastoise used <strong>Scald</strong>!<br></div><div class="battle-history"><small>(Drapion lost <abbr title="−106/343">30.9%</abbr> of its health!)</small><br></div><div class="spacer battle-history"><br></div><h2 class="battle-history">Turn 17</h2><div class="spacer battle-history"><br></div><div class="battle-history">Drapion used <strong>Cross Poison</strong>!<br></div><div class="battle-history"><small>A critical hit!</small><br></div><div class="battle-history"><small>(The opposing Blastoise lost <abbr title="−130/362">35.9%</abbr> of its health!)</small><br></div><div class="spacer battle-history"><br></div><div class="battle-history">The opposing Blastoise fainted!<br></div><div class="chat chatmessage-spazzyplat"><strong style="color:hsl(241,61%,67.8020978824978%)"><small>★</small><span class="username" data-name="SpazzyPlat">SpazzyPlat</span>:</strong> <em>Done</em></div><div class="spacer battle-history"><br></div><div class="battle-history">salt x_x sent out <strong>Flygon</strong>!<br></div><div class="spacer battle-history"><br></div><h2 class="battle-history">Turn 18</h2><div class="spacer battle-history"><br></div><div class="battle-history">Drapion, come back!<br></div><div class="battle-history">Go! <strong>Alomomola</strong>!<br></div><div class="spacer battle-history"><br></div><div class="battle-history">The opposing Flygon used <strong>U-turn</strong>!<br></div><div class="battle-history"><small>(Alomomola lost <abbr title="−62/534">11.6%</abbr> of its health!)</small><br></div><div class="spacer battle-history"><br></div><div class="battle-history">The opposing Flygon went back to salt x_x!<br></div><div class="battle-history">salt x_x sent out <strong>Venusaur</strong>!<br></div><div class="spacer battle-history"><br></div><div class="battle-history"><small>Alomomola restored a little HP using its Leftovers!</small><br></div><div class="battle-history"><small>Alomomola was hurt by poison!</small><br></div><div class="spacer battle-history"><br></div><h2 class="battle-history">Turn 19</h2><div class="chat chatmessage-kkirby"><strong style="color:hsl(124,41%,41%)"><small> </small><span class="username" data-name="KKirby">KKirby</span>:</strong> <em>predictions</em></div><div class="chat chatmessage-spazzyplat"><strong style="color:hsl(241,61%,67.8020978824978%)"><small>★</small><span class="username" data-name="SpazzyPlat">SpazzyPlat</span>:</strong> <em>Will I lose...?</em></div><div class="chat chatmessage-kkirby"><strong style="color:hsl(124,41%,41%)"><small> </small><span class="username" data-name="KKirby">KKirby</span>:</strong> <em>yes</em></div><div class="chat chatmessage-saltxx"><strong style="color:hsl(199,58%,46%)"><small>★</small><span class="username" data-name="salt x_x">salt x_x</span>:</strong> <em>ofc</em></div><div class="chat chatmessage-sergeantmew"><strong style="color:hsl(98,50%,36%)"><small> </small><span class="username" data-name="sergeant mew">sergeant mew</span>:</strong> <em>yes</em></div><div class="spacer battle-history"><br></div><div class="battle-history">The opposing Venusaur used <strong>Leaf Storm</strong>!<br></div><div class="battle-history"><small>It's super effective!</small><br></div><div class="battle-history"><small>(Alomomola lost <abbr title="−472/534">88.4%</abbr> of its health!)</small><br></div><div class="battle-history"><small>The opposing Venusaur's Special Attack fell harshly!</small><br></div><div class="battle-history"><small>The opposing Venusaur lost some of its HP!</small><br></div><div class="spacer battle-history"><br></div><div class="battle-history">Alomomola fainted!<br></div><div class="chat chatmessage-sergeantmew"><strong style="color:hsl(98,50%,36%)"><small> </small><span class="username" data-name="sergeant mew">sergeant mew</span>:</strong> <em>unfotunate</em></div><div class="chat chatmessage-saltxx"><strong style="color:hsl(199,58%,46%)"><small>★</small><span class="username" data-name="salt x_x">salt x_x</span>:</strong> <em>why did you stay in?</em></div><div class="spacer battle-history"><br></div><div class="battle-history">Go! <strong>Registeel</strong>!<br></div><div class="spacer battle-history"><br></div><h2 class="battle-history">Turn 20</h2><div class="chat chatmessage-kkirby"><strong style="color:hsl(124,41%,41%)"><small> </small><span class="username" data-name="KKirby">KKirby</span>:</strong> <em>YOU LET FLYGON STAY IN ON A MEDICHAM</em></div><div class="chat chatmessage-kkirby"><strong style="color:hsl(124,41%,41%)"><small> </small><span class="username" data-name="KKirby">KKirby</span>:</strong> <em>YOU LET ALAOLAOAAMAMAMAMMAMMAMA STAY IN ON A VENUSAUR</em></div><div class="chat chatmessage-spazzyplat"><strong style="color:hsl(241,61%,67.8020978824978%)"><small>★</small><span class="username" data-name="SpazzyPlat">SpazzyPlat</span>:</strong> <em>I lost when Braviary went down.</em></div><div class="spacer battle-history"><br></div><div class="battle-history">The opposing Venusaur used <strong>Sleep Powder</strong>!<br></div><div class="battle-history"><small>Registeel avoided the attack!</small><br></div><div class="spacer battle-history"><br></div><div class="battle-history">Registeel used <strong>Iron Head</strong>!<br></div><div class="battle-history"><small>(The opposing Venusaur lost <abbr title="−124/301">41.2%</abbr> of its health!)</small><br></div><div class="spacer battle-history"><br></div><h2 class="battle-history">Turn 21</h2><div class="spacer battle-history"><br></div><div class="battle-history">The opposing Venusaur used <strong>Sleep Powder</strong>!<br></div><div class="battle-history"><small>Registeel avoided the attack!</small><br></div><div class="spacer battle-history"><br></div><div class="battle-history">Registeel used <strong>Thunder Wave</strong>!<br></div><div class="battle-history"><small>The opposing Venusaur is paralyzed! It may be unable to move!</small><br></div><div class="spacer battle-history"><br></div><h2 class="battle-history">Turn 22</h2><div class="chat chatmessage-kkirby"><strong style="color:hsl(124,41%,41%)"><small> </small><span class="username" data-name="KKirby">KKirby</span>:</strong> <em>yeah Medi actually RAPED your team after that</em></div><div class="spacer battle-history"><br></div><div class="battle-history">Registeel used <strong>Iron Head</strong>!<br></div><div class="battle-history"><small>(The opposing Venusaur lost <abbr title="−132/301">43.9%</abbr> of its health!)</small><br></div><div class="spacer battle-history"><br></div><div class="battle-history">The opposing Venusaur used <strong>Sleep Powder</strong>!<br></div><div class="battle-history"><small>Registeel fell asleep!</small><br></div><div class="spacer battle-history"><br></div><h2 class="battle-history">Turn 23</h2><div class="spacer battle-history"><br></div><div class="battle-history">salt x_x withdrew Venusaur!<br></div><div class="battle-history">salt x_x sent out <strong>Flygon</strong>!<br></div><div class="spacer battle-history"><br></div><div class="battle-history">Registeel is fast asleep.<br></div><div class="spacer battle-history"><br></div><h2 class="battle-history">Turn 24</h2><div class="spacer battle-history"><br></div><div class="battle-history">Registeel, come back!<br></div><div class="battle-history">Go! <strong>Granbull</strong>!<br></div><div class="battle-history"><small>[Granbull's Intimidate]</small><br></div><div class="battle-history"><small>The opposing Flygon's Attack fell!</small><br></div><div class="spacer battle-history"><br></div><div class="battle-history">The opposing Flygon used <strong>Earthquake</strong>!<br></div><div class="battle-history"><small>(Granbull lost <abbr title="−150/383">39.2%</abbr> of its health!)</small><br></div><div class="spacer battle-history"><br></div><h2 class="battle-history">Turn 25</h2><div class="chat chatmessage-spazzyplat"><strong style="color:hsl(241,61%,67.8020978824978%)"><small>★</small><span class="username" data-name="SpazzyPlat">SpazzyPlat</span>:</strong> <em>He wins.</em></div><div class="spacer battle-history"><br></div><div class="battle-history">The opposing Flygon used <strong>Earthquake</strong>!<br></div><div class="battle-history"><small>(Granbull lost <abbr title="−90/383">23.5%</abbr> of its health!)</small><br></div><div class="spacer battle-history"><br></div><div class="battle-history">Granbull fainted!<br></div><div class="chat chatmessage-kkirby"><strong style="color:hsl(124,41%,41%)"><small> </small><span class="username" data-name="KKirby">KKirby</span>:</strong> <em>PLAT</em></div><div class="chat chatmessage-kkirby"><strong style="color:hsl(124,41%,41%)"><small> </small><span class="username" data-name="KKirby">KKirby</span>:</strong> <em>I HAVE AN IDEA</em></div><div class="chat chatmessage-kkirby"><strong style="color:hsl(124,41%,41%)"><small> </small><span class="username" data-name="KKirby">KKirby</span>:</strong> <em>DONT DIE</em></div><div class="chat chatmessage-saltxx"><strong style="color:hsl(199,58%,46%)"><small>★</small><span class="username" data-name="salt x_x">salt x_x</span>:</strong> <em>^</em></div><div class="chat chatmessage-sergeantmew"><strong style="color:hsl(98,50%,36%)"><small> </small><span class="username" data-name="sergeant mew">sergeant mew</span>:</strong> <em>gg</em></div><div class="chat chatmessage-spazzyplat"><strong style="color:hsl(241,61%,67.8020978824978%)"><small>★</small><span class="username" data-name="SpazzyPlat">SpazzyPlat</span>:</strong> <em>Yet you lost first round. Can't even work with your own ideas.</em></div><div class="spacer battle-history"><br></div><div class="battle-history">Go! <strong>Registeel</strong>!<br></div><div class="spacer battle-history"><br></div><h2 class="battle-history">Turn 26</h2><div class="spacer battle-history"><br></div><div class="battle-history">salt x_x withdrew Flygon!<br></div><div class="battle-history">salt x_x sent out <strong>Venusaur</strong>!<br></div><div class="spacer battle-history"><br></div><div class="battle-history">Registeel is fast asleep.<br></div><div class="spacer battle-history"><br></div><h2 class="battle-history">Turn 27</h2><div class="spacer battle-history"><br></div><div class="battle-history"><small>Registeel woke up!</small><br></div><div class="spacer battle-history"><br></div><div class="battle-history">Registeel used <strong>Iron Head</strong>!<br></div><div class="battle-history"><small>(The opposing Venusaur lost <abbr title="−15/301">5.0%</abbr> of its health!)</small><br></div><div class="spacer battle-history"><br></div><div class="battle-history">The opposing Venusaur fainted!<br></div><div class="chat chatmessage-sergeantmew"><strong style="color:hsl(98,50%,36%)"><small> </small><span class="username" data-name="sergeant mew">sergeant mew</span>:</strong> <em>wat</em></div><div class="chat chatmessage-kkirby"><strong style="color:hsl(124,41%,41%)"><small> </small><span class="username" data-name="KKirby">KKirby</span>:</strong> <em>looks like the squad will have to win a tourney we all are good at</em></div><div class="spacer battle-history"><br></div><div class="battle-history">salt x_x sent out <strong>Medicham</strong>!<br></div><div class="spacer battle-history"><br></div><h2 class="battle-history">Turn 28</h2><div class="spacer battle-history"><br></div><div class="battle-history">The opposing Medicham used <strong>High Jump Kick</strong>!<br></div><div class="battle-history"><small>It's super effective!</small><br></div><div class="battle-history"><small>(Registeel lost <abbr title="−364/364">100%</abbr> of its health!)</small><br></div><div class="spacer battle-history"><br></div><div class="battle-history">Registeel fainted!<br></div><div class="chat chatmessage-spazzyplat"><strong style="color:hsl(241,61%,67.8020978824978%)"><small>★</small><span class="username" data-name="SpazzyPlat">SpazzyPlat</span>:</strong> <em>Like OU.</em></div><div class="spacer battle-history"><br></div><div class="battle-history">Go! <strong>Drapion</strong>!<br></div><div class="spacer battle-history"><br></div><h2 class="battle-history">Turn 29</h2><div class="spacer battle-history"><br></div><div class="battle-history">The opposing Medicham used <strong>High Jump Kick</strong>!<br></div><div class="battle-history"><small>Drapion avoided the attack!</small><br></div><div class="battle-history"><small>The opposing Medicham kept going and crashed!</small><br></div><div class="spacer battle-history"><br></div><div class="battle-history">The opposing Medicham fainted!<br></div><div class="battle-history">Drapion used <strong>Night Slash</strong>!<br></div><div class="battle-history"><small>But there was no target...</small><br></div><div class="chat chatmessage-kkirby"><strong style="color:hsl(124,41%,41%)"><small> </small><span class="username" data-name="KKirby">KKirby</span>:</strong> <em>Plat if the guy I face wins the tourney then I have a reason for losing lol</em></div><div class="chat"><small>II_Sentiment_II joined.</small></div><div class="chat chatmessage-kkirby"><strong style="color:hsl(124,41%,41%)"><small> </small><span class="username" data-name="KKirby">KKirby</span>:</strong> <em>GOTEM</em></div><div class="chat"><small>II_Sentiment_II left.</small></div><div class="spacer battle-history"><br></div><div class="battle-history">salt x_x sent out <strong>Flygon</strong>!<br></div><div class="spacer battle-history"><br></div><h2 class="battle-history">Turn 30</h2><div class="chat chatmessage-saltxx"><strong style="color:hsl(199,58%,46%)"><small>★</small><span class="username" data-name="salt x_x">salt x_x</span>:</strong> <em>:(</em></div><div class="spacer battle-history"><br></div><div class="battle-history">The opposing Flygon used <strong>Earthquake</strong>!<br></div><div class="battle-history"><small>It's super effective!</small><br></div><div class="battle-history"><small>(Drapion lost <abbr title="−87/343">25.4%</abbr> of its health!)</small><br></div><div class="spacer battle-history"><br></div><div class="battle-history">Drapion fainted!<br></div><div class="spacer battle-history"><br></div><div class="battle-history"><strong>salt x_x</strong> won the battle!<br></div><div class="chat chatmessage-sergeantmew"><strong style="color:hsl(98,50%,36%)"><small> </small><span class="username" data-name="sergeant mew">sergeant mew</span>:</strong> <em>gg</em></div><div class="chat chatmessage-kkirby"><strong style="color:hsl(124,41%,41%)"><small> </small><span class="username" data-name="KKirby">KKirby</span>:</strong> <em>Ou works for everyone besides me lol</em></div><div class="chat chatmessage-saltxx"><strong style="color:hsl(199,58%,46%)"><small>★</small><span class="username" data-name="salt x_x">salt x_x</span>:</strong> <em>gg</em></div><div class="chat chatmessage-spazzyplat"><strong style="color:hsl(241,61%,67.8020978824978%)"><small>★</small><span class="username" data-name="SpazzyPlat">SpazzyPlat</span>:</strong> <em>gg</em></div></div><div class="inner-preempt"></div></div></div>
</div>
<script>
let daily = Math.floor(Date.now()/1000/60/60/24);document.write('<script src="https://play.pokemonshowdown.com/js/replay-embed.js?version'+daily+'"></'+'script>');
</script>
