<!DOCTYPE html>
<meta charset="utf-8" />
<!-- version 1 -->
<title>RU replay: RatRiddled vs. Pruskipower</title>
<style>
html,body {font-family:Verdana, sans-serif;font-size:10pt;margin:0;padding:0;}body{padding:12px 0;} .battle-log {font-family:Verdana, sans-serif;font-size:10pt;} .battle-log-inline {border:1px solid #AAAAAA;background:#EEF2F5;color:black;max-width:640px;margin:0 auto 80px;padding-bottom:5px;} .battle-log .inner {padding:4px 8px 0px 8px;} .battle-log .inner-preempt {padding:0 8px 4px 8px;} .battle-log .inner-after {margin-top:0.5em;} .battle-log h2 {margin:0.5em -8px;padding:4px 8px;border:1px solid #AAAAAA;background:#E0E7EA;border-left:0;border-right:0;font-family:Verdana, sans-serif;font-size:13pt;} .battle-log .chat {vertical-align:middle;padding:3px 0 3px 0;font-size:8pt;} .battle-log .chat strong {color:#40576A;} .battle-log .chat em {padding:1px 4px 1px 3px;color:#000000;font-style:normal;} .chat.mine {background:rgba(0,0,0,0.05);margin-left:-8px;margin-right:-8px;padding-left:8px;padding-right:8px;} .spoiler {color:#BBBBBB;background:#BBBBBB;padding:0px 3px;} .spoiler:hover, .spoiler:active, .spoiler-shown {color:#000000;background:#E2E2E2;padding:0px 3px;} .spoiler a {color:#BBBBBB;} .spoiler:hover a, .spoiler:active a, .spoiler-shown a {color:#2288CC;} .chat code, .chat .spoiler:hover code, .chat .spoiler:active code, .chat .spoiler-shown code {border:1px solid #C0C0C0;background:#EEEEEE;color:black;padding:0 2px;} .chat .spoiler code {border:1px solid #CCCCCC;background:#CCCCCC;color:#CCCCCC;} .battle-log .rated {padding:3px 4px;} .battle-log .rated strong {color:white;background:#89A;padding:1px 4px;border-radius:4px;} .spacer {margin-top:0.5em;} .message-announce {background:#6688AA;color:white;padding:1px 4px 2px;} .message-announce a, .broadcast-green a, .broadcast-blue a, .broadcast-red a {color:#DDEEFF;} .broadcast-green {background-color:#559955;color:white;padding:2px 4px;} .broadcast-blue {background-color:#6688AA;color:white;padding:2px 4px;} .infobox {border:1px solid #6688AA;padding:2px 4px;} .infobox-limited {max-height:200px;overflow:auto;overflow-x:hidden;} .broadcast-red {background-color:#AA5544;color:white;padding:2px 4px;} .message-learn-canlearn {font-weight:bold;color:#228822;text-decoration:underline;} .message-learn-cannotlearn {font-weight:bold;color:#CC2222;text-decoration:underline;} .message-effect-weak {font-weight:bold;color:#CC2222;} .message-effect-resist {font-weight:bold;color:#6688AA;} .message-effect-immune {font-weight:bold;color:#666666;} .message-learn-list {margin-top:0;margin-bottom:0;} .message-throttle-notice, .message-error {color:#992222;} .message-overflow, .chat small.message-overflow {font-size:0pt;} .message-overflow::before {font-size:9pt;content:'...';} .subtle {color:#3A4A66;}
</style>
<div class="wrapper replay-wrapper" style="max-width:1180px;margin:0 auto">
<input type="hidden" name="replayid" value="ru-511446038" />
<div class="battle"></div><div class="battle-log"></div><div class="replay-controls"></div><div class="replay-controls-2"></div>
<h1 style="font-weight:normal;text-align:center"><strong>RU</strong><br /><a href="http://pokemonshowdown.com/users/ratriddled" class="subtle" target="_blank">RatRiddled</a> vs. <a href="http://pokemonshowdown.com/users/pruskipower" class="subtle" target="_blank">Pruskipower</a></h1>
<script type="text/plain" class="battle-log-data">|j|RatRiddled
|j|Pruskipower
|player|p1|RatRiddled|196
|player|p2|Pruskipower|1
|gametype|singles
|gen|6
|tier|RU
|rated
|seed|1980,23394,62981,13601
|rule|Sleep Clause Mod: Limit one foe put to sleep
|rule|Species Clause: Limit one of each Pokémon
|rule|OHKO Clause: OHKO moves are banned
|rule|Moody Clause: Moody is banned
|rule|Evasion Moves Clause: Evasion moves are banned
|rule|Endless Battle Clause: Forcing endless battles is banned
|rule|HP Percentage Mod: HP is shown in percentages
|clearpoke
|poke|p1|Vigoroth, M, shiny|item
|poke|p1|Camerupt, M|item
|poke|p1|Venusaur, M|item
|poke|p1|Slowking, M|item
|poke|p1|Absol, M|item
|poke|p1|Diancie|item
|poke|p2|Slaking, M|item
|poke|p2|Leafeon, F|item
|poke|p2|Diancie|item
|poke|p2|Glalie, F|item
|poke|p2|Jolteon, M|item
|poke|p2|Blastoise, F|item
|rule|Swagger Clause: Swagger is banned
|rule|Baton Pass Clause: Limit one Baton Passer, can't pass Spe and other stats simultaneously
|teampreview
|choice|team 3, team 2, team 1, team 4, team 5, team 6|team 1, team 2, team 3, team 4, team 5, team 6
|
|start
|switch|p1a: Leary|Venusaur, M|301\/301
|switch|p2a: Slaking|Slaking, M|442\/442
|turn|1
|choice|move leechseed|move firepunch
|
|move|p2a: Slaking|Fire Punch|p1a: Leary
|-supereffective|p1a: Leary
|-damage|p1a: Leary|85\/301
|move|p1a: Leary|Leech Seed|p2a: Slaking
|-start|p2a: Slaking|move: Leech Seed
|
|-heal|p1a: Leary|103\/301|[from] item: Black Sludge
|-damage|p2a: Slaking|387\/442|[from] Leech Seed|[of] p1a: Leary
|-heal|p1a: Leary|158\/301|[silent]
|upkeep
|turn|2
|choice|move sludgebomb|move firepunch
|
|cant|p2a: Slaking|ability: Truant
|move|p1a: Leary|Sludge Bomb|p2a: Slaking
|-damage|p2a: Slaking|191\/442
|-enditem|p2a: Slaking|Eject Button
|choice||switch 4
|
|switch|p2a: Glalie|Glalie, F|301\/301
|
|-heal|p1a: Leary|176\/301|[from] item: Black Sludge
|upkeep
|turn|3
|choice|switch 4|move bodyslam mega
|
|switch|p1a: Derpy-sama|Slowking, M|331\/331
|detailschange|p2a: Glalie|Glalie-Mega, F
|-mega|p2a: Glalie|Glalie|Glalitite
|move|p2a: Glalie|Body Slam|p1a: Derpy-sama
|-resisted|p1a: Derpy-sama
|-damage|p1a: Derpy-sama|237\/331
|-status|p1a: Derpy-sama|par
|
|upkeep
|turn|4
|choice|move scald|move crunch
|
|move|p2a: Glalie|Crunch|p1a: Derpy-sama
|-supereffective|p1a: Derpy-sama
|-crit|p1a: Derpy-sama
|-damage|p1a: Derpy-sama|0 fnt
|faint|p1a: Derpy-sama
|
|upkeep
|c|★RatRiddled|my luck tho
|choice|switch 5|
|
|switch|p1a: Sasuke|Absol, M|303\/303
|turn|5
|choice|move suckerpunch|move bodyslam
|
|move|p1a: Sasuke|Sucker Punch|p2a: Glalie
|-damage|p2a: Glalie|55\/301
|-damage|p1a: Sasuke|273\/303|[from] item: Life Orb
|move|p2a: Glalie|Body Slam|p1a: Sasuke
|-damage|p1a: Sasuke|0 fnt
|faint|p1a: Sasuke
|
|upkeep
|choice|switch 3|
|
|switch|p1a: Starbucks|Vigoroth, M, shiny|326\/326
|turn|6
|choice|move suckerpunch|move explosion
|
|move|p1a: Starbucks|Sucker Punch|p2a: Glalie
|-damage|p2a: Glalie|0 fnt
|faint|p2a: Glalie
|
|upkeep
|choice||switch 3
|
|switch|p2a: Diancie|Diancie|304\/304
|turn|7
|choice|switch 4|move moonblast
|
|switch|p1a: Leary|Venusaur, M|176\/301
|move|p2a: Diancie|Moonblast|p1a: Leary
|-resisted|p1a: Leary
|-damage|p1a: Leary|128\/301
|
|-heal|p1a: Leary|146\/301|[from] item: Black Sludge
|upkeep
|turn|8
|choice|move synthesis|switch 4
|
|switch|p2a: Slaking|Slaking, M|191\/442
|move|p1a: Leary|Synthesis|p1a: Leary
|-heal|p1a: Leary|296\/301
|
|-heal|p1a: Leary|301\/301|[from] item: Black Sludge
|upkeep
|turn|9
|choice|move sludgebomb|move gigaimpact
|
|move|p2a: Slaking|Giga Impact|p1a: Leary
|-damage|p1a: Leary|0 fnt
|faint|p1a: Leary
|
|upkeep
|choice|switch 6|
|
|switch|p1a: Mercury|Diancie|241\/241
|turn|10
|-mustrecharge|p2a: Slaking
|-mustrecharge|p2a: Slaking
|choice|move diamondstorm|move recharge
|
|cant|p2a: Slaking|recharge
|move|p1a: Mercury|Diamond Storm|p2a: Slaking
|-damage|p2a: Slaking|56\/442
|
|upkeep
|turn|11
|choice|move dazzlinggleam|move hammerarm
|
|move|p2a: Slaking|Hammer Arm|p1a: Mercury
|-damage|p1a: Mercury|159\/241
|-damage|p2a: Slaking|0 fnt|[from] item: Rocky Helmet|[of] p1a: Mercury
|faint|p2a: Slaking
|move|p1a: Mercury|Dazzling Gleam|p2: Slaking|[notarget]
|-notarget
|
|upkeep
|choice||switch 6
|
|switch|p2a: Blastoise|Blastoise, F|361\/361
|turn|12
|choice|move lightscreen|move scald
|
|move|p2a: Blastoise|Scald|p1a: Mercury
|-supereffective|p1a: Mercury
|-damage|p1a: Mercury|13\/241
|-status|p1a: Mercury|brn
|move|p1a: Mercury|Light Screen|p1a: Mercury
|-sidestart|p1: RatRiddled|move: Light Screen
|
|-damage|p1a: Mercury|0 fnt|[from] brn
|upkeep
|faint|p1a: Mercury
|choice|switch 4|
|
|switch|p1a: Starbucks|Vigoroth, M, shiny|326\/326
|turn|13
|choice|move bulkup|switch 4
|
|switch|p2a: Diancie|Diancie|304\/304
|move|p1a: Starbucks|Bulk Up|p1a: Starbucks
|-boost|p1a: Starbucks|atk|1
|-boost|p1a: Starbucks|def|1
|
|upkeep
|turn|14
|choice|move bulkup|move moonblast
|
|move|p1a: Starbucks|Bulk Up|p1a: Starbucks
|-boost|p1a: Starbucks|atk|1
|-boost|p1a: Starbucks|def|1
|move|p2a: Diancie|Moonblast|p1a: Starbucks
|-damage|p1a: Starbucks|276\/326
|
|upkeep
|turn|15
|choice|move bulkup|move diamondstorm
|
|move|p1a: Starbucks|Bulk Up|p1a: Starbucks
|-boost|p1a: Starbucks|atk|1
|-boost|p1a: Starbucks|def|1
|move|p2a: Diancie|Diamond Storm|p1a: Starbucks
|-damage|p1a: Starbucks|236\/326
|-boost|p2a: Diancie|def|1
|
|upkeep
|turn|16
|choice|move return|move diamondstorm
|
|move|p1a: Starbucks|Return|p2a: Diancie
|-resisted|p2a: Diancie
|-damage|p2a: Diancie|216\/304
|move|p2a: Diancie|Diamond Storm|p1a: Starbucks
|-damage|p1a: Starbucks|199\/326
|-boost|p2a: Diancie|def|1
|
|-heal|p2a: Diancie|235\/304|[from] item: Leftovers
|-sideend|p1: RatRiddled|move: Light Screen
|upkeep
|turn|17
|choice|move bulkup|move moonblast
|
|move|p1a: Starbucks|Bulk Up|p1a: Starbucks
|-boost|p1a: Starbucks|atk|1
|-boost|p1a: Starbucks|def|1
|move|p2a: Diancie|Moonblast|p1a: Starbucks
|-damage|p1a: Starbucks|93\/326
|
|-heal|p2a: Diancie|254\/304|[from] item: Leftovers
|upkeep
|turn|18
|choice|move slackoff|move moonblast
|
|move|p1a: Starbucks|Slack Off|p1a: Starbucks
|-heal|p1a: Starbucks|256\/326
|move|p2a: Diancie|Moonblast|p1a: Starbucks
|-damage|p1a: Starbucks|154\/326
|
|-heal|p2a: Diancie|273\/304|[from] item: Leftovers
|upkeep
|turn|19
|choice|move slackoff|switch 2
|
|switch|p2a: Leafeon|Leafeon, F|334\/334
|move|p1a: Starbucks|Slack Off|p1a: Starbucks
|-heal|p1a: Starbucks|317\/326
|
|upkeep
|turn|20
|choice|move return|move leafblade
|
|move|p1a: Starbucks|Return|p2a: Leafeon
|-damage|p2a: Leafeon|63\/334
|-damage|p1a: Starbucks|263\/326|[from] item: Rocky Helmet|[of] p2a: Leafeon
|move|p2a: Leafeon|Leaf Blade|p1a: Starbucks
|-crit|p1a: Starbucks
|-damage|p1a: Starbucks|130\/326
|
|upkeep
|turn|21
|choice|move return|move leafblade
|
|move|p1a: Starbucks|Return|p2a: Leafeon
|-damage|p2a: Leafeon|0 fnt
|-damage|p1a: Starbucks|76\/326|[from] item: Rocky Helmet|[of] p2a: Leafeon
|faint|p2a: Leafeon
|
|upkeep
|choice||switch 5
|
|switch|p2a: Jolteon|Jolteon, M|271\/271
|turn|22
|choice|move suckerpunch|move thunderbolt
|
|move|p1a: Starbucks|Sucker Punch|p2a: Jolteon
|-damage|p2a: Jolteon|0 fnt
|faint|p2a: Jolteon
|
|upkeep
|c|★RatRiddled|ow
|choice||switch 4
|
|switch|p2a: Blastoise|Blastoise, F|361\/361
|turn|23
|choice|move slackoff|move aquajet
|
|move|p2a: Blastoise|Aqua Jet|p1a: Starbucks
|-damage|p1a: Starbucks|64\/326
|move|p1a: Starbucks|Slack Off|p1a: Starbucks
|-heal|p1a: Starbucks|227\/326
|
|upkeep
|turn|24
|choice|move return|move scald
|
|move|p1a: Starbucks|Return|p2a: Blastoise
|-enditem|p2a: Blastoise|Focus Sash
|-damage|p2a: Blastoise|1\/361
|move|p2a: Blastoise|Scald|p1a: Starbucks
|-crit|p1a: Starbucks
|-damage|p1a: Starbucks|0 fnt
|faint|p1a: Starbucks
|
|upkeep
|c|★RatRiddled|oh for fuck's sake
|c|★Pruskipower|uhh
|c|★RatRiddled|sigh
|choice|switch 2|
|
|switch|p1a: Vesuvius|Camerupt, M|282\/282
|turn|25
|c|★RatRiddled|gg
|choice|move earthpower mega|move scald
|
|detailschange|p1a: Vesuvius|Camerupt-Mega, M
|-mega|p1a: Vesuvius|Camerupt|Cameruptite
|move|p2a: Blastoise|Scald|p1a: Vesuvius
|-supereffective|p1a: Vesuvius
|-damage|p1a: Vesuvius|0 fnt
|faint|p1a: Vesuvius
|
|win|Pruskipower
|player|p1
|player|p2
|raw|RatRiddled's rating: 1095 &rarr; <strong>1068<\/strong><br \/>(-27 for losing)
|raw|Pruskipower's rating: 1057 &rarr; <strong>1092<\/strong><br \/>(+35 for winning)
|c|★Pruskipower|gg</script>
</div>
<div class="battle-log battle-log-inline"><div class="inner"><div class="battle-options"></div><div class="inner"><div class="chat"><small>RatRiddled joined.</small></div><div class="chat"><small>Pruskipower joined.</small></div><div class=""><small>Format:</small> <br><strong>RU</strong></div><div class="rated"><strong>Rated battle</strong></div><div class=""><small><em>Sleep Clause Mod:</em> Limit one foe put to sleep</small></div><div class=""><small><em>Species Clause:</em> Limit one of each Pokémon</small></div><div class=""><small><em>OHKO Clause:</em> OHKO moves are banned</small></div><div class=""><small><em>Moody Clause:</em> Moody is banned</small></div><div class=""><small><em>Evasion Moves Clause:</em> Evasion moves are banned</small></div><div class=""><small><em>Endless Battle Clause:</em> Forcing endless battles is banned</small></div><div class=""><small><em>HP Percentage Mod:</em> HP is shown in percentages</small></div><div class=""><small><em>Swagger Clause:</em> Swagger is banned</small></div><div class=""><small><em>Baton Pass Clause:</em> Limit one Baton Passer, can't pass Spe and other stats simultaneously</small></div><div class="chat battle-history"><strong>RatRiddled's team:</strong> <em style="color:#445566;display:block;">Vigoroth / Camerupt / Venusaur / Slowking / Absol / Diancie</em></div><div class="chat battle-history"><strong>Pruskipower's team:</strong> <em style="color:#445566;display:block;">Slaking / Leafeon / Diancie / Glalie / Jolteon / Blastoise</em></div><div class="spacer battle-history"><br></div><div class="battle-history">Battle started between RatRiddled and Pruskipower!<br></div><div class="spacer battle-history"><br></div><div class="battle-history">Go! Leary (<strong>Venusaur</strong>)!<br></div><div class="spacer battle-history"><br></div><div class="battle-history">Pruskipower sent out <strong>Slaking</strong>!<br></div><div class="spacer battle-history"><br></div><h2 class="battle-history">Turn 1</h2><div class="spacer battle-history"><br></div><div class="battle-history">The opposing Slaking used <strong>Fire Punch</strong>!<br></div><div class="battle-history"><small>It's super effective!</small><br></div><div class="battle-history"><small>(Leary lost <abbr title="−216/301">71.8%</abbr> of its health!)</small><br></div><div class="spacer battle-history"><br></div><div class="battle-history">Leary used <strong>Leech Seed</strong>!<br></div><div class="battle-history"><small>The opposing Slaking was seeded!</small><br></div><div class="spacer battle-history"><br></div><div class="battle-history"><small>Leary restored a little HP using its Black Sludge!</small><br></div><div class="battle-history"><small>The opposing Slaking's health is sapped by Leech Seed!</small><br></div><div class="spacer battle-history"><br></div><h2 class="battle-history">Turn 2</h2><div class="spacer battle-history"><br></div><div class="battle-history"><small>[The opposing Slaking's Truant]</small><br>The opposing Slaking is loafing around!<br></div><div class="spacer battle-history"><br></div><div class="battle-history">Leary used <strong>Sludge Bomb</strong>!<br></div><div class="battle-history"><small>(The opposing Slaking lost <abbr title="−196/442">44.3%</abbr> of its health!)</small><br></div><div class="battle-history"><small>The opposing Slaking is switched out with the Eject Button!</small><br></div><div class="spacer battle-history"><br></div><div class="battle-history">Pruskipower withdrew Slaking!<br></div><div class="battle-history">Pruskipower sent out <strong>Glalie</strong>!<br></div><div class="spacer battle-history"><br></div><div class="battle-history"><small>Leary restored a little HP using its Black Sludge!</small><br></div><div class="spacer battle-history"><br></div><h2 class="battle-history">Turn 3</h2><div class="spacer battle-history"><br></div><div class="battle-history">Leary, come back!<br></div><div class="battle-history">Go! Derpy-sama (<strong>Slowking</strong>)!<br></div><div class="spacer battle-history"><br></div><div class="battle-history"><small>The opposing Glalie's Glalitite is reacting to Pruskipower's Mega Bracelet!</small><br>The opposing Glalie has Mega Evolved into Mega Glalie!<br></div><div class="spacer battle-history"><br></div><div class="battle-history">The opposing Glalie used <strong>Body Slam</strong>!<br></div><div class="battle-history"><small>It's not very effective...</small><br></div><div class="battle-history"><small>(Derpy-sama lost <abbr title="−94/331">28.4%</abbr> of its health!)</small><br></div><div class="battle-history"><small>Derpy-sama is paralyzed! It may be unable to move!</small><br></div><div class="spacer battle-history"><br></div><h2 class="battle-history">Turn 4</h2><div class="spacer battle-history"><br></div><div class="battle-history">The opposing Glalie used <strong>Crunch</strong>!<br></div><div class="battle-history"><small>It's super effective!</small><br></div><div class="battle-history"><small>A critical hit!</small><br></div><div class="battle-history"><small>(Derpy-sama lost <abbr title="−237/331">71.6%</abbr> of its health!)</small><br></div><div class="spacer battle-history"><br></div><div class="battle-history">Derpy-sama fainted!<br></div><div class="chat chatmessage-ratriddled"><strong style="color:hsl(62,52%,40.301081586806276%)"><small>★</small><span class="username" data-name="RatRiddled">RatRiddled</span>:</strong> <em>my luck tho</em></div><div class="spacer battle-history"><br></div><div class="battle-history">Go! Sasuke (<strong>Absol</strong>)!<br></div><div class="spacer battle-history"><br></div><h2 class="battle-history">Turn 5</h2><div class="spacer battle-history"><br></div><div class="battle-history">Sasuke used <strong>Sucker Punch</strong>!<br></div><div class="battle-history"><small>(The opposing Glalie lost <abbr title="−246/301">81.7%</abbr> of its health!)</small><br></div><div class="battle-history"><small>Sasuke lost some of its HP!</small><br></div><div class="spacer battle-history"><br></div><div class="battle-history">The opposing Glalie used <strong>Body Slam</strong>!<br></div><div class="battle-history"><small>(Sasuke lost <abbr title="−273/303">90.1%</abbr> of its health!)</small><br></div><div class="spacer battle-history"><br></div><div class="battle-history">Sasuke fainted!<br></div><div class="spacer battle-history"><br></div><div class="battle-history">Go! Starbucks (<strong>Vigoroth</strong>)!<br></div><div class="spacer battle-history"><br></div><h2 class="battle-history">Turn 6</h2><div class="spacer battle-history"><br></div><div class="battle-history">Starbucks used <strong>Sucker Punch</strong>!<br></div><div class="battle-history"><small>(The opposing Glalie lost <abbr title="−55/301">18.3%</abbr> of its health!)</small><br></div><div class="spacer battle-history"><br></div><div class="battle-history">The opposing Glalie fainted!<br></div><div class="spacer battle-history"><br></div><div class="battle-history">Pruskipower sent out <strong>Diancie</strong>!<br></div><div class="spacer battle-history"><br></div><h2 class="battle-history">Turn 7</h2><div class="spacer battle-history"><br></div><div class="battle-history">Starbucks, come back!<br></div><div class="battle-history">Go! Leary (<strong>Venusaur</strong>)!<br></div><div class="spacer battle-history"><br></div><div class="battle-history">The opposing Diancie used <strong>Moonblast</strong>!<br></div><div class="battle-history"><small>It's not very effective...</small><br></div><div class="battle-history"><small>(Leary lost <abbr title="−48/301">15.9%</abbr> of its health!)</small><br></div><div class="spacer battle-history"><br></div><div class="battle-history"><small>Leary restored a little HP using its Black Sludge!</small><br></div><div class="spacer battle-history"><br></div><h2 class="battle-history">Turn 8</h2><div class="spacer battle-history"><br></div><div class="battle-history">Pruskipower withdrew Diancie!<br></div><div class="battle-history">Pruskipower sent out <strong>Slaking</strong>!<br></div><div class="spacer battle-history"><br></div><div class="battle-history">Leary used <strong>Synthesis</strong>!<br></div><div class="battle-history"><small>Leary restored its HP.</small><br></div><div class="spacer battle-history"><br></div><div class="battle-history"><small>Leary restored a little HP using its Black Sludge!</small><br></div><div class="spacer battle-history"><br></div><h2 class="battle-history">Turn 9</h2><div class="spacer battle-history"><br></div><div class="battle-history">The opposing Slaking used <strong>Giga Impact</strong>!<br></div><div class="battle-history"><small>(Leary lost <abbr title="−301/301">100%</abbr> of its health!)</small><br></div><div class="spacer battle-history"><br></div><div class="battle-history">Leary fainted!<br></div><div class="spacer battle-history"><br></div><div class="battle-history">Go! Mercury (<strong>Diancie</strong>)!<br></div><div class="spacer battle-history"><br></div><h2 class="battle-history">Turn 10</h2><div class="spacer battle-history"><br></div><div class="battle-history">The opposing Slaking must recharge!<br></div><div class="spacer battle-history"><br></div><div class="battle-history">Mercury used <strong>Diamond Storm</strong>!<br></div><div class="battle-history"><small>(The opposing Slaking lost <abbr title="−135/442">30.5%</abbr> of its health!)</small><br></div><div class="spacer battle-history"><br></div><h2 class="battle-history">Turn 11</h2><div class="spacer battle-history"><br></div><div class="battle-history">The opposing Slaking used <strong>Hammer Arm</strong>!<br></div><div class="battle-history"><small>(Mercury lost <abbr title="−82/241">34.0%</abbr> of its health!)</small><br></div><div class="battle-history"><small>The opposing Slaking was hurt by the Rocky Helmet!</small><br></div><div class="spacer battle-history"><br></div><div class="battle-history">The opposing Slaking fainted!<br></div><div class="battle-history">Mercury used <strong>Dazzling Gleam</strong>!<br></div><div class="battle-history"><small>But there was no target...</small><br></div><div class="spacer battle-history"><br></div><div class="battle-history">Pruskipower sent out <strong>Blastoise</strong>!<br></div><div class="spacer battle-history"><br></div><h2 class="battle-history">Turn 12</h2><div class="spacer battle-history"><br></div><div class="battle-history">The opposing Blastoise used <strong>Scald</strong>!<br></div><div class="battle-history"><small>It's super effective!</small><br></div><div class="battle-history"><small>(Mercury lost <abbr title="−146/241">60.6%</abbr> of its health!)</small><br></div><div class="battle-history"><small>Mercury was burned!</small><br></div><div class="spacer battle-history"><br></div><div class="battle-history">Mercury used <strong>Light Screen</strong>!<br></div><div class="battle-history"><small>Light Screen made your team stronger against special moves!</small><br></div><div class="spacer battle-history"><br></div><div class="battle-history"><small>Mercury was hurt by its burn!</small><br></div><div class="spacer battle-history"><br></div><div class="battle-history">Mercury fainted!<br></div><div class="spacer battle-history"><br></div><div class="battle-history">Go! Starbucks (<strong>Vigoroth</strong>)!<br></div><div class="spacer battle-history"><br></div><h2 class="battle-history">Turn 13</h2><div class="spacer battle-history"><br></div><div class="battle-history">Pruskipower withdrew Blastoise!<br></div><div class="battle-history">Pruskipower sent out <strong>Diancie</strong>!<br></div><div class="spacer battle-history"><br></div><div class="battle-history">Starbucks used <strong>Bulk Up</strong>!<br></div><div class="battle-history"><small>Starbucks's Attack rose!</small><br></div><div class="battle-history"><small>Starbucks's Defense rose!</small><br></div><div class="spacer battle-history"><br></div><h2 class="battle-history">Turn 14</h2><div class="spacer battle-history"><br></div><div class="battle-history">Starbucks used <strong>Bulk Up</strong>!<br></div><div class="battle-history"><small>Starbucks's Attack rose!</small><br></div><div class="battle-history"><small>Starbucks's Defense rose!</small><br></div><div class="spacer battle-history"><br></div><div class="battle-history">The opposing Diancie used <strong>Moonblast</strong>!<br></div><div class="battle-history"><small>(Starbucks lost <abbr title="−50/326">15.3%</abbr> of its health!)</small><br></div><div class="spacer battle-history"><br></div><h2 class="battle-history">Turn 15</h2><div class="spacer battle-history"><br></div><div class="battle-history">Starbucks used <strong>Bulk Up</strong>!<br></div><div class="battle-history"><small>Starbucks's Attack rose!</small><br></div><div class="battle-history"><small>Starbucks's Defense rose!</small><br></div><div class="spacer battle-history"><br></div><div class="battle-history">The opposing Diancie used <strong>Diamond Storm</strong>!<br></div><div class="battle-history"><small>(Starbucks lost <abbr title="−40/326">12.3%</abbr> of its health!)</small><br></div><div class="battle-history"><small>The opposing Diancie's Defense rose!</small><br></div><div class="spacer battle-history"><br></div><h2 class="battle-history">Turn 16</h2><div class="spacer battle-history"><br></div><div class="battle-history">Starbucks used <strong>Return</strong>!<br></div><div class="battle-history"><small>It's not very effective...</small><br></div><div class="battle-history"><small>(The opposing Diancie lost <abbr title="−88/304">28.9%</abbr> of its health!)</small><br></div><div class="spacer battle-history"><br></div><div class="battle-history">The opposing Diancie used <strong>Diamond Storm</strong>!<br></div><div class="battle-history"><small>(Starbucks lost <abbr title="−37/326">11.3%</abbr> of its health!)</small><br></div><div class="battle-history"><small>The opposing Diancie's Defense rose!</small><br></div><div class="spacer battle-history"><br></div><div class="battle-history"><small>The opposing Diancie restored a little HP using its Leftovers!</small><br></div><div class="battle-history"><small>Your team's Light Screen wore off!</small><br></div><div class="spacer battle-history"><br></div><h2 class="battle-history">Turn 17</h2><div class="spacer battle-history"><br></div><div class="battle-history">Starbucks used <strong>Bulk Up</strong>!<br></div><div class="battle-history"><small>Starbucks's Attack rose!</small><br></div><div class="battle-history"><small>Starbucks's Defense rose!</small><br></div><div class="spacer battle-history"><br></div><div class="battle-history">The opposing Diancie used <strong>Moonblast</strong>!<br></div><div class="battle-history"><small>(Starbucks lost <abbr title="−106/326">32.5%</abbr> of its health!)</small><br></div><div class="spacer battle-history"><br></div><div class="battle-history"><small>The opposing Diancie restored a little HP using its Leftovers!</small><br></div><div class="spacer battle-history"><br></div><h2 class="battle-history">Turn 18</h2><div class="spacer battle-history"><br></div><div class="battle-history">Starbucks used <strong>Slack Off</strong>!<br></div><div class="battle-history"><small>Starbucks restored its HP.</small><br></div><div class="spacer battle-history"><br></div><div class="battle-history">The opposing Diancie used <strong>Moonblast</strong>!<br></div><div class="battle-history"><small>(Starbucks lost <abbr title="−102/326">31.3%</abbr> of its health!)</small><br></div><div class="spacer battle-history"><br></div><div class="battle-history"><small>The opposing Diancie restored a little HP using its Leftovers!</small><br></div><div class="spacer battle-history"><br></div><h2 class="battle-history">Turn 19</h2><div class="spacer battle-history"><br></div><div class="battle-history">Pruskipower withdrew Diancie!<br></div><div class="battle-history">Pruskipower sent out <strong>Leafeon</strong>!<br></div><div class="spacer battle-history"><br></div><div class="battle-history">Starbucks used <strong>Slack Off</strong>!<br></div><div class="battle-history"><small>Starbucks restored its HP.</small><br></div><div class="spacer battle-history"><br></div><h2 class="battle-history">Turn 20</h2><div class="spacer battle-history"><br></div><div class="battle-history">Starbucks used <strong>Return</strong>!<br></div><div class="battle-history"><small>(The opposing Leafeon lost <abbr title="−271/334">81.1%</abbr> of its health!)</small><br></div><div class="battle-history"><small>Starbucks was hurt by the Rocky Helmet!</small><br></div><div class="spacer battle-history"><br></div><div class="battle-history">The opposing Leafeon used <strong>Leaf Blade</strong>!<br></div><div class="battle-history"><small>A critical hit!</small><br></div><div class="battle-history"><small>(Starbucks lost <abbr title="−133/326">40.8%</abbr> of its health!)</small><br></div><div class="spacer battle-history"><br></div><h2 class="battle-history">Turn 21</h2><div class="spacer battle-history"><br></div><div class="battle-history">Starbucks used <strong>Return</strong>!<br></div><div class="battle-history"><small>(The opposing Leafeon lost <abbr title="−63/334">18.9%</abbr> of its health!)</small><br></div><div class="battle-history"><small>Starbucks was hurt by the Rocky Helmet!</small><br></div><div class="spacer battle-history"><br></div><div class="battle-history">The opposing Leafeon fainted!<br></div><div class="spacer battle-history"><br></div><div class="battle-history">Pruskipower sent out <strong>Jolteon</strong>!<br></div><div class="spacer battle-history"><br></div><h2 class="battle-history">Turn 22</h2><div class="spacer battle-history"><br></div><div class="battle-history">Starbucks used <strong>Sucker Punch</strong>!<br></div><div class="battle-history"><small>(The opposing Jolteon lost <abbr title="−271/271">100%</abbr> of its health!)</small><br></div><div class="spacer battle-history"><br></div><div class="battle-history">The opposing Jolteon fainted!<br></div><div class="chat chatmessage-ratriddled"><strong style="color:hsl(62,52%,40.301081586806276%)"><small>★</small><span class="username" data-name="RatRiddled">RatRiddled</span>:</strong> <em>ow</em></div><div class="spacer battle-history"><br></div><div class="battle-history">Pruskipower sent out <strong>Blastoise</strong>!<br></div><div class="spacer battle-history"><br></div><h2 class="battle-history">Turn 23</h2><div class="spacer battle-history"><br></div><div class="battle-history">The opposing Blastoise used <strong>Aqua Jet</strong>!<br></div><div class="battle-history"><small>(Starbucks lost <abbr title="−12/326">3.7%</abbr> of its health!)</small><br></div><div class="spacer battle-history"><br></div><div class="battle-history">Starbucks used <strong>Slack Off</strong>!<br></div><div class="battle-history"><small>Starbucks restored its HP.</small><br></div><div class="spacer battle-history"><br></div><h2 class="battle-history">Turn 24</h2><div class="spacer battle-history"><br></div><div class="battle-history">Starbucks used <strong>Return</strong>!<br></div><div class="battle-history"><small>The opposing Blastoise hung on using its Focus Sash!</small><br></div><div class="battle-history"><small>(The opposing Blastoise lost <abbr title="−360/361">99.7%</abbr> of its health!)</small><br></div><div class="spacer battle-history"><br></div><div class="battle-history">The opposing Blastoise used <strong>Scald</strong>!<br></div><div class="battle-history"><small>A critical hit!</small><br></div><div class="battle-history"><small>(Starbucks lost <abbr title="−227/326">69.6%</abbr> of its health!)</small><br></div><div class="spacer battle-history"><br></div><div class="battle-history">Starbucks fainted!<br></div><div class="chat chatmessage-ratriddled"><strong style="color:hsl(62,52%,40.301081586806276%)"><small>★</small><span class="username" data-name="RatRiddled">RatRiddled</span>:</strong> <em>oh for fuck's sake</em></div><div class="chat chatmessage-pruskipower"><strong style="color:hsl(148,89%,32.206767636592446%)"><small>★</small><span class="username" data-name="Pruskipower">Pruskipower</span>:</strong> <em>uhh</em></div><div class="chat chatmessage-ratriddled"><strong style="color:hsl(62,52%,40.301081586806276%)"><small>★</small><span class="username" data-name="RatRiddled">RatRiddled</span>:</strong> <em>sigh</em></div><div class="spacer battle-history"><br></div><div class="battle-history">Go! Vesuvius (<strong>Camerupt</strong>)!<br></div><div class="spacer battle-history"><br></div><h2 class="battle-history">Turn 25</h2><div class="chat chatmessage-ratriddled"><strong style="color:hsl(62,52%,40.301081586806276%)"><small>★</small><span class="username" data-name="RatRiddled">RatRiddled</span>:</strong> <em>gg</em></div><div class="spacer battle-history"><br></div><div class="battle-history"><small>Vesuvius's Cameruptite is reacting to RatRiddled's Mega Bracelet!</small><br>Vesuvius has Mega Evolved into Mega Camerupt!<br></div><div class="spacer battle-history"><br></div><div class="battle-history">The opposing Blastoise used <strong>Scald</strong>!<br></div><div class="battle-history"><small>It's super effective!</small><br></div><div class="battle-history"><small>(Vesuvius lost <abbr title="−282/282">100%</abbr> of its health!)</small><br></div><div class="spacer battle-history"><br></div><div class="battle-history">Vesuvius fainted!<br></div><div class="spacer battle-history"><br></div><div class="battle-history"><strong>Pruskipower</strong> won the battle!<br></div><div class="chat">RatRiddled's rating: 1095 → <strong>1068</strong><br>(-27 for losing)</div><div class="chat">Pruskipower's rating: 1057 → <strong>1092</strong><br>(+35 for winning)</div><div class="chat chatmessage-pruskipower"><strong style="color:hsl(148,89%,32.206767636592446%)"><small>★</small><span class="username" data-name="Pruskipower">Pruskipower</span>:</strong> <em>gg</em></div></div><div class="inner-preempt"></div></div></div>
</div>
<script>
let daily = Math.floor(Date.now()/1000/60/60/24);document.write('<script src="https://play.pokemonshowdown.com/js/replay-embed.js?version'+daily+'"></'+'script>');
</script>
