<!DOCTYPE html>
<meta charset="utf-8" />
<!-- version 1 -->
<title>RU replay: tetraethylammonium vs. theoverlord2002</title>
<style>
html,body {font-family:Verdana, sans-serif;font-size:10pt;margin:0;padding:0;}body{padding:12px 0;} .battle-log {font-family:Verdana, sans-serif;font-size:10pt;} .battle-log-inline {border:1px solid #AAAAAA;background:#EEF2F5;color:black;max-width:640px;margin:0 auto 80px;padding-bottom:5px;} .battle-log .inner {padding:4px 8px 0px 8px;} .battle-log .inner-preempt {padding:0 8px 4px 8px;} .battle-log .inner-after {margin-top:0.5em;} .battle-log h2 {margin:0.5em -8px;padding:4px 8px;border:1px solid #AAAAAA;background:#E0E7EA;border-left:0;border-right:0;font-family:Verdana, sans-serif;font-size:13pt;} .battle-log .chat {vertical-align:middle;padding:3px 0 3px 0;font-size:8pt;} .battle-log .chat strong {color:#40576A;} .battle-log .chat em {padding:1px 4px 1px 3px;color:#000000;font-style:normal;} .chat.mine {background:rgba(0,0,0,0.05);margin-left:-8px;margin-right:-8px;padding-left:8px;padding-right:8px;} .spoiler {color:#BBBBBB;background:#BBBBBB;padding:0px 3px;} .spoiler:hover, .spoiler:active, .spoiler-shown {color:#000000;background:#E2E2E2;padding:0px 3px;} .spoiler a {color:#BBBBBB;} .spoiler:hover a, .spoiler:active a, .spoiler-shown a {color:#2288CC;} .chat code, .chat .spoiler:hover code, .chat .spoiler:active code, .chat .spoiler-shown code {border:1px solid #C0C0C0;background:#EEEEEE;color:black;padding:0 2px;} .chat .spoiler code {border:1px solid #CCCCCC;background:#CCCCCC;color:#CCCCCC;} .battle-log .rated {padding:3px 4px;} .battle-log .rated strong {color:white;background:#89A;padding:1px 4px;border-radius:4px;} .spacer {margin-top:0.5em;} .message-announce {background:#6688AA;color:white;padding:1px 4px 2px;} .message-announce a, .broadcast-green a, .broadcast-blue a, .broadcast-red a {color:#DDEEFF;} .broadcast-green {background-color:#559955;color:white;padding:2px 4px;} .broadcast-blue {background-color:#6688AA;color:white;padding:2px 4px;} .infobox {border:1px solid #6688AA;padding:2px 4px;} .infobox-limited {max-height:200px;overflow:auto;overflow-x:hidden;} .broadcast-red {background-color:#AA5544;color:white;padding:2px 4px;} .message-learn-canlearn {font-weight:bold;color:#228822;text-decoration:underline;} .message-learn-cannotlearn {font-weight:bold;color:#CC2222;text-decoration:underline;} .message-effect-weak {font-weight:bold;color:#CC2222;} .message-effect-resist {font-weight:bold;color:#6688AA;} .message-effect-immune {font-weight:bold;color:#666666;} .message-learn-list {margin-top:0;margin-bottom:0;} .message-throttle-notice, .message-error {color:#992222;} .message-overflow, .chat small.message-overflow {font-size:0pt;} .message-overflow::before {font-size:9pt;content:'...';} .subtle {color:#3A4A66;}
</style>
<div class="wrapper replay-wrapper" style="max-width:1180px;margin:0 auto">
<input type="hidden" name="replayid" value="ru-546380928" />
<div class="battle"></div><div class="battle-log"></div><div class="replay-controls"></div><div class="replay-controls-2"></div>
<h1 style="font-weight:normal;text-align:center"><strong>RU</strong><br /><a href="http://pokemonshowdown.com/users/tetraethylammonium" class="subtle" target="_blank">tetraethylammonium</a> vs. <a href="http://pokemonshowdown.com/users/theoverlord2002" class="subtle" target="_blank">theoverlord2002</a></h1>
<script type="text/plain" class="battle-log-data">|j|tetraethylammonium
|j|theoverlord2002
|player|p1|tetraethylammonium|23
|player|p2|theoverlord2002|169
|gametype|singles
|gen|6
|tier|RU
|seed|41958,40901,17576,14323
|rule|Sleep Clause Mod: Limit one foe put to sleep
|rule|Species Clause: Limit one of each Pokémon
|rule|OHKO Clause: OHKO moves are banned
|rule|Moody Clause: Moody is banned
|rule|Evasion Moves Clause: Evasion moves are banned
|rule|Endless Battle Clause: Forcing endless battles is banned
|rule|HP Percentage Mod: HP is shown in percentages
|clearpoke
|poke|p1|Spiritomb, F|item
|poke|p1|Bronzong|item
|poke|p1|Diancie|item
|poke|p1|Togetic, M|item
|poke|p1|Glalie, F|item
|poke|p1|Flygon, M|item
|poke|p2|Sigilyph, M|item
|poke|p2|Accelgor, F|item
|poke|p2|Cinccino, M|item
|poke|p2|Camerupt, F|item
|poke|p2|Clawitzer, M|item
|poke|p2|Braviary, M|item
|rule|Swagger Clause: Swagger is banned
|rule|Baton Pass Clause: Limit one Baton Passer, can't pass Spe and other stats simultaneously
|teampreview
|choice|team 3, team 2, team 1, team 4, team 5, team 6|team 1, team 2, team 3, team 4, team 5, team 6
|
|start
|switch|p1a: Merp|Diancie|304\/304
|switch|p2a: Sigilyph|Sigilyph, M|348\/348
|turn|1
|choice|move diamondstorm|move cosmicpower
|
|move|p2a: Sigilyph|Cosmic Power|p2a: Sigilyph
|-boost|p2a: Sigilyph|def|1
|-boost|p2a: Sigilyph|spd|1
|move|p1a: Merp|Diamond Storm|p2a: Sigilyph
|-supereffective|p2a: Sigilyph
|-damage|p2a: Sigilyph|166\/348
|
|-status|p2a: Sigilyph|brn|[from] item: Flame Orb
|upkeep
|turn|2
|choice|move diamondstorm|move cosmicpower
|
|move|p2a: Sigilyph|Cosmic Power|p2a: Sigilyph
|-boost|p2a: Sigilyph|def|1
|-boost|p2a: Sigilyph|spd|1
|move|p1a: Merp|Diamond Storm|p2a: Sigilyph
|-supereffective|p2a: Sigilyph
|-damage|p2a: Sigilyph|26\/348 brn
|-boost|p1a: Merp|def|1
|
|upkeep
|turn|3
|choice|move diamondstorm|move roost
|
|move|p2a: Sigilyph|Roost|p2a: Sigilyph
|-heal|p2a: Sigilyph|200\/348 brn
|move|p1a: Merp|Diamond Storm|p2a: Sigilyph
|-damage|p2a: Sigilyph|128\/348 brn
|
|upkeep
|turn|4
|choice|move calmmind|move cosmicpower
|
|move|p2a: Sigilyph|Cosmic Power|p2a: Sigilyph
|-boost|p2a: Sigilyph|def|1
|-boost|p2a: Sigilyph|spd|1
|move|p1a: Merp|Calm Mind|p1a: Merp
|-boost|p1a: Merp|spa|1
|-boost|p1a: Merp|spd|1
|
|upkeep
|turn|5
|choice|move diamondstorm|move roost
|
|move|p2a: Sigilyph|Roost|p2a: Sigilyph
|-heal|p2a: Sigilyph|302\/348 brn
|move|p1a: Merp|Diamond Storm|p2a: Sigilyph
|-damage|p2a: Sigilyph|242\/348 brn
|-boost|p1a: Merp|def|1
|
|upkeep
|turn|6
|choice|move moonblast|move cosmicpower
|
|move|p2a: Sigilyph|Cosmic Power|p2a: Sigilyph
|-boost|p2a: Sigilyph|def|1
|-boost|p2a: Sigilyph|spd|1
|move|p1a: Merp|Moonblast|p2a: Sigilyph
|-damage|p2a: Sigilyph|175\/348 brn
|
|upkeep
|turn|7
|choice|move calmmind|move roost
|
|move|p2a: Sigilyph|Roost|p2a: Sigilyph
|-heal|p2a: Sigilyph|348\/348 brn
|move|p1a: Merp|Calm Mind|p1a: Merp
|-boost|p1a: Merp|spa|1
|-boost|p1a: Merp|spd|1
|
|upkeep
|turn|8
|choice|move moonblast|move psychoshift
|
|move|p2a: Sigilyph|Psycho Shift|p1a: Merp
|-status|p1a: Merp|brn
|-curestatus|p2a: Sigilyph|brn|[msg]
|move|p1a: Merp|Moonblast|p2a: Sigilyph
|-damage|p2a: Sigilyph|258\/348
|-unboost|p2a: Sigilyph|spa|1
|
|-damage|p1a: Merp|266\/304 brn|[from] brn
|-status|p2a: Sigilyph|brn|[from] item: Flame Orb
|upkeep
|turn|9
|choice|move healbell|move cosmicpower
|
|move|p2a: Sigilyph|Cosmic Power|p2a: Sigilyph
|-boost|p2a: Sigilyph|def|1
|-boost|p2a: Sigilyph|spd|1
|move|p1a: Merp|Heal Bell|p1a: Merp
|-activate|p1a: Merp|move: Heal Bell
|-curestatus|p1a: Merp|brn|[msg]
|
|-heal|p1a: Merp|285\/304|[from] item: Leftovers
|upkeep
|turn|10
|choice|move calmmind|move cosmicpower
|
|move|p2a: Sigilyph|Cosmic Power|p2a: Sigilyph
|-boost|p2a: Sigilyph|def|1
|-boost|p2a: Sigilyph|spd|1
|move|p1a: Merp|Calm Mind|p1a: Merp
|-boost|p1a: Merp|spa|1
|-boost|p1a: Merp|spd|1
|
|-heal|p1a: Merp|304\/304|[from] item: Leftovers
|upkeep
|turn|11
|choice|move calmmind|move storedpower
|
|move|p2a: Sigilyph|Stored Power|p1a: Merp
|-damage|p1a: Merp|240\/304
|move|p1a: Merp|Calm Mind|p1a: Merp
|-boost|p1a: Merp|spa|1
|-boost|p1a: Merp|spd|1
|
|-heal|p1a: Merp|259\/304|[from] item: Leftovers
|upkeep
|turn|12
|choice|move moonblast|move psychoshift
|
|move|p2a: Sigilyph|Psycho Shift|p1a: Merp
|-status|p1a: Merp|brn
|-curestatus|p2a: Sigilyph|brn|[msg]
|move|p1a: Merp|Moonblast|p2a: Sigilyph
|-damage|p2a: Sigilyph|162\/348
|
|-heal|p1a: Merp|278\/304 brn|[from] item: Leftovers
|-damage|p1a: Merp|240\/304 brn|[from] brn
|-status|p2a: Sigilyph|brn|[from] item: Flame Orb
|upkeep
|turn|13
|c|☆tetraethylammonium|What are we doinh
|choice|move healbell|move roost
|
|move|p2a: Sigilyph|Roost|p2a: Sigilyph
|-heal|p2a: Sigilyph|336\/348 brn
|move|p1a: Merp|Heal Bell|p1a: Merp
|-activate|p1a: Merp|move: Heal Bell
|-curestatus|p1a: Merp|brn|[msg]
|
|-heal|p1a: Merp|259\/304|[from] item: Leftovers
|upkeep
|turn|14
|c|☆theoverlord2002|hecced
|choice|move calmmind|move psychoshift
|
|move|p2a: Sigilyph|Psycho Shift|p1a: Merp
|-status|p1a: Merp|brn
|-curestatus|p2a: Sigilyph|brn|[msg]
|move|p1a: Merp|Calm Mind|p1a: Merp
|-boost|p1a: Merp|spa|1
|-boost|p1a: Merp|spd|1
|
|-heal|p1a: Merp|278\/304 brn|[from] item: Leftovers
|-damage|p1a: Merp|240\/304 brn|[from] brn
|-status|p2a: Sigilyph|brn|[from] item: Flame Orb
|upkeep
|turn|15
|c|☆tetraethylammonium|We both stalling one another so badly
|choice|move calmmind|move storedpower
|
|move|p2a: Sigilyph|Stored Power|p1a: Merp
|-damage|p1a: Merp|195\/304 brn
|move|p1a: Merp|Calm Mind|p1a: Merp
|-boost|p1a: Merp|spa|1
|-boost|p1a: Merp|spd|1
|
|-heal|p1a: Merp|214\/304 brn|[from] item: Leftovers
|-damage|p1a: Merp|176\/304 brn|[from] brn
|upkeep
|turn|16
|c|☆tetraethylammonium|Merp's stats are like in the thousands I so done
|choice|move healbell|move storedpower
|
|move|p2a: Sigilyph|Stored Power|p1a: Merp
|-damage|p1a: Merp|137\/304 brn
|move|p1a: Merp|Heal Bell|p1a: Merp
|-activate|p1a: Merp|move: Heal Bell
|-curestatus|p1a: Merp|brn|[msg]
|
|-heal|p1a: Merp|156\/304|[from] item: Leftovers
|upkeep
|turn|17
|c|☆theoverlord2002|i'm gonna outstall you
|choice|move moonblast|move psychoshift
|
|move|p2a: Sigilyph|Psycho Shift|p1a: Merp
|-status|p1a: Merp|brn
|-curestatus|p2a: Sigilyph|brn|[msg]
|move|p1a: Merp|Moonblast|p2a: Sigilyph
|-damage|p2a: Sigilyph|210\/348
|
|-heal|p1a: Merp|175\/304 brn|[from] item: Leftovers
|-damage|p1a: Merp|137\/304 brn|[from] brn
|-status|p2a: Sigilyph|brn|[from] item: Flame Orb
|upkeep
|turn|18
|choice|move healbell|move roost
|
|move|p2a: Sigilyph|Roost|p2a: Sigilyph
|-heal|p2a: Sigilyph|348\/348 brn
|move|p1a: Merp|Heal Bell|p1a: Merp
|-activate|p1a: Merp|move: Heal Bell
|-curestatus|p1a: Merp|brn|[msg]
|
|-heal|p1a: Merp|156\/304|[from] item: Leftovers
|upkeep
|turn|19
|c|☆tetraethylammonium|Ok buddy
|choice|move diamondstorm|move psychoshift
|
|move|p2a: Sigilyph|Psycho Shift|p1a: Merp
|-status|p1a: Merp|brn
|-curestatus|p2a: Sigilyph|brn|[msg]
|move|p1a: Merp|Diamond Storm|p2a: Sigilyph
|-supereffective|p2a: Sigilyph
|-damage|p2a: Sigilyph|311\/348
|-boost|p1a: Merp|def|1
|
|-heal|p1a: Merp|175\/304 brn|[from] item: Leftovers
|-damage|p1a: Merp|137\/304 brn|[from] brn
|-status|p2a: Sigilyph|brn|[from] item: Flame Orb
|upkeep
|turn|20
|choice|move healbell|move storedpower
|
|move|p2a: Sigilyph|Stored Power|p1a: Merp
|-damage|p1a: Merp|98\/304 brn
|move|p1a: Merp|Heal Bell|p1a: Merp
|-activate|p1a: Merp|move: Heal Bell
|-curestatus|p1a: Merp|brn|[msg]
|
|-heal|p1a: Merp|117\/304|[from] item: Leftovers
|upkeep
|turn|21
|choice|move moonblast|move psychoshift
|
|move|p2a: Sigilyph|Psycho Shift|p1a: Merp
|-status|p1a: Merp|brn
|-curestatus|p2a: Sigilyph|brn|[msg]
|move|p1a: Merp|Moonblast|p2a: Sigilyph
|-damage|p2a: Sigilyph|173\/348
|
|-heal|p1a: Merp|136\/304 brn|[from] item: Leftovers
|-damage|p1a: Merp|98\/304 brn|[from] brn
|-status|p2a: Sigilyph|brn|[from] item: Flame Orb
|upkeep
|turn|22
|choice|move moonblast|move roost
|
|move|p2a: Sigilyph|Roost|p2a: Sigilyph
|-heal|p2a: Sigilyph|347\/348 brn
|move|p1a: Merp|Moonblast|p2a: Sigilyph
|-damage|p2a: Sigilyph|215\/348 brn
|
|-heal|p1a: Merp|117\/304 brn|[from] item: Leftovers
|-damage|p1a: Merp|79\/304 brn|[from] brn
|upkeep
|turn|23
|choice|switch 3|move storedpower
|
|switch|p1a: Derp|Spiritomb, F|294\/294
|move|p2a: Sigilyph|Stored Power|p1a: Derp
|-immune|p1a: Derp|[msg]
|
|upkeep
|turn|24
|c|☆tetraethylammonium|I CAN'T DO THIS
|choice|move destinybond|move psychoshift
|
|move|p2a: Sigilyph|Psycho Shift|p1a: Derp
|-status|p1a: Derp|brn
|-curestatus|p2a: Sigilyph|brn|[msg]
|move|p1a: Derp|Destiny Bond|p1a: Derp
|-singlemove|p1a: Derp|Destiny Bond
|
|-damage|p1a: Derp|258\/294 brn|[from] brn
|-status|p2a: Sigilyph|brn|[from] item: Flame Orb
|upkeep
|turn|25
|choice|move suckerpunch|move roost
|
|move|p1a: Derp|Sucker Punch|p2a: Sigilyph|[still]
|-fail|p1a: Derp
|move|p2a: Sigilyph|Roost|p2a: Sigilyph
|-heal|p2a: Sigilyph|348\/348 brn
|
|-damage|p1a: Derp|222\/294 brn|[from] brn
|upkeep
|turn|26
|choice|move taunt|move psychoshift
|
|move|p2a: Sigilyph|Psycho Shift|p1a: Derp
|-fail|p1a: Derp
|move|p1a: Derp|Taunt|p2a: Sigilyph
|-start|p2a: Sigilyph|move: Taunt
|
|-damage|p1a: Derp|186\/294 brn|[from] brn
|upkeep
|turn|27
|choice|switch 3|move storedpower
|
|switch|p1a: Merp|Diancie|79\/304 brn
|move|p2a: Sigilyph|Stored Power|p1a: Merp
|-damage|p1a: Merp|0 fnt
|faint|p1a: Merp
|
|upkeep
|c|☆tetraethylammonium|woops
|choice|switch 3|
|
|switch|p1a: Derp|Spiritomb, F|186\/294 brn
|turn|28
|c|☆theoverlord2002|hohoho
|choice|move suckerpunch|move storedpower
|
|move|p1a: Derp|Sucker Punch|p2a: Sigilyph
|-supereffective|p2a: Sigilyph
|-damage|p2a: Sigilyph|303\/348 brn
|move|p2a: Sigilyph|Stored Power|p1a: Derp
|-immune|p1a: Derp|[msg]
|
|-damage|p1a: Derp|150\/294 brn|[from] brn
|upkeep
|turn|29
|choice|move suckerpunch|move storedpower
|
|move|p1a: Derp|Sucker Punch|p2a: Sigilyph
|-supereffective|p2a: Sigilyph
|-crit|p2a: Sigilyph
|-damage|p2a: Sigilyph|38\/348 brn
|move|p2a: Sigilyph|Stored Power|p1a: Derp
|-immune|p1a: Derp|[msg]
|
|-damage|p1a: Derp|114\/294 brn|[from] brn
|-end|p2a: Sigilyph|move: Taunt
|upkeep
|turn|30
|c|☆theoverlord2002|dang criticals
|choice|move suckerpunch|move roost
|
|move|p1a: Derp|Sucker Punch|p2a: Sigilyph|[still]
|-fail|p1a: Derp
|move|p2a: Sigilyph|Roost|p2a: Sigilyph
|-heal|p2a: Sigilyph|212\/348 brn
|
|-damage|p1a: Derp|78\/294 brn|[from] brn
|upkeep
|turn|31
|c|☆tetraethylammonium|Lord help me
|choice|move suckerpunch|move roost
|
|move|p1a: Derp|Sucker Punch|p2a: Sigilyph|[still]
|-fail|p1a: Derp
|move|p2a: Sigilyph|Roost|p2a: Sigilyph
|-heal|p2a: Sigilyph|348\/348 brn
|
|-damage|p1a: Derp|42\/294 brn|[from] brn
|upkeep
|turn|32
|choice|move destinybond|move psychoshift
|
|move|p2a: Sigilyph|Psycho Shift|p1a: Derp
|-fail|p1a: Derp
|move|p1a: Derp|Destiny Bond|p1a: Derp
|-singlemove|p1a: Derp|Destiny Bond
|
|-damage|p1a: Derp|6\/294 brn|[from] brn
|upkeep
|turn|33
|choice|move destinybond|move cosmicpower
|
|move|p2a: Sigilyph|Cosmic Power|p2a: Sigilyph
|-boost|p2a: Sigilyph|def|0
|-boost|p2a: Sigilyph|spd|0
|move|p1a: Derp|Destiny Bond|p1a: Derp
|-singlemove|p1a: Derp|Destiny Bond
|
|-damage|p1a: Derp|0 fnt|[from] brn
|upkeep
|faint|p1a: Derp
|c|☆theoverlord2002|doesn't work like that lol
|c|☆tetraethylammonium|Oh my god I'm going to die
|choice|switch 4|
|
|switch|p1a: Rerp|Togetic, M|314\/314
|turn|34
|choice|move nastyplot|move storedpower
|
|move|p2a: Sigilyph|Stored Power|p1a: Rerp
|-damage|p1a: Rerp|173\/314
|move|p1a: Rerp|Nasty Plot|p1a: Rerp
|-boost|p1a: Rerp|spa|2
|
|upkeep
|turn|35
|c|☆tetraethylammonium|It's not like I can do anything else
|choice|move dazzlinggleam|move storedpower
|
|move|p2a: Sigilyph|Stored Power|p1a: Rerp
|-damage|p1a: Rerp|31\/314
|move|p1a: Rerp|Dazzling Gleam|p2a: Sigilyph
|-damage|p2a: Sigilyph|315\/348 brn
|
|upkeep
|turn|36
|c|☆theoverlord2002|lol
|choice|move roost|move storedpower
|
|move|p2a: Sigilyph|Stored Power|p1a: Rerp
|-damage|p1a: Rerp|0 fnt
|faint|p1a: Rerp
|
|upkeep
|choice|switch 2|
|
|switch|p1a: Berp|Bronzong|338\/338
|turn|37
|choice|move calmmind|move psychoshift
|
|move|p2a: Sigilyph|Psycho Shift|p1a: Berp
|-status|p1a: Berp|brn
|-curestatus|p2a: Sigilyph|brn|[msg]
|move|p1a: Berp|Calm Mind|p1a: Berp
|-boost|p1a: Berp|spa|1
|-boost|p1a: Berp|spd|1
|
|-damage|p1a: Berp|296\/338 brn|[from] brn
|-status|p2a: Sigilyph|brn|[from] item: Flame Orb
|upkeep
|turn|38
|c|☆theoverlord2002|i can hear your music lol
|choice|move calmmind|move cosmicpower
|
|move|p2a: Sigilyph|Cosmic Power|p2a: Sigilyph
|-boost|p2a: Sigilyph|def|0
|-boost|p2a: Sigilyph|spd|0
|move|p1a: Berp|Calm Mind|p1a: Berp
|-boost|p1a: Berp|spa|1
|-boost|p1a: Berp|spd|1
|
|-damage|p1a: Berp|254\/338 brn|[from] brn
|upkeep
|turn|39
|c|☆tetraethylammonium|cool :)
|c|☆theoverlord2002|why don't you talk on skype
|choice|move calmmind|move cosmicpower
|
|move|p2a: Sigilyph|Cosmic Power|p2a: Sigilyph
|-boost|p2a: Sigilyph|def|0
|-boost|p2a: Sigilyph|spd|0
|move|p1a: Berp|Calm Mind|p1a: Berp
|-boost|p1a: Berp|spa|1
|-boost|p1a: Berp|spd|1
|
|-damage|p1a: Berp|212\/338 brn|[from] brn
|upkeep
|turn|40
|choice|move flashcannon|move cosmicpower
|
|move|p2a: Sigilyph|Cosmic Power|p2a: Sigilyph
|-boost|p2a: Sigilyph|def|0
|-boost|p2a: Sigilyph|spd|0
|move|p1a: Berp|Flash Cannon|p2a: Sigilyph
|-damage|p2a: Sigilyph|254\/348 brn
|
|-damage|p1a: Berp|170\/338 brn|[from] brn
|upkeep
|turn|41
|choice|move calmmind|move cosmicpower
|
|move|p2a: Sigilyph|Cosmic Power|p2a: Sigilyph
|-boost|p2a: Sigilyph|def|0
|-boost|p2a: Sigilyph|spd|0
|move|p1a: Berp|Calm Mind|p1a: Berp
|-boost|p1a: Berp|spa|1
|-boost|p1a: Berp|spd|1
|
|-damage|p1a: Berp|128\/338 brn|[from] brn
|upkeep
|turn|42
|choice|move flashcannon|move cosmicpower
|
|move|p2a: Sigilyph|Cosmic Power|p2a: Sigilyph
|-boost|p2a: Sigilyph|def|0
|-boost|p2a: Sigilyph|spd|0
|move|p1a: Berp|Flash Cannon|p2a: Sigilyph
|-damage|p2a: Sigilyph|188\/348 brn
|
|-damage|p1a: Berp|86\/338 brn|[from] brn
|upkeep
|turn|43
|choice|move calmmind|move cosmicpower
|
|move|p2a: Sigilyph|Cosmic Power|p2a: Sigilyph
|-boost|p2a: Sigilyph|def|0
|-boost|p2a: Sigilyph|spd|0
|move|p1a: Berp|Calm Mind|p1a: Berp
|-boost|p1a: Berp|spa|1
|-boost|p1a: Berp|spd|1
|
|-damage|p1a: Berp|44\/338 brn|[from] brn
|upkeep
|turn|44
|choice|move stealthrock|move roost
|
|move|p2a: Sigilyph|Roost|p2a: Sigilyph
|-heal|p2a: Sigilyph|348\/348 brn
|move|p1a: Berp|Stealth Rock|p2a: Sigilyph
|-sidestart|p2: theoverlord2002|move: Stealth Rock
|
|-damage|p1a: Berp|2\/338 brn|[from] brn
|upkeep
|turn|45
|choice|move flashcannon|move cosmicpower
|
|move|p2a: Sigilyph|Cosmic Power|p2a: Sigilyph
|-boost|p2a: Sigilyph|def|0
|-boost|p2a: Sigilyph|spd|0
|move|p1a: Berp|Flash Cannon|p2a: Sigilyph
|-damage|p2a: Sigilyph|266\/348 brn
|
|-damage|p1a: Berp|0 fnt|[from] brn
|upkeep
|faint|p1a: Berp
|choice|switch 6|
|
|switch|p1a: Kerp|Flygon, M|301\/301
|turn|46
|choice|move uturn|move psychoshift
|
|move|p1a: Kerp|U-turn|p2a: Sigilyph
|-damage|p2a: Sigilyph|231\/348 brn
|choice|switch 5|
|
|switch|p1a: Werp|Glalie, F|301\/301
|move|p2a: Sigilyph|Psycho Shift|p1a: Werp
|-status|p1a: Werp|brn
|-curestatus|p2a: Sigilyph|brn|[msg]
|
|-damage|p1a: Werp|264\/301 brn|[from] brn
|-status|p2a: Sigilyph|brn|[from] item: Flame Orb
|upkeep
|turn|47
|choice|move freezedry mega|move storedpower
|
|detailschange|p1a: Werp|Glalie-Mega, F
|-mega|p1a: Werp|Glalie|Glalitite
|move|p1a: Werp|Freeze-Dry|p2a: Sigilyph
|-supereffective|p2a: Sigilyph
|-damage|p2a: Sigilyph|187\/348 brn
|move|p2a: Sigilyph|Stored Power|p1a: Werp
|-damage|p1a: Werp|17\/301 brn
|
|-damage|p1a: Werp|0 fnt|[from] brn
|upkeep
|faint|p1a: Werp
|choice|switch 5|
|
|switch|p1a: Kerp|Flygon, M|301\/301
|turn|48
|choice|move outrage|move storedpower
|
|move|p1a: Kerp|Outrage|p2a: Sigilyph
|-damage|p2a: Sigilyph|111\/348 brn
|move|p2a: Sigilyph|Stored Power|p1a: Kerp
|-damage|p1a: Kerp|64\/301
|
|upkeep
|turn|49
|choice|move outrage|move storedpower
|
|move|p1a: Kerp|Outrage|p2a: Sigilyph|[from]lockedmove
|-damage|p2a: Sigilyph|30\/348 brn
|move|p2a: Sigilyph|Stored Power|p1a: Kerp
|-damage|p1a: Kerp|0 fnt
|faint|p1a: Kerp
|
|win|theoverlord2002
|player|p1
|player|p2</script>
</div>
<div class="battle-log battle-log-inline"><div class="inner"><div class="battle-options"></div><div class="inner"><div class="chat"><small>tetraethylammonium joined.</small></div><div class="chat"><small>theoverlord2002 joined.</small></div><div class=""><small>Format:</small> <br><strong>RU</strong></div><div class=""><small><em>Sleep Clause Mod:</em> Limit one foe put to sleep</small></div><div class=""><small><em>Species Clause:</em> Limit one of each Pokémon</small></div><div class=""><small><em>OHKO Clause:</em> OHKO moves are banned</small></div><div class=""><small><em>Moody Clause:</em> Moody is banned</small></div><div class=""><small><em>Evasion Moves Clause:</em> Evasion moves are banned</small></div><div class=""><small><em>Endless Battle Clause:</em> Forcing endless battles is banned</small></div><div class=""><small><em>HP Percentage Mod:</em> HP is shown in percentages</small></div><div class=""><small><em>Swagger Clause:</em> Swagger is banned</small></div><div class=""><small><em>Baton Pass Clause:</em> Limit one Baton Passer, can't pass Spe and other stats simultaneously</small></div><div class="chat battle-history"><strong>tetraethylammonium's team:</strong> <em style="color:#445566;display:block;">Spiritomb / Bronzong / Diancie / Togetic / Glalie / Flygon</em></div><div class="chat battle-history"><strong>theoverlord2002's team:</strong> <em style="color:#445566;display:block;">Sigilyph / Accelgor / Cinccino / Camerupt / Clawitzer / Braviary</em></div><div class="spacer battle-history"><br></div><div class="battle-history">Battle started between tetraethylammonium and theoverlord2002!<br></div><div class="spacer battle-history"><br></div><div class="battle-history">Go! Merp (<strong>Diancie</strong>)!<br></div><div class="spacer battle-history"><br></div><div class="battle-history">theoverlord2002 sent out <strong>Sigilyph</strong>!<br></div><div class="spacer battle-history"><br></div><h2 class="battle-history">Turn 1</h2><div class="spacer battle-history"><br></div><div class="battle-history">The opposing Sigilyph used <strong>Cosmic Power</strong>!<br></div><div class="battle-history"><small>The opposing Sigilyph's Defense rose!</small><br></div><div class="battle-history"><small>The opposing Sigilyph's Special Defense rose!</small><br></div><div class="spacer battle-history"><br></div><div class="battle-history">Merp used <strong>Diamond Storm</strong>!<br></div><div class="battle-history"><small>It's super effective!</small><br></div><div class="battle-history"><small>(The opposing Sigilyph lost <abbr title="−182/348">52.3%</abbr> of its health!)</small><br></div><div class="spacer battle-history"><br></div><div class="battle-history"><small>The opposing Sigilyph was burned!</small><br></div><div class="spacer battle-history"><br></div><h2 class="battle-history">Turn 2</h2><div class="spacer battle-history"><br></div><div class="battle-history">The opposing Sigilyph used <strong>Cosmic Power</strong>!<br></div><div class="battle-history"><small>The opposing Sigilyph's Defense rose!</small><br></div><div class="battle-history"><small>The opposing Sigilyph's Special Defense rose!</small><br></div><div class="spacer battle-history"><br></div><div class="battle-history">Merp used <strong>Diamond Storm</strong>!<br></div><div class="battle-history"><small>It's super effective!</small><br></div><div class="battle-history"><small>(The opposing Sigilyph lost <abbr title="−140/348">40.2%</abbr> of its health!)</small><br></div><div class="battle-history"><small>Merp's Defense rose!</small><br></div><div class="spacer battle-history"><br></div><h2 class="battle-history">Turn 3</h2><div class="spacer battle-history"><br></div><div class="battle-history">The opposing Sigilyph used <strong>Roost</strong>!<br></div><div class="battle-history"><small>The opposing Sigilyph restored its HP.</small><br></div><div class="spacer battle-history"><br></div><div class="battle-history">Merp used <strong>Diamond Storm</strong>!<br></div><div class="battle-history"><small>(The opposing Sigilyph lost <abbr title="−72/348">20.7%</abbr> of its health!)</small><br></div><div class="spacer battle-history"><br></div><h2 class="battle-history">Turn 4</h2><div class="spacer battle-history"><br></div><div class="battle-history">The opposing Sigilyph used <strong>Cosmic Power</strong>!<br></div><div class="battle-history"><small>The opposing Sigilyph's Defense rose!</small><br></div><div class="battle-history"><small>The opposing Sigilyph's Special Defense rose!</small><br></div><div class="spacer battle-history"><br></div><div class="battle-history">Merp used <strong>Calm Mind</strong>!<br></div><div class="battle-history"><small>Merp's Special Attack rose!</small><br></div><div class="battle-history"><small>Merp's Special Defense rose!</small><br></div><div class="spacer battle-history"><br></div><h2 class="battle-history">Turn 5</h2><div class="spacer battle-history"><br></div><div class="battle-history">The opposing Sigilyph used <strong>Roost</strong>!<br></div><div class="battle-history"><small>The opposing Sigilyph restored its HP.</small><br></div><div class="spacer battle-history"><br></div><div class="battle-history">Merp used <strong>Diamond Storm</strong>!<br></div><div class="battle-history"><small>(The opposing Sigilyph lost <abbr title="−60/348">17.2%</abbr> of its health!)</small><br></div><div class="battle-history"><small>Merp's Defense rose!</small><br></div><div class="spacer battle-history"><br></div><h2 class="battle-history">Turn 6</h2><div class="spacer battle-history"><br></div><div class="battle-history">The opposing Sigilyph used <strong>Cosmic Power</strong>!<br></div><div class="battle-history"><small>The opposing Sigilyph's Defense rose!</small><br></div><div class="battle-history"><small>The opposing Sigilyph's Special Defense rose!</small><br></div><div class="spacer battle-history"><br></div><div class="battle-history">Merp used <strong>Moonblast</strong>!<br></div><div class="battle-history"><small>(The opposing Sigilyph lost <abbr title="−67/348">19.3%</abbr> of its health!)</small><br></div><div class="spacer battle-history"><br></div><h2 class="battle-history">Turn 7</h2><div class="spacer battle-history"><br></div><div class="battle-history">The opposing Sigilyph used <strong>Roost</strong>!<br></div><div class="battle-history"><small>The opposing Sigilyph restored its HP.</small><br></div><div class="spacer battle-history"><br></div><div class="battle-history">Merp used <strong>Calm Mind</strong>!<br></div><div class="battle-history"><small>Merp's Special Attack rose!</small><br></div><div class="battle-history"><small>Merp's Special Defense rose!</small><br></div><div class="spacer battle-history"><br></div><h2 class="battle-history">Turn 8</h2><div class="spacer battle-history"><br></div><div class="battle-history">The opposing Sigilyph used <strong>Psycho Shift</strong>!<br></div><div class="battle-history"><small>Merp was burned!</small><br></div><div class="battle-history"><small>The opposing Sigilyph's burn was healed.</small><br></div><div class="spacer battle-history"><br></div><div class="battle-history">Merp used <strong>Moonblast</strong>!<br></div><div class="battle-history"><small>(The opposing Sigilyph lost <abbr title="−90/348">25.9%</abbr> of its health!)</small><br></div><div class="battle-history"><small>The opposing Sigilyph's Special Attack fell!</small><br></div><div class="spacer battle-history"><br></div><div class="battle-history"><small>Merp was hurt by its burn!</small><br></div><div class="battle-history"><small>The opposing Sigilyph was burned!</small><br></div><div class="spacer battle-history"><br></div><h2 class="battle-history">Turn 9</h2><div class="spacer battle-history"><br></div><div class="battle-history">The opposing Sigilyph used <strong>Cosmic Power</strong>!<br></div><div class="battle-history"><small>The opposing Sigilyph's Defense rose!</small><br></div><div class="battle-history"><small>The opposing Sigilyph's Special Defense rose!</small><br></div><div class="spacer battle-history"><br></div><div class="battle-history">Merp used <strong>Heal Bell</strong>!<br></div><div class="battle-history"><small>A bell chimed!</small><br></div><div class="battle-history"><small>Merp's burn was healed.</small><br></div><div class="spacer battle-history"><br></div><div class="battle-history"><small>Merp restored a little HP using its Leftovers!</small><br></div><div class="spacer battle-history"><br></div><h2 class="battle-history">Turn 10</h2><div class="spacer battle-history"><br></div><div class="battle-history">The opposing Sigilyph used <strong>Cosmic Power</strong>!<br></div><div class="battle-history"><small>The opposing Sigilyph's Defense rose!</small><br></div><div class="battle-history"><small>The opposing Sigilyph's Special Defense rose!</small><br></div><div class="spacer battle-history"><br></div><div class="battle-history">Merp used <strong>Calm Mind</strong>!<br></div><div class="battle-history"><small>Merp's Special Attack rose!</small><br></div><div class="battle-history"><small>Merp's Special Defense rose!</small><br></div><div class="spacer battle-history"><br></div><div class="battle-history"><small>Merp restored a little HP using its Leftovers!</small><br></div><div class="spacer battle-history"><br></div><h2 class="battle-history">Turn 11</h2><div class="spacer battle-history"><br></div><div class="battle-history">The opposing Sigilyph used <strong>Stored Power</strong>!<br></div><div class="battle-history"><small>(Merp lost <abbr title="−64/304">21.1%</abbr> of its health!)</small><br></div><div class="spacer battle-history"><br></div><div class="battle-history">Merp used <strong>Calm Mind</strong>!<br></div><div class="battle-history"><small>Merp's Special Attack rose!</small><br></div><div class="battle-history"><small>Merp's Special Defense rose!</small><br></div><div class="spacer battle-history"><br></div><div class="battle-history"><small>Merp restored a little HP using its Leftovers!</small><br></div><div class="spacer battle-history"><br></div><h2 class="battle-history">Turn 12</h2><div class="spacer battle-history"><br></div><div class="battle-history">The opposing Sigilyph used <strong>Psycho Shift</strong>!<br></div><div class="battle-history"><small>Merp was burned!</small><br></div><div class="battle-history"><small>The opposing Sigilyph's burn was healed.</small><br></div><div class="spacer battle-history"><br></div><div class="battle-history">Merp used <strong>Moonblast</strong>!<br></div><div class="battle-history"><small>(The opposing Sigilyph lost <abbr title="−96/348">27.6%</abbr> of its health!)</small><br></div><div class="spacer battle-history"><br></div><div class="battle-history"><small>Merp restored a little HP using its Leftovers!</small><br></div><div class="battle-history"><small>Merp was hurt by its burn!</small><br></div><div class="battle-history"><small>The opposing Sigilyph was burned!</small><br></div><div class="spacer battle-history"><br></div><h2 class="battle-history">Turn 13</h2><div class="chat chatmessage-tetraethylammonium"><strong style="color:hsl(141,83%,35.90616186488401%)"><small>☆</small><span class="username" data-name="tetraethylammonium">tetraethylammonium</span>:</strong> <em>What are we doinh</em></div><div class="spacer battle-history"><br></div><div class="battle-history">The opposing Sigilyph used <strong>Roost</strong>!<br></div><div class="battle-history"><small>The opposing Sigilyph restored its HP.</small><br></div><div class="spacer battle-history"><br></div><div class="battle-history">Merp used <strong>Heal Bell</strong>!<br></div><div class="battle-history"><small>A bell chimed!</small><br></div><div class="battle-history"><small>Merp's burn was healed.</small><br></div><div class="spacer battle-history"><br></div><div class="battle-history"><small>Merp restored a little HP using its Leftovers!</small><br></div><div class="spacer battle-history"><br></div><h2 class="battle-history">Turn 14</h2><div class="chat chatmessage-theoverlord2002"><strong style="color:hsl(99,69%,38.44031785838249%)"><small>☆</small><span class="username" data-name="theoverlord2002">theoverlord2002</span>:</strong> <em>hecced</em></div><div class="spacer battle-history"><br></div><div class="battle-history">The opposing Sigilyph used <strong>Psycho Shift</strong>!<br></div><div class="battle-history"><small>Merp was burned!</small><br></div><div class="battle-history"><small>The opposing Sigilyph's burn was healed.</small><br></div><div class="spacer battle-history"><br></div><div class="battle-history">Merp used <strong>Calm Mind</strong>!<br></div><div class="battle-history"><small>Merp's Special Attack rose!</small><br></div><div class="battle-history"><small>Merp's Special Defense rose!</small><br></div><div class="spacer battle-history"><br></div><div class="battle-history"><small>Merp restored a little HP using its Leftovers!</small><br></div><div class="battle-history"><small>Merp was hurt by its burn!</small><br></div><div class="battle-history"><small>The opposing Sigilyph was burned!</small><br></div><div class="spacer battle-history"><br></div><h2 class="battle-history">Turn 15</h2><div class="chat chatmessage-tetraethylammonium"><strong style="color:hsl(141,83%,35.90616186488401%)"><small>☆</small><span class="username" data-name="tetraethylammonium">tetraethylammonium</span>:</strong> <em>We both stalling one another so badly</em></div><div class="spacer battle-history"><br></div><div class="battle-history">The opposing Sigilyph used <strong>Stored Power</strong>!<br></div><div class="battle-history"><small>(Merp lost <abbr title="−45/304">14.8%</abbr> of its health!)</small><br></div><div class="spacer battle-history"><br></div><div class="battle-history">Merp used <strong>Calm Mind</strong>!<br></div><div class="battle-history"><small>Merp's Special Attack rose!</small><br></div><div class="battle-history"><small>Merp's Special Defense rose!</small><br></div><div class="spacer battle-history"><br></div><div class="battle-history"><small>Merp restored a little HP using its Leftovers!</small><br></div><div class="battle-history"><small>Merp was hurt by its burn!</small><br></div><div class="spacer battle-history"><br></div><h2 class="battle-history">Turn 16</h2><div class="chat chatmessage-tetraethylammonium"><strong style="color:hsl(141,83%,35.90616186488401%)"><small>☆</small><span class="username" data-name="tetraethylammonium">tetraethylammonium</span>:</strong> <em>Merp's stats are like in the thousands I so done</em></div><div class="spacer battle-history"><br></div><div class="battle-history">The opposing Sigilyph used <strong>Stored Power</strong>!<br></div><div class="battle-history"><small>(Merp lost <abbr title="−39/304">12.8%</abbr> of its health!)</small><br></div><div class="spacer battle-history"><br></div><div class="battle-history">Merp used <strong>Heal Bell</strong>!<br></div><div class="battle-history"><small>A bell chimed!</small><br></div><div class="battle-history"><small>Merp's burn was healed.</small><br></div><div class="spacer battle-history"><br></div><div class="battle-history"><small>Merp restored a little HP using its Leftovers!</small><br></div><div class="spacer battle-history"><br></div><h2 class="battle-history">Turn 17</h2><div class="chat chatmessage-theoverlord2002"><strong style="color:hsl(99,69%,38.44031785838249%)"><small>☆</small><span class="username" data-name="theoverlord2002">theoverlord2002</span>:</strong> <em>i'm gonna outstall you</em></div><div class="spacer battle-history"><br></div><div class="battle-history">The opposing Sigilyph used <strong>Psycho Shift</strong>!<br></div><div class="battle-history"><small>Merp was burned!</small><br></div><div class="battle-history"><small>The opposing Sigilyph's burn was healed.</small><br></div><div class="spacer battle-history"><br></div><div class="battle-history">Merp used <strong>Moonblast</strong>!<br></div><div class="battle-history"><small>(The opposing Sigilyph lost <abbr title="−126/348">36.2%</abbr> of its health!)</small><br></div><div class="spacer battle-history"><br></div><div class="battle-history"><small>Merp restored a little HP using its Leftovers!</small><br></div><div class="battle-history"><small>Merp was hurt by its burn!</small><br></div><div class="battle-history"><small>The opposing Sigilyph was burned!</small><br></div><div class="spacer battle-history"><br></div><h2 class="battle-history">Turn 18</h2><div class="spacer battle-history"><br></div><div class="battle-history">The opposing Sigilyph used <strong>Roost</strong>!<br></div><div class="battle-history"><small>The opposing Sigilyph restored its HP.</small><br></div><div class="spacer battle-history"><br></div><div class="battle-history">Merp used <strong>Heal Bell</strong>!<br></div><div class="battle-history"><small>A bell chimed!</small><br></div><div class="battle-history"><small>Merp's burn was healed.</small><br></div><div class="spacer battle-history"><br></div><div class="battle-history"><small>Merp restored a little HP using its Leftovers!</small><br></div><div class="spacer battle-history"><br></div><h2 class="battle-history">Turn 19</h2><div class="chat chatmessage-tetraethylammonium"><strong style="color:hsl(141,83%,35.90616186488401%)"><small>☆</small><span class="username" data-name="tetraethylammonium">tetraethylammonium</span>:</strong> <em>Ok buddy</em></div><div class="spacer battle-history"><br></div><div class="battle-history">The opposing Sigilyph used <strong>Psycho Shift</strong>!<br></div><div class="battle-history"><small>Merp was burned!</small><br></div><div class="battle-history"><small>The opposing Sigilyph's burn was healed.</small><br></div><div class="spacer battle-history"><br></div><div class="battle-history">Merp used <strong>Diamond Storm</strong>!<br></div><div class="battle-history"><small>It's super effective!</small><br></div><div class="battle-history"><small>(The opposing Sigilyph lost <abbr title="−37/348">10.6%</abbr> of its health!)</small><br></div><div class="battle-history"><small>Merp's Defense rose!</small><br></div><div class="spacer battle-history"><br></div><div class="battle-history"><small>Merp restored a little HP using its Leftovers!</small><br></div><div class="battle-history"><small>Merp was hurt by its burn!</small><br></div><div class="battle-history"><small>The opposing Sigilyph was burned!</small><br></div><div class="spacer battle-history"><br></div><h2 class="battle-history">Turn 20</h2><div class="spacer battle-history"><br></div><div class="battle-history">The opposing Sigilyph used <strong>Stored Power</strong>!<br></div><div class="battle-history"><small>(Merp lost <abbr title="−39/304">12.8%</abbr> of its health!)</small><br></div><div class="spacer battle-history"><br></div><div class="battle-history">Merp used <strong>Heal Bell</strong>!<br></div><div class="battle-history"><small>A bell chimed!</small><br></div><div class="battle-history"><small>Merp's burn was healed.</small><br></div><div class="spacer battle-history"><br></div><div class="battle-history"><small>Merp restored a little HP using its Leftovers!</small><br></div><div class="spacer battle-history"><br></div><h2 class="battle-history">Turn 21</h2><div class="spacer battle-history"><br></div><div class="battle-history">The opposing Sigilyph used <strong>Psycho Shift</strong>!<br></div><div class="battle-history"><small>Merp was burned!</small><br></div><div class="battle-history"><small>The opposing Sigilyph's burn was healed.</small><br></div><div class="spacer battle-history"><br></div><div class="battle-history">Merp used <strong>Moonblast</strong>!<br></div><div class="battle-history"><small>(The opposing Sigilyph lost <abbr title="−138/348">39.7%</abbr> of its health!)</small><br></div><div class="spacer battle-history"><br></div><div class="battle-history"><small>Merp restored a little HP using its Leftovers!</small><br></div><div class="battle-history"><small>Merp was hurt by its burn!</small><br></div><div class="battle-history"><small>The opposing Sigilyph was burned!</small><br></div><div class="spacer battle-history"><br></div><h2 class="battle-history">Turn 22</h2><div class="spacer battle-history"><br></div><div class="battle-history">The opposing Sigilyph used <strong>Roost</strong>!<br></div><div class="battle-history"><small>The opposing Sigilyph restored its HP.</small><br></div><div class="spacer battle-history"><br></div><div class="battle-history">Merp used <strong>Moonblast</strong>!<br></div><div class="battle-history"><small>(The opposing Sigilyph lost <abbr title="−132/348">37.9%</abbr> of its health!)</small><br></div><div class="spacer battle-history"><br></div><div class="battle-history"><small>Merp restored a little HP using its Leftovers!</small><br></div><div class="battle-history"><small>Merp was hurt by its burn!</small><br></div><div class="spacer battle-history"><br></div><h2 class="battle-history">Turn 23</h2><div class="spacer battle-history"><br></div><div class="battle-history">Merp, come back!<br></div><div class="battle-history">Go! Derp (<strong>Spiritomb</strong>)!<br></div><div class="spacer battle-history"><br></div><div class="battle-history">The opposing Sigilyph used <strong>Stored Power</strong>!<br></div><div class="battle-history"><small>It doesn't affect Derp...</small><br></div><div class="spacer battle-history"><br></div><h2 class="battle-history">Turn 24</h2><div class="chat chatmessage-tetraethylammonium"><strong style="color:hsl(141,83%,35.90616186488401%)"><small>☆</small><span class="username" data-name="tetraethylammonium">tetraethylammonium</span>:</strong> <em>I CAN'T DO THIS</em></div><div class="spacer battle-history"><br></div><div class="battle-history">The opposing Sigilyph used <strong>Psycho Shift</strong>!<br></div><div class="battle-history"><small>Derp was burned!</small><br></div><div class="battle-history"><small>The opposing Sigilyph's burn was healed.</small><br></div><div class="spacer battle-history"><br></div><div class="battle-history">Derp used <strong>Destiny Bond</strong>!<br></div><div class="battle-history">Derp is hoping to take its attacker down with it!<br></div><div class="spacer battle-history"><br></div><div class="battle-history"><small>Derp was hurt by its burn!</small><br></div><div class="battle-history"><small>The opposing Sigilyph was burned!</small><br></div><div class="spacer battle-history"><br></div><h2 class="battle-history">Turn 25</h2><div class="spacer battle-history"><br></div><div class="battle-history">Derp used <strong>Sucker Punch</strong>!<br></div><div class="battle-history"><small>But it failed!</small><br></div><div class="spacer battle-history"><br></div><div class="battle-history">The opposing Sigilyph used <strong>Roost</strong>!<br></div><div class="battle-history"><small>The opposing Sigilyph restored its HP.</small><br></div><div class="spacer battle-history"><br></div><div class="battle-history"><small>Derp was hurt by its burn!</small><br></div><div class="spacer battle-history"><br></div><h2 class="battle-history">Turn 26</h2><div class="spacer battle-history"><br></div><div class="battle-history">The opposing Sigilyph used <strong>Psycho Shift</strong>!<br></div><div class="battle-history"><small>But it failed!</small><br></div><div class="spacer battle-history"><br></div><div class="battle-history">Derp used <strong>Taunt</strong>!<br></div><div class="battle-history"><small>The opposing Sigilyph fell for the taunt!</small><br></div><div class="spacer battle-history"><br></div><div class="battle-history"><small>Derp was hurt by its burn!</small><br></div><div class="spacer battle-history"><br></div><h2 class="battle-history">Turn 27</h2><div class="spacer battle-history"><br></div><div class="battle-history">Derp, come back!<br></div><div class="battle-history">Go! Merp (<strong>Diancie</strong>)!<br></div><div class="spacer battle-history"><br></div><div class="battle-history">The opposing Sigilyph used <strong>Stored Power</strong>!<br></div><div class="battle-history"><small>(Merp lost <abbr title="−79/304">26.0%</abbr> of its health!)</small><br></div><div class="spacer battle-history"><br></div><div class="battle-history">Merp fainted!<br></div><div class="chat chatmessage-tetraethylammonium"><strong style="color:hsl(141,83%,35.90616186488401%)"><small>☆</small><span class="username" data-name="tetraethylammonium">tetraethylammonium</span>:</strong> <em>woops</em></div><div class="spacer battle-history"><br></div><div class="battle-history">Go! Derp (<strong>Spiritomb</strong>)!<br></div><div class="spacer battle-history"><br></div><h2 class="battle-history">Turn 28</h2><div class="chat chatmessage-theoverlord2002"><strong style="color:hsl(99,69%,38.44031785838249%)"><small>☆</small><span class="username" data-name="theoverlord2002">theoverlord2002</span>:</strong> <em>hohoho</em></div><div class="spacer battle-history"><br></div><div class="battle-history">Derp used <strong>Sucker Punch</strong>!<br></div><div class="battle-history"><small>It's super effective!</small><br></div><div class="battle-history"><small>(The opposing Sigilyph lost <abbr title="−45/348">12.9%</abbr> of its health!)</small><br></div><div class="spacer battle-history"><br></div><div class="battle-history">The opposing Sigilyph used <strong>Stored Power</strong>!<br></div><div class="battle-history"><small>It doesn't affect Derp...</small><br></div><div class="spacer battle-history"><br></div><div class="battle-history"><small>Derp was hurt by its burn!</small><br></div><div class="spacer battle-history"><br></div><h2 class="battle-history">Turn 29</h2><div class="spacer battle-history"><br></div><div class="battle-history">Derp used <strong>Sucker Punch</strong>!<br></div><div class="battle-history"><small>It's super effective!</small><br></div><div class="battle-history"><small>A critical hit!</small><br></div><div class="battle-history"><small>(The opposing Sigilyph lost <abbr title="−265/348">76.1%</abbr> of its health!)</small><br></div><div class="spacer battle-history"><br></div><div class="battle-history">The opposing Sigilyph used <strong>Stored Power</strong>!<br></div><div class="battle-history"><small>It doesn't affect Derp...</small><br></div><div class="spacer battle-history"><br></div><div class="battle-history"><small>Derp was hurt by its burn!</small><br></div><div class="battle-history"><small>The opposing Sigilyph's taunt wore off!</small><br></div><div class="spacer battle-history"><br></div><h2 class="battle-history">Turn 30</h2><div class="chat chatmessage-theoverlord2002"><strong style="color:hsl(99,69%,38.44031785838249%)"><small>☆</small><span class="username" data-name="theoverlord2002">theoverlord2002</span>:</strong> <em>dang criticals</em></div><div class="spacer battle-history"><br></div><div class="battle-history">Derp used <strong>Sucker Punch</strong>!<br></div><div class="battle-history"><small>But it failed!</small><br></div><div class="spacer battle-history"><br></div><div class="battle-history">The opposing Sigilyph used <strong>Roost</strong>!<br></div><div class="battle-history"><small>The opposing Sigilyph restored its HP.</small><br></div><div class="spacer battle-history"><br></div><div class="battle-history"><small>Derp was hurt by its burn!</small><br></div><div class="spacer battle-history"><br></div><h2 class="battle-history">Turn 31</h2><div class="chat chatmessage-tetraethylammonium"><strong style="color:hsl(141,83%,35.90616186488401%)"><small>☆</small><span class="username" data-name="tetraethylammonium">tetraethylammonium</span>:</strong> <em>Lord help me</em></div><div class="spacer battle-history"><br></div><div class="battle-history">Derp used <strong>Sucker Punch</strong>!<br></div><div class="battle-history"><small>But it failed!</small><br></div><div class="spacer battle-history"><br></div><div class="battle-history">The opposing Sigilyph used <strong>Roost</strong>!<br></div><div class="battle-history"><small>The opposing Sigilyph restored its HP.</small><br></div><div class="spacer battle-history"><br></div><div class="battle-history"><small>Derp was hurt by its burn!</small><br></div><div class="spacer battle-history"><br></div><h2 class="battle-history">Turn 32</h2><div class="spacer battle-history"><br></div><div class="battle-history">The opposing Sigilyph used <strong>Psycho Shift</strong>!<br></div><div class="battle-history"><small>But it failed!</small><br></div><div class="spacer battle-history"><br></div><div class="battle-history">Derp used <strong>Destiny Bond</strong>!<br></div><div class="battle-history">Derp is hoping to take its attacker down with it!<br></div><div class="spacer battle-history"><br></div><div class="battle-history"><small>Derp was hurt by its burn!</small><br></div><div class="spacer battle-history"><br></div><h2 class="battle-history">Turn 33</h2><div class="spacer battle-history"><br></div><div class="battle-history">The opposing Sigilyph used <strong>Cosmic Power</strong>!<br></div><div class="battle-history"><small>The opposing Sigilyph's Defense won't go any higher!</small><br></div><div class="battle-history"><small>The opposing Sigilyph's Special Defense won't go any higher!</small><br></div><div class="spacer battle-history"><br></div><div class="battle-history">Derp used <strong>Destiny Bond</strong>!<br></div><div class="battle-history">Derp is hoping to take its attacker down with it!<br></div><div class="spacer battle-history"><br></div><div class="battle-history"><small>Derp was hurt by its burn!</small><br></div><div class="spacer battle-history"><br></div><div class="battle-history">Derp fainted!<br></div><div class="chat chatmessage-theoverlord2002"><strong style="color:hsl(99,69%,38.44031785838249%)"><small>☆</small><span class="username" data-name="theoverlord2002">theoverlord2002</span>:</strong> <em>doesn't work like that lol</em></div><div class="chat chatmessage-tetraethylammonium"><strong style="color:hsl(141,83%,35.90616186488401%)"><small>☆</small><span class="username" data-name="tetraethylammonium">tetraethylammonium</span>:</strong> <em>Oh my god I'm going to die</em></div><div class="spacer battle-history"><br></div><div class="battle-history">Go! Rerp (<strong>Togetic</strong>)!<br></div><div class="spacer battle-history"><br></div><h2 class="battle-history">Turn 34</h2><div class="spacer battle-history"><br></div><div class="battle-history">The opposing Sigilyph used <strong>Stored Power</strong>!<br></div><div class="battle-history"><small>(Rerp lost <abbr title="−141/314">44.9%</abbr> of its health!)</small><br></div><div class="spacer battle-history"><br></div><div class="battle-history">Rerp used <strong>Nasty Plot</strong>!<br></div><div class="battle-history"><small>Rerp's Special Attack rose sharply!</small><br></div><div class="spacer battle-history"><br></div><h2 class="battle-history">Turn 35</h2><div class="chat chatmessage-tetraethylammonium"><strong style="color:hsl(141,83%,35.90616186488401%)"><small>☆</small><span class="username" data-name="tetraethylammonium">tetraethylammonium</span>:</strong> <em>It's not like I can do anything else</em></div><div class="spacer battle-history"><br></div><div class="battle-history">The opposing Sigilyph used <strong>Stored Power</strong>!<br></div><div class="battle-history"><small>(Rerp lost <abbr title="−142/314">45.2%</abbr> of its health!)</small><br></div><div class="spacer battle-history"><br></div><div class="battle-history">Rerp used <strong>Dazzling Gleam</strong>!<br></div><div class="battle-history"><small>(The opposing Sigilyph lost <abbr title="−33/348">9.5%</abbr> of its health!)</small><br></div><div class="spacer battle-history"><br></div><h2 class="battle-history">Turn 36</h2><div class="chat chatmessage-theoverlord2002"><strong style="color:hsl(99,69%,38.44031785838249%)"><small>☆</small><span class="username" data-name="theoverlord2002">theoverlord2002</span>:</strong> <em>lol</em></div><div class="spacer battle-history"><br></div><div class="battle-history">The opposing Sigilyph used <strong>Stored Power</strong>!<br></div><div class="battle-history"><small>(Rerp lost <abbr title="−31/314">9.9%</abbr> of its health!)</small><br></div><div class="spacer battle-history"><br></div><div class="battle-history">Rerp fainted!<br></div><div class="spacer battle-history"><br></div><div class="battle-history">Go! Berp (<strong>Bronzong</strong>)!<br></div><div class="spacer battle-history"><br></div><h2 class="battle-history">Turn 37</h2><div class="spacer battle-history"><br></div><div class="battle-history">The opposing Sigilyph used <strong>Psycho Shift</strong>!<br></div><div class="battle-history"><small>Berp was burned!</small><br></div><div class="battle-history"><small>The opposing Sigilyph's burn was healed.</small><br></div><div class="spacer battle-history"><br></div><div class="battle-history">Berp used <strong>Calm Mind</strong>!<br></div><div class="battle-history"><small>Berp's Special Attack rose!</small><br></div><div class="battle-history"><small>Berp's Special Defense rose!</small><br></div><div class="spacer battle-history"><br></div><div class="battle-history"><small>Berp was hurt by its burn!</small><br></div><div class="battle-history"><small>The opposing Sigilyph was burned!</small><br></div><div class="spacer battle-history"><br></div><h2 class="battle-history">Turn 38</h2><div class="chat chatmessage-theoverlord2002"><strong style="color:hsl(99,69%,38.44031785838249%)"><small>☆</small><span class="username" data-name="theoverlord2002">theoverlord2002</span>:</strong> <em>i can hear your music lol</em></div><div class="spacer battle-history"><br></div><div class="battle-history">The opposing Sigilyph used <strong>Cosmic Power</strong>!<br></div><div class="battle-history"><small>The opposing Sigilyph's Defense won't go any higher!</small><br></div><div class="battle-history"><small>The opposing Sigilyph's Special Defense won't go any higher!</small><br></div><div class="spacer battle-history"><br></div><div class="battle-history">Berp used <strong>Calm Mind</strong>!<br></div><div class="battle-history"><small>Berp's Special Attack rose!</small><br></div><div class="battle-history"><small>Berp's Special Defense rose!</small><br></div><div class="spacer battle-history"><br></div><div class="battle-history"><small>Berp was hurt by its burn!</small><br></div><div class="spacer battle-history"><br></div><h2 class="battle-history">Turn 39</h2><div class="chat chatmessage-tetraethylammonium"><strong style="color:hsl(141,83%,35.90616186488401%)"><small>☆</small><span class="username" data-name="tetraethylammonium">tetraethylammonium</span>:</strong> <em>cool :)</em></div><div class="chat chatmessage-theoverlord2002"><strong style="color:hsl(99,69%,38.44031785838249%)"><small>☆</small><span class="username" data-name="theoverlord2002">theoverlord2002</span>:</strong> <em>why don't you talk on skype</em></div><div class="spacer battle-history"><br></div><div class="battle-history">The opposing Sigilyph used <strong>Cosmic Power</strong>!<br></div><div class="battle-history"><small>The opposing Sigilyph's Defense won't go any higher!</small><br></div><div class="battle-history"><small>The opposing Sigilyph's Special Defense won't go any higher!</small><br></div><div class="spacer battle-history"><br></div><div class="battle-history">Berp used <strong>Calm Mind</strong>!<br></div><div class="battle-history"><small>Berp's Special Attack rose!</small><br></div><div class="battle-history"><small>Berp's Special Defense rose!</small><br></div><div class="spacer battle-history"><br></div><div class="battle-history"><small>Berp was hurt by its burn!</small><br></div><div class="spacer battle-history"><br></div><h2 class="battle-history">Turn 40</h2><div class="spacer battle-history"><br></div><div class="battle-history">The opposing Sigilyph used <strong>Cosmic Power</strong>!<br></div><div class="battle-history"><small>The opposing Sigilyph's Defense won't go any higher!</small><br></div><div class="battle-history"><small>The opposing Sigilyph's Special Defense won't go any higher!</small><br></div><div class="spacer battle-history"><br></div><div class="battle-history">Berp used <strong>Flash Cannon</strong>!<br></div><div class="battle-history"><small>(The opposing Sigilyph lost <abbr title="−61/348">17.5%</abbr> of its health!)</small><br></div><div class="spacer battle-history"><br></div><div class="battle-history"><small>Berp was hurt by its burn!</small><br></div><div class="spacer battle-history"><br></div><h2 class="battle-history">Turn 41</h2><div class="spacer battle-history"><br></div><div class="battle-history">The opposing Sigilyph used <strong>Cosmic Power</strong>!<br></div><div class="battle-history"><small>The opposing Sigilyph's Defense won't go any higher!</small><br></div><div class="battle-history"><small>The opposing Sigilyph's Special Defense won't go any higher!</small><br></div><div class="spacer battle-history"><br></div><div class="battle-history">Berp used <strong>Calm Mind</strong>!<br></div><div class="battle-history"><small>Berp's Special Attack rose!</small><br></div><div class="battle-history"><small>Berp's Special Defense rose!</small><br></div><div class="spacer battle-history"><br></div><div class="battle-history"><small>Berp was hurt by its burn!</small><br></div><div class="spacer battle-history"><br></div><h2 class="battle-history">Turn 42</h2><div class="spacer battle-history"><br></div><div class="battle-history">The opposing Sigilyph used <strong>Cosmic Power</strong>!<br></div><div class="battle-history"><small>The opposing Sigilyph's Defense won't go any higher!</small><br></div><div class="battle-history"><small>The opposing Sigilyph's Special Defense won't go any higher!</small><br></div><div class="spacer battle-history"><br></div><div class="battle-history">Berp used <strong>Flash Cannon</strong>!<br></div><div class="battle-history"><small>(The opposing Sigilyph lost <abbr title="−66/348">19.0%</abbr> of its health!)</small><br></div><div class="spacer battle-history"><br></div><div class="battle-history"><small>Berp was hurt by its burn!</small><br></div><div class="spacer battle-history"><br></div><h2 class="battle-history">Turn 43</h2><div class="spacer battle-history"><br></div><div class="battle-history">The opposing Sigilyph used <strong>Cosmic Power</strong>!<br></div><div class="battle-history"><small>The opposing Sigilyph's Defense won't go any higher!</small><br></div><div class="battle-history"><small>The opposing Sigilyph's Special Defense won't go any higher!</small><br></div><div class="spacer battle-history"><br></div><div class="battle-history">Berp used <strong>Calm Mind</strong>!<br></div><div class="battle-history"><small>Berp's Special Attack rose!</small><br></div><div class="battle-history"><small>Berp's Special Defense rose!</small><br></div><div class="spacer battle-history"><br></div><div class="battle-history"><small>Berp was hurt by its burn!</small><br></div><div class="spacer battle-history"><br></div><h2 class="battle-history">Turn 44</h2><div class="spacer battle-history"><br></div><div class="battle-history">The opposing Sigilyph used <strong>Roost</strong>!<br></div><div class="battle-history"><small>The opposing Sigilyph restored its HP.</small><br></div><div class="spacer battle-history"><br></div><div class="battle-history">Berp used <strong>Stealth Rock</strong>!<br></div><div class="battle-history"><small>Pointed stones float in the air around the opposing team!</small><br></div><div class="spacer battle-history"><br></div><div class="battle-history"><small>Berp was hurt by its burn!</small><br></div><div class="spacer battle-history"><br></div><h2 class="battle-history">Turn 45</h2><div class="spacer battle-history"><br></div><div class="battle-history">The opposing Sigilyph used <strong>Cosmic Power</strong>!<br></div><div class="battle-history"><small>The opposing Sigilyph's Defense won't go any higher!</small><br></div><div class="battle-history"><small>The opposing Sigilyph's Special Defense won't go any higher!</small><br></div><div class="spacer battle-history"><br></div><div class="battle-history">Berp used <strong>Flash Cannon</strong>!<br></div><div class="battle-history"><small>(The opposing Sigilyph lost <abbr title="−82/348">23.6%</abbr> of its health!)</small><br></div><div class="spacer battle-history"><br></div><div class="battle-history"><small>Berp was hurt by its burn!</small><br></div><div class="spacer battle-history"><br></div><div class="battle-history">Berp fainted!<br></div><div class="spacer battle-history"><br></div><div class="battle-history">Go! Kerp (<strong>Flygon</strong>)!<br></div><div class="spacer battle-history"><br></div><h2 class="battle-history">Turn 46</h2><div class="spacer battle-history"><br></div><div class="battle-history">Kerp used <strong>U-turn</strong>!<br></div><div class="battle-history"><small>(The opposing Sigilyph lost <abbr title="−35/348">10.1%</abbr> of its health!)</small><br></div><div class="spacer battle-history"><br></div><div class="battle-history">Kerp went back to tetraethylammonium!<br></div><div class="battle-history">Go! Werp (<strong>Glalie</strong>)!<br></div><div class="spacer battle-history"><br></div><div class="battle-history">The opposing Sigilyph used <strong>Psycho Shift</strong>!<br></div><div class="battle-history"><small>Werp was burned!</small><br></div><div class="battle-history"><small>The opposing Sigilyph's burn was healed.</small><br></div><div class="spacer battle-history"><br></div><div class="battle-history"><small>Werp was hurt by its burn!</small><br></div><div class="battle-history"><small>The opposing Sigilyph was burned!</small><br></div><div class="spacer battle-history"><br></div><h2 class="battle-history">Turn 47</h2><div class="spacer battle-history"><br></div><div class="battle-history"><small>Werp's Glalitite is reacting to tetraethylammonium's Mega Bracelet!</small><br>Werp has Mega Evolved into Mega Glalie!<br></div><div class="spacer battle-history"><br></div><div class="battle-history">Werp used <strong>Freeze-Dry</strong>!<br></div><div class="battle-history"><small>It's super effective!</small><br></div><div class="battle-history"><small>(The opposing Sigilyph lost <abbr title="−44/348">12.6%</abbr> of its health!)</small><br></div><div class="spacer battle-history"><br></div><div class="battle-history">The opposing Sigilyph used <strong>Stored Power</strong>!<br></div><div class="battle-history"><small>(Werp lost <abbr title="−247/301">82.1%</abbr> of its health!)</small><br></div><div class="spacer battle-history"><br></div><div class="battle-history"><small>Werp was hurt by its burn!</small><br></div><div class="spacer battle-history"><br></div><div class="battle-history">Werp fainted!<br></div><div class="spacer battle-history"><br></div><div class="battle-history">Go! Kerp (<strong>Flygon</strong>)!<br></div><div class="spacer battle-history"><br></div><h2 class="battle-history">Turn 48</h2><div class="spacer battle-history"><br></div><div class="battle-history">Kerp used <strong>Outrage</strong>!<br></div><div class="battle-history"><small>(The opposing Sigilyph lost <abbr title="−76/348">21.8%</abbr> of its health!)</small><br></div><div class="spacer battle-history"><br></div><div class="battle-history">The opposing Sigilyph used <strong>Stored Power</strong>!<br></div><div class="battle-history"><small>(Kerp lost <abbr title="−237/301">78.7%</abbr> of its health!)</small><br></div><div class="spacer battle-history"><br></div><h2 class="battle-history">Turn 49</h2><div class="spacer battle-history"><br></div><div class="battle-history">Kerp used <strong>Outrage</strong>!<br></div><div class="battle-history"><small>(The opposing Sigilyph lost <abbr title="−81/348">23.3%</abbr> of its health!)</small><br></div><div class="spacer battle-history"><br></div><div class="battle-history">The opposing Sigilyph used <strong>Stored Power</strong>!<br></div><div class="battle-history"><small>(Kerp lost <abbr title="−64/301">21.3%</abbr> of its health!)</small><br></div><div class="spacer battle-history"><br></div><div class="battle-history">Kerp fainted!<br></div><div class="spacer battle-history"><br></div><div class="battle-history"><strong>theoverlord2002</strong> won the battle!<br></div></div><div class="inner-preempt"></div></div></div>
</div>
<script>
let daily = Math.floor(Date.now()/1000/60/60/24);document.write('<script src="https://play.pokemonshowdown.com/js/replay-embed.js?version'+daily+'"></'+'script>');
</script>
