<!DOCTYPE html>
<meta charset="utf-8" />
<!-- version 1 -->
<title>RU replay: MiaouMix vs. Angafavi</title>
<style>
html,body {font-family:Verdana, sans-serif;font-size:10pt;margin:0;padding:0;}body{padding:12px 0;} .battle-log {font-family:Verdana, sans-serif;font-size:10pt;} .battle-log-inline {border:1px solid #AAAAAA;background:#EEF2F5;color:black;max-width:640px;margin:0 auto 80px;padding-bottom:5px;} .battle-log .inner {padding:4px 8px 0px 8px;} .battle-log .inner-preempt {padding:0 8px 4px 8px;} .battle-log .inner-after {margin-top:0.5em;} .battle-log h2 {margin:0.5em -8px;padding:4px 8px;border:1px solid #AAAAAA;background:#E0E7EA;border-left:0;border-right:0;font-family:Verdana, sans-serif;font-size:13pt;} .battle-log .chat {vertical-align:middle;padding:3px 0 3px 0;font-size:8pt;} .battle-log .chat strong {color:#40576A;} .battle-log .chat em {padding:1px 4px 1px 3px;color:#000000;font-style:normal;} .chat.mine {background:rgba(0,0,0,0.05);margin-left:-8px;margin-right:-8px;padding-left:8px;padding-right:8px;} .spoiler {color:#BBBBBB;background:#BBBBBB;padding:0px 3px;} .spoiler:hover, .spoiler:active, .spoiler-shown {color:#000000;background:#E2E2E2;padding:0px 3px;} .spoiler a {color:#BBBBBB;} .spoiler:hover a, .spoiler:active a, .spoiler-shown a {color:#2288CC;} .chat code, .chat .spoiler:hover code, .chat .spoiler:active code, .chat .spoiler-shown code {border:1px solid #C0C0C0;background:#EEEEEE;color:black;padding:0 2px;} .chat .spoiler code {border:1px solid #CCCCCC;background:#CCCCCC;color:#CCCCCC;} .battle-log .rated {padding:3px 4px;} .battle-log .rated strong {color:white;background:#89A;padding:1px 4px;border-radius:4px;} .spacer {margin-top:0.5em;} .message-announce {background:#6688AA;color:white;padding:1px 4px 2px;} .message-announce a, .broadcast-green a, .broadcast-blue a, .broadcast-red a {color:#DDEEFF;} .broadcast-green {background-color:#559955;color:white;padding:2px 4px;} .broadcast-blue {background-color:#6688AA;color:white;padding:2px 4px;} .infobox {border:1px solid #6688AA;padding:2px 4px;} .infobox-limited {max-height:200px;overflow:auto;overflow-x:hidden;} .broadcast-red {background-color:#AA5544;color:white;padding:2px 4px;} .message-learn-canlearn {font-weight:bold;color:#228822;text-decoration:underline;} .message-learn-cannotlearn {font-weight:bold;color:#CC2222;text-decoration:underline;} .message-effect-weak {font-weight:bold;color:#CC2222;} .message-effect-resist {font-weight:bold;color:#6688AA;} .message-effect-immune {font-weight:bold;color:#666666;} .message-learn-list {margin-top:0;margin-bottom:0;} .message-throttle-notice, .message-error {color:#992222;} .message-overflow, .chat small.message-overflow {font-size:0pt;} .message-overflow::before {font-size:9pt;content:'...';} .subtle {color:#3A4A66;}
</style>
<div class="wrapper replay-wrapper" style="max-width:1180px;margin:0 auto">
<input type="hidden" name="replayid" value="pokestrat-ru-1005" />
<div class="battle"></div><div class="battle-log"></div><div class="replay-controls"></div><div class="replay-controls-2"></div>
<h1 style="font-weight:normal;text-align:center"><strong>RU</strong><br /><a href="http://pokemonshowdown.com/users/miaoumix" class="subtle" target="_blank">MiaouMix</a> vs. <a href="http://pokemonshowdown.com/users/angafavi" class="subtle" target="_blank">Angafavi</a></h1>
<script type="text/plain" class="battle-log-data">|j|MiaouMix
|j|Angafavi
|player|p1|MiaouMix|266
|player|p2|Angafavi|99
|gametype|singles
|gen|6
|tier|RU
|seed|40045,31686,20201,63856
|rule|Sleep Clause Mod: Limit one foe put to sleep
|rule|Species Clause: Limit one of each Pokémon
|rule|OHKO Clause: OHKO moves are banned
|rule|Moody Clause: Moody is banned
|rule|Evasion Moves Clause: Evasion moves are banned
|rule|Endless Battle Clause: Forcing endless battles is banned
|rule|HP Percentage Mod: HP is shown in percentages
|clearpoke
|poke|p1|Golbat, M|item
|poke|p1|Bronzong|item
|poke|p1|Blastoise, F|item
|poke|p1|Delphox, F|item
|poke|p1|Virizion|item
|poke|p1|Audino, F|item
|poke|p2|Flygon, F, shiny|item
|poke|p2|Blastoise, F|item
|poke|p2|Camerupt, M, shiny|item
|poke|p2|Sigilyph, F|item
|poke|p2|Hitmonlee, M|item
|poke|p2|Rotom|item
|rule|Swagger Clause: Swagger is banned
|rule|Baton Pass Clause: Limit one Baton Passer, can't pass Spe and other stats simultaneously
|teampreview
|c|☆Angafavi|gl
|c|☆MiaouMix|Have fun 
|choice|team 3, team 2, team 1, team 4, team 5, team 6|team 4, team 2, team 3, team 1, team 5, team 6
|
|start
|switch|p1a: Blastoise|Blastoise, F|362\/362
|switch|p2a: Géoglyphe|Sigilyph, F|286\/286
|turn|1
|choice|move darkpulse|move energyball
|
|move|p2a: Géoglyphe|Energy Ball|p1a: Blastoise
|-supereffective|p1a: Blastoise
|-damage|p1a: Blastoise|123\/362
|move|p1a: Blastoise|Dark Pulse|p2a: Géoglyphe
|-supereffective|p2a: Géoglyphe
|-damage|p2a: Géoglyphe|156\/286
|
|-heal|p1a: Blastoise|145\/362|[from] item: Leftovers
|upkeep
|turn|2
|choice|switch 4|move energyball
|
|switch|p1a: Delphox|Delphox, F|292\/292
|move|p2a: Géoglyphe|Energy Ball|p1a: Delphox
|-resisted|p1a: Delphox
|-damage|p1a: Delphox|230\/292
|
|upkeep
|turn|3
|choice|move calmmind|move roost
|
|move|p1a: Delphox|Calm Mind|p1a: Delphox
|-boost|p1a: Delphox|spa|1
|-boost|p1a: Delphox|spd|1
|move|p2a: Géoglyphe|Roost|p2a: Géoglyphe
|-heal|p2a: Géoglyphe|286\/286
|
|upkeep
|turn|4
|choice|move calmmind|switch 3
|
|switch|p2a: Etna|Camerupt, M, shiny|323\/323
|move|p1a: Delphox|Calm Mind|p1a: Delphox
|-boost|p1a: Delphox|spa|1
|-boost|p1a: Delphox|spd|1
|
|upkeep
|turn|5
|choice|move psychic|move stealthrock mega
|
|detailschange|p2a: Etna|Camerupt-Mega, M, shiny
|-mega|p2a: Etna|Camerupt|Cameruptite
|move|p1a: Delphox|Psychic|p2a: Etna
|-damage|p2a: Etna|0 fnt
|-damage|p1a: Delphox|201\/292|[from] item: Life Orb
|faint|p2a: Etna
|
|upkeep
|choice||switch 2
|
|switch|p2a: Tortoise|Blastoise, F|362\/362
|turn|6
|choice|move grassknot|move toxic
|
|move|p1a: Delphox|Grass Knot|p2a: Tortoise
|-supereffective|p2a: Tortoise
|-damage|p2a: Tortoise|0 fnt
|-damage|p1a: Delphox|172\/292|[from] item: Life Orb
|faint|p2a: Tortoise
|
|upkeep
|choice||switch 4
|
|switch|p2a: Odonate|Flygon, F, shiny|301\/301
|turn|7
|choice|move psychic|move earthquake
|
|move|p1a: Delphox|Psychic|p2a: Odonate
|-damage|p2a: Odonate|0 fnt
|-damage|p1a: Delphox|143\/292|[from] item: Life Orb
|faint|p2a: Odonate
|
|upkeep
|c|☆Angafavi|gg
|choice||switch 6
|
|switch|p2a: Plazma|Rotom|303\/303
|turn|8
|choice|move fireblast|move hex
|
|move|p1a: Delphox|Fire Blast|p2a: Plazma
|-damage|p2a: Plazma|0 fnt
|-damage|p1a: Delphox|114\/292|[from] item: Life Orb
|faint|p2a: Plazma
|
|upkeep
|c|☆MiaouMix|Gg
|-message|Angafavi forfeited.
|
|win|MiaouMix</script>
</div>
<div class="battle-log battle-log-inline"><div class="inner"><div class="battle-options"></div><div class="inner"><div class="chat"><small>MiaouMix joined.</small></div><div class="chat"><small>Angafavi joined.</small></div><div class=""><small>Format:</small> <br><strong>RU</strong></div><div class=""><small><em>Sleep Clause Mod:</em> Limit one foe put to sleep</small></div><div class=""><small><em>Species Clause:</em> Limit one of each Pokémon</small></div><div class=""><small><em>OHKO Clause:</em> OHKO moves are banned</small></div><div class=""><small><em>Moody Clause:</em> Moody is banned</small></div><div class=""><small><em>Evasion Moves Clause:</em> Evasion moves are banned</small></div><div class=""><small><em>Endless Battle Clause:</em> Forcing endless battles is banned</small></div><div class=""><small><em>HP Percentage Mod:</em> HP is shown in percentages</small></div><div class=""><small><em>Swagger Clause:</em> Swagger is banned</small></div><div class=""><small><em>Baton Pass Clause:</em> Limit one Baton Passer, can't pass Spe and other stats simultaneously</small></div><div class="chat battle-history"><strong>MiaouMix's team:</strong> <em style="color:#445566;display:block;">Golbat / Bronzong / Blastoise / Delphox / Virizion / Audino</em></div><div class="chat battle-history"><strong>Angafavi's team:</strong> <em style="color:#445566;display:block;">Flygon / Blastoise / Camerupt / Sigilyph / Hitmonlee / Rotom</em></div><div class="chat chatmessage-angafavi"><strong style="color:hsl(179,61%,44.3288174571645%)"><small>☆</small><span class="username" data-name="Angafavi">Angafavi</span>:</strong> <em>gl</em></div><div class="chat chatmessage-miaoumix"><strong style="color:hsl(287,52%,52.29969108139592%)"><small>☆</small><span class="username" data-name="MiaouMix">MiaouMix</span>:</strong> <em>Have fun </em></div><div class="spacer battle-history"><br></div><div class="battle-history">Battle started between MiaouMix and Angafavi!<br></div><div class="spacer battle-history"><br></div><div class="battle-history">Go! <strong>Blastoise</strong>!<br></div><div class="spacer battle-history"><br></div><div class="battle-history">Angafavi sent out Géoglyphe (<strong>Sigilyph</strong>)!<br></div><div class="spacer battle-history"><br></div><h2 class="battle-history">Turn 1</h2><div class="spacer battle-history"><br></div><div class="battle-history">The opposing Géoglyphe used <strong>Energy Ball</strong>!<br></div><div class="battle-history"><small>It's super effective!</small><br></div><div class="battle-history"><small>(Blastoise lost <abbr title="−239/362">66.0%</abbr> of its health!)</small><br></div><div class="spacer battle-history"><br></div><div class="battle-history">Blastoise used <strong>Dark Pulse</strong>!<br></div><div class="battle-history"><small>It's super effective!</small><br></div><div class="battle-history"><small>(The opposing Géoglyphe lost <abbr title="−130/286">45.5%</abbr> of its health!)</small><br></div><div class="spacer battle-history"><br></div><div class="battle-history"><small>Blastoise restored a little HP using its Leftovers!</small><br></div><div class="spacer battle-history"><br></div><h2 class="battle-history">Turn 2</h2><div class="spacer battle-history"><br></div><div class="battle-history">Blastoise, come back!<br></div><div class="battle-history">Go! <strong>Delphox</strong>!<br></div><div class="spacer battle-history"><br></div><div class="battle-history">The opposing Géoglyphe used <strong>Energy Ball</strong>!<br></div><div class="battle-history"><small>It's not very effective...</small><br></div><div class="battle-history"><small>(Delphox lost <abbr title="−62/292">21.2%</abbr> of its health!)</small><br></div><div class="spacer battle-history"><br></div><h2 class="battle-history">Turn 3</h2><div class="spacer battle-history"><br></div><div class="battle-history">Delphox used <strong>Calm Mind</strong>!<br></div><div class="battle-history"><small>Delphox's Special Attack rose!</small><br></div><div class="battle-history"><small>Delphox's Special Defense rose!</small><br></div><div class="spacer battle-history"><br></div><div class="battle-history">The opposing Géoglyphe used <strong>Roost</strong>!<br></div><div class="battle-history"><small>The opposing Géoglyphe restored its HP.</small><br></div><div class="spacer battle-history"><br></div><h2 class="battle-history">Turn 4</h2><div class="spacer battle-history"><br></div><div class="battle-history">Angafavi withdrew Géoglyphe!<br></div><div class="battle-history">Angafavi sent out Etna (<strong>Camerupt</strong>)!<br></div><div class="spacer battle-history"><br></div><div class="battle-history">Delphox used <strong>Calm Mind</strong>!<br></div><div class="battle-history"><small>Delphox's Special Attack rose!</small><br></div><div class="battle-history"><small>Delphox's Special Defense rose!</small><br></div><div class="spacer battle-history"><br></div><h2 class="battle-history">Turn 5</h2><div class="spacer battle-history"><br></div><div class="battle-history"><small>The opposing Etna's Cameruptite is reacting to Angafavi's Mega Bracelet!</small><br>The opposing Etna has Mega Evolved into Mega Camerupt!<br></div><div class="spacer battle-history"><br></div><div class="battle-history">Delphox used <strong>Psychic</strong>!<br></div><div class="battle-history"><small>(The opposing Etna lost <abbr title="−323/323">100%</abbr> of its health!)</small><br></div><div class="battle-history"><small>Delphox lost some of its HP!</small><br></div><div class="spacer battle-history"><br></div><div class="battle-history">The opposing Etna fainted!<br></div><div class="spacer battle-history"><br></div><div class="battle-history">Angafavi sent out Tortoise (<strong>Blastoise</strong>)!<br></div><div class="spacer battle-history"><br></div><h2 class="battle-history">Turn 6</h2><div class="spacer battle-history"><br></div><div class="battle-history">Delphox used <strong>Grass Knot</strong>!<br></div><div class="battle-history"><small>It's super effective!</small><br></div><div class="battle-history"><small>(The opposing Tortoise lost <abbr title="−362/362">100%</abbr> of its health!)</small><br></div><div class="battle-history"><small>Delphox lost some of its HP!</small><br></div><div class="spacer battle-history"><br></div><div class="battle-history">The opposing Tortoise fainted!<br></div><div class="spacer battle-history"><br></div><div class="battle-history">Angafavi sent out Odonate (<strong>Flygon</strong>)!<br></div><div class="spacer battle-history"><br></div><h2 class="battle-history">Turn 7</h2><div class="spacer battle-history"><br></div><div class="battle-history">Delphox used <strong>Psychic</strong>!<br></div><div class="battle-history"><small>(The opposing Odonate lost <abbr title="−301/301">100%</abbr> of its health!)</small><br></div><div class="battle-history"><small>Delphox lost some of its HP!</small><br></div><div class="spacer battle-history"><br></div><div class="battle-history">The opposing Odonate fainted!<br></div><div class="chat chatmessage-angafavi"><strong style="color:hsl(179,61%,44.3288174571645%)"><small>☆</small><span class="username" data-name="Angafavi">Angafavi</span>:</strong> <em>gg</em></div><div class="spacer battle-history"><br></div><div class="battle-history">Angafavi sent out Plazma (<strong>Rotom</strong>)!<br></div><div class="spacer battle-history"><br></div><h2 class="battle-history">Turn 8</h2><div class="spacer battle-history"><br></div><div class="battle-history">Delphox used <strong>Fire Blast</strong>!<br></div><div class="battle-history"><small>(The opposing Plazma lost <abbr title="−303/303">100%</abbr> of its health!)</small><br></div><div class="battle-history"><small>Delphox lost some of its HP!</small><br></div><div class="spacer battle-history"><br></div><div class="battle-history">The opposing Plazma fainted!<br></div><div class="chat chatmessage-miaoumix"><strong style="color:hsl(287,52%,52.29969108139592%)"><small>☆</small><span class="username" data-name="MiaouMix">MiaouMix</span>:</strong> <em>Gg</em></div><div class="spacer battle-history"><br></div><div class="battle-history"><small>Angafavi forfeited.</small><br></div><div class="spacer battle-history"><br></div><div class="battle-history"><strong>MiaouMix</strong> won the battle!<br></div></div><div class="inner-preempt"></div></div></div>
</div>
<script>
let daily = Math.floor(Date.now()/1000/60/60/24);document.write('<script src="https://play.pokemonshowdown.com/js/replay-embed.js?version'+daily+'"></'+'script>');
</script>
