<!DOCTYPE html>
<meta charset="utf-8" />
<!-- version 1 -->
<title>RU replay: panda albino vs. Keilax</title>
<style>
html,body {font-family:Verdana, sans-serif;font-size:10pt;margin:0;padding:0;}body{padding:12px 0;} .battle-log {font-family:Verdana, sans-serif;font-size:10pt;} .battle-log-inline {border:1px solid #AAAAAA;background:#EEF2F5;color:black;max-width:640px;margin:0 auto 80px;padding-bottom:5px;} .battle-log .inner {padding:4px 8px 0px 8px;} .battle-log .inner-preempt {padding:0 8px 4px 8px;} .battle-log .inner-after {margin-top:0.5em;} .battle-log h2 {margin:0.5em -8px;padding:4px 8px;border:1px solid #AAAAAA;background:#E0E7EA;border-left:0;border-right:0;font-family:Verdana, sans-serif;font-size:13pt;} .battle-log .chat {vertical-align:middle;padding:3px 0 3px 0;font-size:8pt;} .battle-log .chat strong {color:#40576A;} .battle-log .chat em {padding:1px 4px 1px 3px;color:#000000;font-style:normal;} .chat.mine {background:rgba(0,0,0,0.05);margin-left:-8px;margin-right:-8px;padding-left:8px;padding-right:8px;} .spoiler {color:#BBBBBB;background:#BBBBBB;padding:0px 3px;} .spoiler:hover, .spoiler:active, .spoiler-shown {color:#000000;background:#E2E2E2;padding:0px 3px;} .spoiler a {color:#BBBBBB;} .spoiler:hover a, .spoiler:active a, .spoiler-shown a {color:#2288CC;} .chat code, .chat .spoiler:hover code, .chat .spoiler:active code, .chat .spoiler-shown code {border:1px solid #C0C0C0;background:#EEEEEE;color:black;padding:0 2px;} .chat .spoiler code {border:1px solid #CCCCCC;background:#CCCCCC;color:#CCCCCC;} .battle-log .rated {padding:3px 4px;} .battle-log .rated strong {color:white;background:#89A;padding:1px 4px;border-radius:4px;} .spacer {margin-top:0.5em;} .message-announce {background:#6688AA;color:white;padding:1px 4px 2px;} .message-announce a, .broadcast-green a, .broadcast-blue a, .broadcast-red a {color:#DDEEFF;} .broadcast-green {background-color:#559955;color:white;padding:2px 4px;} .broadcast-blue {background-color:#6688AA;color:white;padding:2px 4px;} .infobox {border:1px solid #6688AA;padding:2px 4px;} .infobox-limited {max-height:200px;overflow:auto;overflow-x:hidden;} .broadcast-red {background-color:#AA5544;color:white;padding:2px 4px;} .message-learn-canlearn {font-weight:bold;color:#228822;text-decoration:underline;} .message-learn-cannotlearn {font-weight:bold;color:#CC2222;text-decoration:underline;} .message-effect-weak {font-weight:bold;color:#CC2222;} .message-effect-resist {font-weight:bold;color:#6688AA;} .message-effect-immune {font-weight:bold;color:#666666;} .message-learn-list {margin-top:0;margin-bottom:0;} .message-throttle-notice, .message-error {color:#992222;} .message-overflow, .chat small.message-overflow {font-size:0pt;} .message-overflow::before {font-size:9pt;content:'...';} .subtle {color:#3A4A66;}
</style>
<div class="wrapper replay-wrapper" style="max-width:1180px;margin:0 auto">
<input type="hidden" name="replayid" value="ru-509429749" />
<div class="battle"></div><div class="battle-log"></div><div class="replay-controls"></div><div class="replay-controls-2"></div>
<h1 style="font-weight:normal;text-align:center"><strong>RU</strong><br /><a href="http://pokemonshowdown.com/users/pandaalbino" class="subtle" target="_blank">panda albino</a> vs. <a href="http://pokemonshowdown.com/users/keilax" class="subtle" target="_blank">Keilax</a></h1>
<script type="text/plain" class="battle-log-data">|j|panda albino
|j|Keilax
|player|p1|panda albino|29
|player|p2|Keilax|169
|gametype|singles
|gen|6
|tier|RU
|rated
|seed|8420,40416,21165,3296
|rule|Sleep Clause Mod: Limit one foe put to sleep
|rule|Species Clause: Limit one of each Pokémon
|rule|OHKO Clause: OHKO moves are banned
|rule|Moody Clause: Moody is banned
|rule|Evasion Moves Clause: Evasion moves are banned
|rule|Endless Battle Clause: Forcing endless battles is banned
|rule|HP Percentage Mod: HP is shown in percentages
|clearpoke
|poke|p1|Granbull, M|item
|poke|p1|Hitmonlee, M|item
|poke|p1|Wobbuffet, M|item
|poke|p1|Ambipom, M|item
|poke|p1|Scrafty, M|item
|poke|p1|Haunter, M, shiny|item
|poke|p2|Gallade, M|item
|poke|p2|Ampharos, M|item
|poke|p2|Unfezant, M|item
|poke|p2|Venusaur, M|item
|poke|p2|Blastoise, M|item
|poke|p2|Medicham, F|item
|rule|Swagger Clause: Swagger is banned
|rule|Baton Pass Clause: Limit one Baton Passer, can't pass Spe and other stats simultaneously
|teampreview
|c|★Keilax|Good luck. Play well.
|choice|team 6, team 2, team 3, team 4, team 5, team 1|team 4, team 2, team 3, team 1, team 5, team 6
|
|start
|switch|p1a: Haunter|Haunter, M, shiny|231\/231
|switch|p2a: Bulbas V|Venusaur, M|364\/364
|turn|1
|c|★panda albino|thanks
|choice|move hypnosis|move earthquake
|
|move|p1a: Haunter|Hypnosis|p2a: Bulbas V|[miss]
|-miss|p1a: Haunter|p2a: Bulbas V
|move|p2a: Bulbas V|Earthquake|p1a: Haunter
|-immune|p1a: Haunter|[msg]|[from] ability: Levitate
|
|upkeep
|turn|2
|choice|move hypnosis|move gigadrain
|
|move|p1a: Haunter|Hypnosis|p2a: Bulbas V
|-status|p2a: Bulbas V|slp
|cant|p2a: Bulbas V|slp
|
|upkeep
|turn|3
|choice|move dreameater|move gigadrain
|
|move|p1a: Haunter|Dream Eater|p2a: Bulbas V
|-supereffective|p2a: Bulbas V
|-damage|p2a: Bulbas V|108\/364 slp
|cant|p2a: Bulbas V|slp
|
|upkeep
|turn|4
|choice|move shadowball|move gigadrain
|
|move|p1a: Haunter|Shadow Ball|p2a: Bulbas V
|-damage|p2a: Bulbas V|0 fnt
|faint|p2a: Bulbas V
|
|upkeep
|choice||switch 3
|
|switch|p2a: Nimbus|Unfezant, M|363\/363
|turn|5
|choice|move hypnosis|move nightslash
|
|move|p1a: Haunter|Hypnosis|p2a: Nimbus|[miss]
|-miss|p1a: Haunter|p2a: Nimbus
|move|p2a: Nimbus|Night Slash|p1a: Haunter
|-supereffective|p1a: Haunter
|-damage|p1a: Haunter|0 fnt
|faint|p1a: Haunter
|
|upkeep
|choice|switch 3|
|
|switch|p1a: Wobbuffet|Wobbuffet, M|584\/584
|turn|6
|choice|move counter|move uturn
|
|move|p2a: Nimbus|U-turn|p1a: Wobbuffet
|-supereffective|p1a: Wobbuffet
|-damage|p1a: Wobbuffet|426\/584
|-damage|p2a: Nimbus|303\/363|[from] item: Rocky Helmet|[of] p1a: Wobbuffet
|choice||switch 5
|
|switch|p2a: Shellby|Blastoise, M|361\/361
|move|p1a: Wobbuffet|Counter|p2a: Shellby
|-damage|p2a: Shellby|45\/361
|-damage|p1a: Wobbuffet|329\/584|[from] item: Rocky Helmet|[of] p2a: Shellby
|
|upkeep
|turn|7
|choice|move counter|move hydropump
|
|move|p2a: Shellby|Hydro Pump|p1a: Wobbuffet
|-damage|p1a: Wobbuffet|0 fnt
|faint|p1a: Wobbuffet
|
|upkeep
|choice|switch 4|
|
|switch|p1a: Ambipom|Ambipom, M|291\/291
|turn|8
|choice|move fakeout|move scald
|
|move|p1a: Ambipom|Fake Out|p2a: Shellby
|-damage|p2a: Shellby|0 fnt
|-damage|p1a: Ambipom|243\/291|[from] item: Rocky Helmet|[of] p2a: Shellby
|-damage|p1a: Ambipom|214\/291|[from] item: Life Orb
|faint|p2a: Shellby
|
|upkeep
|choice||switch 2
|
|switch|p2a: Ampharos III|Ampharos, M|383\/383
|turn|9
|choice|move furyswipes|move thunderbolt
|
|move|p1a: Ambipom|Fury Swipes|p2a: Ampharos III
|-damage|p2a: Ampharos III|347\/383
|-damage|p2a: Ampharos III|311\/383
|-damage|p2a: Ampharos III|272\/383
|-status|p1a: Ambipom|par|[from] ability: Static|[of] p2a: Ampharos III
|-damage|p2a: Ampharos III|237\/383
|-damage|p2a: Ampharos III|201\/383
|-hitcount|p2a: Ampharos III|5
|-damage|p1a: Ambipom|185\/291 par|[from] item: Life Orb
|move|p2a: Ampharos III|Thunderbolt|p1a: Ambipom
|-damage|p1a: Ambipom|0 fnt
|faint|p1a: Ambipom
|
|upkeep
|choice|switch 2|
|
|switch|p1a: Hitmonlee|Hitmonlee, M|241\/241
|turn|10
|choice|move highjumpkick|move thunderbolt
|
|move|p1a: Hitmonlee|High Jump Kick|p2a: Ampharos III|[miss]
|-miss|p1a: Hitmonlee|p2a: Ampharos III
|-damage|p1a: Hitmonlee|121\/241|[from] highjumpkick
|move|p2a: Ampharos III|Thunderbolt|p1a: Hitmonlee
|-damage|p1a: Hitmonlee|0 fnt
|faint|p1a: Hitmonlee
|
|upkeep
|choice|switch 6|
|
|switch|p1a: Granbull|Granbull, M|321\/321
|turn|11
|choice|move earthquake|move thunder
|
|move|p1a: Granbull|Earthquake|p2a: Ampharos III
|-supereffective|p2a: Ampharos III
|-damage|p2a: Ampharos III|0 fnt
|faint|p2a: Ampharos III
|
|-status|p1a: Granbull|tox|[from] item: Toxic Orb
|upkeep
|choice||switch 5
|
|switch|p2a: Nimbus|Unfezant, M|303\/363
|turn|12
|choice|move facade|move return
|
|move|p1a: Granbull|Facade|p2a: Nimbus
|-damage|p2a: Nimbus|101\/363
|move|p2a: Nimbus|Return|p1a: Granbull
|-crit|p1a: Granbull
|-damage|p1a: Granbull|0 fnt
|faint|p1a: Granbull
|
|upkeep
|choice|switch 5|
|
|switch|p1a: Scrafty|Scrafty, M|271\/271
|turn|13
|choice|move poisonjab|move aerialace
|
|move|p2a: Nimbus|Aerial Ace|p1a: Scrafty
|-supereffective|p1a: Scrafty
|-crit|p1a: Scrafty
|-damage|p1a: Scrafty|0 fnt
|faint|p1a: Scrafty
|
|win|Keilax
|player|p1
|player|p2
|l|panda albino
|c|★Keilax|Good battle</script>
</div>
<div class="battle-log battle-log-inline"><div class="inner"><div class="battle-options"></div><div class="inner"><div class="chat"><small>panda albino joined.</small></div><div class="chat"><small>Keilax joined.</small></div><div class=""><small>Format:</small> <br><strong>RU</strong></div><div class="rated"><strong>Rated battle</strong></div><div class=""><small><em>Sleep Clause Mod:</em> Limit one foe put to sleep</small></div><div class=""><small><em>Species Clause:</em> Limit one of each Pokémon</small></div><div class=""><small><em>OHKO Clause:</em> OHKO moves are banned</small></div><div class=""><small><em>Moody Clause:</em> Moody is banned</small></div><div class=""><small><em>Evasion Moves Clause:</em> Evasion moves are banned</small></div><div class=""><small><em>Endless Battle Clause:</em> Forcing endless battles is banned</small></div><div class=""><small><em>HP Percentage Mod:</em> HP is shown in percentages</small></div><div class=""><small><em>Swagger Clause:</em> Swagger is banned</small></div><div class=""><small><em>Baton Pass Clause:</em> Limit one Baton Passer, can't pass Spe and other stats simultaneously</small></div><div class="chat battle-history"><strong>panda albino's team:</strong> <em style="color:#445566;display:block;">Granbull / Hitmonlee / Wobbuffet / Ambipom / Scrafty / Haunter</em></div><div class="chat battle-history"><strong>Keilax's team:</strong> <em style="color:#445566;display:block;">Gallade / Ampharos / Unfezant / Venusaur / Blastoise / Medicham</em></div><div class="chat chatmessage-keilax"><strong style="color:hsl(320,41%,48.415462720242004%)"><small>★</small><span class="username" data-name="Keilax">Keilax</span>:</strong> <em>Good luck. Play well.</em></div><div class="spacer battle-history"><br></div><div class="battle-history">Battle started between panda albino and Keilax!<br></div><div class="spacer battle-history"><br></div><div class="battle-history">Go! <strong>Haunter</strong>!<br></div><div class="spacer battle-history"><br></div><div class="battle-history">Keilax sent out Bulbas V (<strong>Venusaur</strong>)!<br></div><div class="spacer battle-history"><br></div><h2 class="battle-history">Turn 1</h2><div class="chat chatmessage-pandaalbino"><strong style="color:hsl(54,88%,32.91090694893339%)"><small>★</small><span class="username" data-name="panda albino">panda albino</span>:</strong> <em>thanks</em></div><div class="spacer battle-history"><br></div><div class="battle-history">Haunter used <strong>Hypnosis</strong>!<br></div><div class="battle-history"><small>The opposing Bulbas V avoided the attack!</small><br></div><div class="spacer battle-history"><br></div><div class="battle-history">The opposing Bulbas V used <strong>Earthquake</strong>!<br></div><div class="battle-history"><small>[Haunter's Levitate]</small><br><small>It doesn't affect Haunter...</small><br></div><div class="spacer battle-history"><br></div><h2 class="battle-history">Turn 2</h2><div class="spacer battle-history"><br></div><div class="battle-history">Haunter used <strong>Hypnosis</strong>!<br></div><div class="battle-history"><small>The opposing Bulbas V fell asleep!</small><br></div><div class="spacer battle-history"><br></div><div class="battle-history">The opposing Bulbas V is fast asleep.<br></div><div class="spacer battle-history"><br></div><h2 class="battle-history">Turn 3</h2><div class="spacer battle-history"><br></div><div class="battle-history">Haunter used <strong>Dream Eater</strong>!<br></div><div class="battle-history"><small>It's super effective!</small><br></div><div class="battle-history"><small>(The opposing Bulbas V lost <abbr title="−256/364">70.3%</abbr> of its health!)</small><br></div><div class="spacer battle-history"><br></div><div class="battle-history">The opposing Bulbas V is fast asleep.<br></div><div class="spacer battle-history"><br></div><h2 class="battle-history">Turn 4</h2><div class="spacer battle-history"><br></div><div class="battle-history">Haunter used <strong>Shadow Ball</strong>!<br></div><div class="battle-history"><small>(The opposing Bulbas V lost <abbr title="−108/364">29.7%</abbr> of its health!)</small><br></div><div class="spacer battle-history"><br></div><div class="battle-history">The opposing Bulbas V fainted!<br></div><div class="spacer battle-history"><br></div><div class="battle-history">Keilax sent out Nimbus (<strong>Unfezant</strong>)!<br></div><div class="spacer battle-history"><br></div><h2 class="battle-history">Turn 5</h2><div class="spacer battle-history"><br></div><div class="battle-history">Haunter used <strong>Hypnosis</strong>!<br></div><div class="battle-history"><small>The opposing Nimbus avoided the attack!</small><br></div><div class="spacer battle-history"><br></div><div class="battle-history">The opposing Nimbus used <strong>Night Slash</strong>!<br></div><div class="battle-history"><small>It's super effective!</small><br></div><div class="battle-history"><small>(Haunter lost <abbr title="−231/231">100%</abbr> of its health!)</small><br></div><div class="spacer battle-history"><br></div><div class="battle-history">Haunter fainted!<br></div><div class="spacer battle-history"><br></div><div class="battle-history">Go! <strong>Wobbuffet</strong>!<br></div><div class="spacer battle-history"><br></div><h2 class="battle-history">Turn 6</h2><div class="spacer battle-history"><br></div><div class="battle-history">The opposing Nimbus used <strong>U-turn</strong>!<br></div><div class="battle-history"><small>It's super effective!</small><br></div><div class="battle-history"><small>(Wobbuffet lost <abbr title="−158/584">27.1%</abbr> of its health!)</small><br></div><div class="battle-history"><small>The opposing Nimbus was hurt by the Rocky Helmet!</small><br></div><div class="spacer battle-history"><br></div><div class="battle-history">The opposing Nimbus went back to Keilax!<br></div><div class="battle-history">Keilax sent out Shellby (<strong>Blastoise</strong>)!<br></div><div class="spacer battle-history"><br></div><div class="battle-history">Wobbuffet used <strong>Counter</strong>!<br></div><div class="battle-history"><small>(The opposing Shellby lost <abbr title="−316/361">87.5%</abbr> of its health!)</small><br></div><div class="battle-history"><small>Wobbuffet was hurt by the Rocky Helmet!</small><br></div><div class="spacer battle-history"><br></div><h2 class="battle-history">Turn 7</h2><div class="spacer battle-history"><br></div><div class="battle-history">The opposing Shellby used <strong>Hydro Pump</strong>!<br></div><div class="battle-history"><small>(Wobbuffet lost <abbr title="−329/584">56.3%</abbr> of its health!)</small><br></div><div class="spacer battle-history"><br></div><div class="battle-history">Wobbuffet fainted!<br></div><div class="spacer battle-history"><br></div><div class="battle-history">Go! <strong>Ambipom</strong>!<br></div><div class="spacer battle-history"><br></div><h2 class="battle-history">Turn 8</h2><div class="spacer battle-history"><br></div><div class="battle-history">Ambipom used <strong>Fake Out</strong>!<br></div><div class="battle-history"><small>(The opposing Shellby lost <abbr title="−45/361">12.5%</abbr> of its health!)</small><br></div><div class="battle-history"><small>Ambipom was hurt by the Rocky Helmet!</small><br></div><div class="battle-history"><small>Ambipom lost some of its HP!</small><br></div><div class="spacer battle-history"><br></div><div class="battle-history">The opposing Shellby fainted!<br></div><div class="spacer battle-history"><br></div><div class="battle-history">Keilax sent out Ampharos III (<strong>Ampharos</strong>)!<br></div><div class="spacer battle-history"><br></div><h2 class="battle-history">Turn 9</h2><div class="spacer battle-history"><br></div><div class="battle-history">Ambipom used <strong>Fury Swipes</strong>!<br></div><div class="battle-history"><small>(The opposing Ampharos III lost <abbr title="−36/383">9.4%</abbr> of its health!)</small><br></div><div class="battle-history"><small>(The opposing Ampharos III lost <abbr title="−36/383">9.4%</abbr> of its health!)</small><br></div><div class="battle-history"><small>(The opposing Ampharos III lost <abbr title="−39/383">10.2%</abbr> of its health!)</small><br></div><div class="battle-history"><small>[The opposing Ampharos III's Static]</small><br><small>Ambipom is paralyzed! It may be unable to move!</small><br></div><div class="battle-history"><small>(The opposing Ampharos III lost <abbr title="−35/383">9.1%</abbr> of its health!)</small><br></div><div class="battle-history"><small>(The opposing Ampharos III lost <abbr title="−36/383">9.4%</abbr> of its health!)</small><br></div><div class="battle-history"><small>Hit 5 times!</small><br></div><div class="battle-history"><small>Ambipom lost some of its HP!</small><br></div><div class="spacer battle-history"><br></div><div class="battle-history">The opposing Ampharos III used <strong>Thunderbolt</strong>!<br></div><div class="battle-history"><small>(Ambipom lost <abbr title="−185/291">63.6%</abbr> of its health!)</small><br></div><div class="spacer battle-history"><br></div><div class="battle-history">Ambipom fainted!<br></div><div class="spacer battle-history"><br></div><div class="battle-history">Go! <strong>Hitmonlee</strong>!<br></div><div class="spacer battle-history"><br></div><h2 class="battle-history">Turn 10</h2><div class="spacer battle-history"><br></div><div class="battle-history">Hitmonlee used <strong>High Jump Kick</strong>!<br></div><div class="battle-history"><small>The opposing Ampharos III avoided the attack!</small><br></div><div class="battle-history"><small>Hitmonlee kept going and crashed!</small><br></div><div class="spacer battle-history"><br></div><div class="battle-history">The opposing Ampharos III used <strong>Thunderbolt</strong>!<br></div><div class="battle-history"><small>(Hitmonlee lost <abbr title="−121/241">50.2%</abbr> of its health!)</small><br></div><div class="spacer battle-history"><br></div><div class="battle-history">Hitmonlee fainted!<br></div><div class="spacer battle-history"><br></div><div class="battle-history">Go! <strong>Granbull</strong>!<br></div><div class="spacer battle-history"><br></div><h2 class="battle-history">Turn 11</h2><div class="spacer battle-history"><br></div><div class="battle-history">Granbull used <strong>Earthquake</strong>!<br></div><div class="battle-history"><small>It's super effective!</small><br></div><div class="battle-history"><small>(The opposing Ampharos III lost <abbr title="−201/383">52.5%</abbr> of its health!)</small><br></div><div class="spacer battle-history"><br></div><div class="battle-history">The opposing Ampharos III fainted!<br></div><div class="spacer battle-history"><br></div><div class="battle-history"><small>Granbull was badly poisoned!</small><br></div><div class="spacer battle-history"><br></div><div class="battle-history">Keilax sent out Nimbus (<strong>Unfezant</strong>)!<br></div><div class="spacer battle-history"><br></div><h2 class="battle-history">Turn 12</h2><div class="spacer battle-history"><br></div><div class="battle-history">Granbull used <strong>Facade</strong>!<br></div><div class="battle-history"><small>(The opposing Nimbus lost <abbr title="−202/363">55.6%</abbr> of its health!)</small><br></div><div class="spacer battle-history"><br></div><div class="battle-history">The opposing Nimbus used <strong>Return</strong>!<br></div><div class="battle-history"><small>A critical hit!</small><br></div><div class="battle-history"><small>(Granbull lost <abbr title="−321/321">100%</abbr> of its health!)</small><br></div><div class="spacer battle-history"><br></div><div class="battle-history">Granbull fainted!<br></div><div class="spacer battle-history"><br></div><div class="battle-history">Go! <strong>Scrafty</strong>!<br></div><div class="spacer battle-history"><br></div><h2 class="battle-history">Turn 13</h2><div class="spacer battle-history"><br></div><div class="battle-history">The opposing Nimbus used <strong>Aerial Ace</strong>!<br></div><div class="battle-history"><small>It's super effective!</small><br></div><div class="battle-history"><small>A critical hit!</small><br></div><div class="battle-history"><small>(Scrafty lost <abbr title="−271/271">100%</abbr> of its health!)</small><br></div><div class="spacer battle-history"><br></div><div class="battle-history">Scrafty fainted!<br></div><div class="spacer battle-history"><br></div><div class="battle-history"><strong>Keilax</strong> won the battle!<br></div><div class="chat"><small>panda albino left.</small></div><div class="chat chatmessage-keilax"><strong style="color:hsl(320,41%,48.415462720242004%)"><small>★</small><span class="username" data-name="Keilax">Keilax</span>:</strong> <em>Good battle</em></div></div><div class="inner-preempt"></div></div></div>
</div>
<script>
let daily = Math.floor(Date.now()/1000/60/60/24);document.write('<script src="https://play.pokemonshowdown.com/js/replay-embed.js?version'+daily+'"></'+'script>');
</script>
