<!DOCTYPE html>
<meta charset="utf-8" />
<!-- version 1 -->
<title>RU replay: gorex vs. Kudakek</title>
<style>
html,body {font-family:Verdana, sans-serif;font-size:10pt;margin:0;padding:0;}body{padding:12px 0;} .battle-log {font-family:Verdana, sans-serif;font-size:10pt;} .battle-log-inline {border:1px solid #AAAAAA;background:#EEF2F5;color:black;max-width:640px;margin:0 auto 80px;padding-bottom:5px;} .battle-log .inner {padding:4px 8px 0px 8px;} .battle-log .inner-preempt {padding:0 8px 4px 8px;} .battle-log .inner-after {margin-top:0.5em;} .battle-log h2 {margin:0.5em -8px;padding:4px 8px;border:1px solid #AAAAAA;background:#E0E7EA;border-left:0;border-right:0;font-family:Verdana, sans-serif;font-size:13pt;} .battle-log .chat {vertical-align:middle;padding:3px 0 3px 0;font-size:8pt;} .battle-log .chat strong {color:#40576A;} .battle-log .chat em {padding:1px 4px 1px 3px;color:#000000;font-style:normal;} .chat.mine {background:rgba(0,0,0,0.05);margin-left:-8px;margin-right:-8px;padding-left:8px;padding-right:8px;} .spoiler {color:#BBBBBB;background:#BBBBBB;padding:0px 3px;} .spoiler:hover, .spoiler:active, .spoiler-shown {color:#000000;background:#E2E2E2;padding:0px 3px;} .spoiler a {color:#BBBBBB;} .spoiler:hover a, .spoiler:active a, .spoiler-shown a {color:#2288CC;} .chat code, .chat .spoiler:hover code, .chat .spoiler:active code, .chat .spoiler-shown code {border:1px solid #C0C0C0;background:#EEEEEE;color:black;padding:0 2px;} .chat .spoiler code {border:1px solid #CCCCCC;background:#CCCCCC;color:#CCCCCC;} .battle-log .rated {padding:3px 4px;} .battle-log .rated strong {color:white;background:#89A;padding:1px 4px;border-radius:4px;} .spacer {margin-top:0.5em;} .message-announce {background:#6688AA;color:white;padding:1px 4px 2px;} .message-announce a, .broadcast-green a, .broadcast-blue a, .broadcast-red a {color:#DDEEFF;} .broadcast-green {background-color:#559955;color:white;padding:2px 4px;} .broadcast-blue {background-color:#6688AA;color:white;padding:2px 4px;} .infobox {border:1px solid #6688AA;padding:2px 4px;} .infobox-limited {max-height:200px;overflow:auto;overflow-x:hidden;} .broadcast-red {background-color:#AA5544;color:white;padding:2px 4px;} .message-learn-canlearn {font-weight:bold;color:#228822;text-decoration:underline;} .message-learn-cannotlearn {font-weight:bold;color:#CC2222;text-decoration:underline;} .message-effect-weak {font-weight:bold;color:#CC2222;} .message-effect-resist {font-weight:bold;color:#6688AA;} .message-effect-immune {font-weight:bold;color:#666666;} .message-learn-list {margin-top:0;margin-bottom:0;} .message-throttle-notice, .message-error {color:#992222;} .message-overflow, .chat small.message-overflow {font-size:0pt;} .message-overflow::before {font-size:9pt;content:'...';} .subtle {color:#3A4A66;}
</style>
<div class="wrapper replay-wrapper" style="max-width:1180px;margin:0 auto">
<input type="hidden" name="replayid" value="ru-573301434" />
<div class="battle"></div><div class="battle-log"></div><div class="replay-controls"></div><div class="replay-controls-2"></div>
<h1 style="font-weight:normal;text-align:center"><strong>RU</strong><br /><a href="http://pokemonshowdown.com/users/gorex" class="subtle" target="_blank">gorex</a> vs. <a href="http://pokemonshowdown.com/users/kudakek" class="subtle" target="_blank">Kudakek</a></h1>
<script type="text/plain" class="battle-log-data">|j|gorex
|j|Kudakek
|player|p1|gorex|58
|player|p2|Kudakek|24
|gametype|singles
|gen|6
|tier|RU
|seed|63803,36527,5648,17193
|rule|Sleep Clause Mod: Limit one foe put to sleep
|rule|Species Clause: Limit one of each Pokémon
|rule|OHKO Clause: OHKO moves are banned
|rule|Moody Clause: Moody is banned
|rule|Evasion Moves Clause: Evasion moves are banned
|rule|Endless Battle Clause: Forcing endless battles is banned
|rule|HP Percentage Mod: HP is shown in percentages
|clearpoke
|poke|p1|Scrafty, F|item
|poke|p1|Druddigon, M|item
|poke|p1|Blastoise, M|item
|poke|p1|Torterra, M|item
|poke|p1|Delphox, M|item
|poke|p1|Rotom|item
|poke|p2|Drapion, M|item
|poke|p2|Flygon, F|item
|poke|p2|Sigilyph, M|item
|poke|p2|Jellicent, M|item
|poke|p2|Diancie|item
|poke|p2|Magneton|item
|rule|Swagger Clause: Swagger is banned
|rule|Baton Pass Clause: Limit one Baton Passer, can't pass Spe and other stats simultaneously
|teampreview
|choice|team 2, team 1, team 3, team 4, team 5, team 6|team 5, team 2, team 3, team 4, team 1, team 6
|
|start
|switch|p1a: Druddigon|Druddigon, M|295\/295
|switch|p2a: Diancie|Diancie|304\/304
|turn|1
|choice|move ironhead|move stealthrock
|
|move|p1a: Druddigon|Iron Head|p2a: Diancie
|-supereffective|p2a: Diancie
|-damage|p2a: Diancie|0 fnt
|faint|p2a: Diancie
|
|upkeep
|choice||switch 6
|
|switch|p2a: Magneton|Magneton|241\/241
|turn|2
|choice|move stealthrock|move thunderbolt
|
|move|p2a: Magneton|Thunderbolt|p1a: Druddigon
|-resisted|p1a: Druddigon
|-damage|p1a: Druddigon|166\/295
|-status|p1a: Druddigon|par
|move|p1a: Druddigon|Stealth Rock|p2a: Magneton
|-sidestart|p2: Kudakek|move: Stealth Rock
|
|upkeep
|turn|3
|choice|switch 4|switch 3
|
|switch|p2a: Sigilyph|Sigilyph, M|348\/348
|switch|p1a: Torterra|Torterra, M|331\/331
|
|-status|p2a: Sigilyph|brn|[from] item: Flame Orb
|upkeep
|turn|4
|j|Matame
|choice|switch 6|move calmmind
|
|switch|p1a: Rotom|Rotom|303\/303
|move|p2a: Sigilyph|Calm Mind|p2a: Sigilyph
|-boost|p2a: Sigilyph|spa|1
|-boost|p2a: Sigilyph|spd|1
|
|upkeep
|turn|5
|choice|move hex|switch 5
|
|switch|p2a: Drapion|Drapion, M|281\/281
|-damage|p2a: Drapion|246\/281|[from] Stealth Rock
|move|p1a: Rotom|Hex|p2a: Drapion
|-resisted|p2a: Drapion
|-damage|p2a: Drapion|198\/281
|
|upkeep
|turn|6
|choice|switch 4|move pursuit
|
|-activate|p1a: Rotom|move: Pursuit
|move|p2a: Drapion|Pursuit|p1a: Rotom|[from]Pursuit
|-supereffective|p1a: Rotom
|-damage|p1a: Rotom|49\/303
|switch|p1a: Druddigon|Druddigon, M|166\/295 par
|
|upkeep
|turn|7
|choice|move dragonclaw|switch 5
|
|switch|p2a: Sigilyph|Sigilyph, M|348\/348 brn
|move|p1a: Druddigon|Dragon Claw|p2a: Sigilyph
|-damage|p2a: Sigilyph|122\/348 brn
|-damage|p1a: Druddigon|137\/295 par|[from] item: Life Orb
|
|upkeep
|turn|8
|choice|move dragonclaw|move roost
|
|move|p2a: Sigilyph|Roost|p2a: Sigilyph
|-heal|p2a: Sigilyph|296\/348 brn
|cant|p1a: Druddigon|par
|
|upkeep
|turn|9
|choice|move dragonclaw|move calmmind
|
|move|p2a: Sigilyph|Calm Mind|p2a: Sigilyph
|-boost|p2a: Sigilyph|spa|1
|-boost|p2a: Sigilyph|spd|1
|cant|p1a: Druddigon|par
|
|upkeep
|turn|10
|choice|move dragonclaw|move calmmind
|
|move|p2a: Sigilyph|Calm Mind|p2a: Sigilyph
|-boost|p2a: Sigilyph|spa|1
|-boost|p2a: Sigilyph|spd|1
|move|p1a: Druddigon|Dragon Claw|p2a: Sigilyph
|-damage|p2a: Sigilyph|61\/348 brn
|-damage|p1a: Druddigon|108\/295 par|[from] item: Life Orb
|
|upkeep
|turn|11
|choice|move dragonclaw|move roost
|
|move|p2a: Sigilyph|Roost|p2a: Sigilyph
|-heal|p2a: Sigilyph|235\/348 brn
|cant|p1a: Druddigon|par
|
|upkeep
|turn|12
|choice|move dragonclaw|move airslash
|
|move|p2a: Sigilyph|Air Slash|p1a: Druddigon
|-damage|p1a: Druddigon|0 fnt
|faint|p1a: Druddigon
|
|upkeep
|choice|switch 5|
|
|switch|p1a: Delphox|Delphox, M|291\/291
|turn|13
|choice|move calmmind|move roost
|
|move|p1a: Delphox|Calm Mind|p1a: Delphox
|-boost|p1a: Delphox|spa|1
|-boost|p1a: Delphox|spd|1
|move|p2a: Sigilyph|Roost|p2a: Sigilyph
|-heal|p2a: Sigilyph|348\/348 brn
|
|upkeep
|turn|14
|choice|move calmmind|move calmmind
|
|move|p1a: Delphox|Calm Mind|p1a: Delphox
|-boost|p1a: Delphox|spa|1
|-boost|p1a: Delphox|spd|1
|move|p2a: Sigilyph|Calm Mind|p2a: Sigilyph
|-boost|p2a: Sigilyph|spa|1
|-boost|p2a: Sigilyph|spd|1
|
|upkeep
|turn|15
|choice|move fireblast|move calmmind
|
|move|p1a: Delphox|Fire Blast|p2a: Sigilyph
|-damage|p2a: Sigilyph|110\/348 brn
|-damage|p1a: Delphox|262\/291|[from] item: Life Orb
|move|p2a: Sigilyph|Calm Mind|p2a: Sigilyph
|-boost|p2a: Sigilyph|spa|1
|-boost|p2a: Sigilyph|spd|1
|
|upkeep
|turn|16
|choice|move fireblast|move airslash
|
|move|p1a: Delphox|Fire Blast|p2a: Sigilyph
|-damage|p2a: Sigilyph|0 fnt
|-damage|p1a: Delphox|233\/291|[from] item: Life Orb
|faint|p2a: Sigilyph
|
|upkeep
|choice||switch 5
|
|switch|p2a: Drapion|Drapion, M|198\/281
|-damage|p2a: Drapion|163\/281|[from] Stealth Rock
|turn|17
|choice|move fireblast|move knockoff
|
|move|p2a: Drapion|Knock Off|p1a: Delphox
|-supereffective|p1a: Delphox
|-damage|p1a: Delphox|0 fnt
|-enditem|p1a: Delphox|Life Orb|[from] move: Knock Off|[of] p2a: Drapion
|faint|p1a: Delphox
|
|upkeep
|choice|switch 2|
|
|switch|p1a: Scrafty|Scrafty, F|271\/271
|turn|18
|choice|move dragondance|switch 2
|
|switch|p2a: Flygon|Flygon, F|359\/359
|-damage|p2a: Flygon|337\/359|[from] Stealth Rock
|move|p1a: Scrafty|Dragon Dance|p1a: Scrafty
|-boost|p1a: Scrafty|atk|1
|-boost|p1a: Scrafty|spe|1
|
|-heal|p2a: Flygon|359\/359|[from] item: Leftovers
|upkeep
|turn|19
|choice|move dragondance|move earthquake
|
|move|p1a: Scrafty|Dragon Dance|p1a: Scrafty
|-boost|p1a: Scrafty|atk|1
|-boost|p1a: Scrafty|spe|1
|move|p2a: Flygon|Earthquake|p1a: Scrafty
|-damage|p1a: Scrafty|168\/271
|
|-heal|p1a: Scrafty|184\/271|[from] item: Leftovers
|upkeep
|turn|20
|choice|move knockoff|move earthquake
|
|move|p1a: Scrafty|Knock Off|p2a: Flygon
|-damage|p2a: Flygon|56\/359
|-enditem|p2a: Flygon|Leftovers|[from] move: Knock Off|[of] p1a: Scrafty
|move|p2a: Flygon|Earthquake|p1a: Scrafty
|-crit|p1a: Scrafty
|-damage|p1a: Scrafty|31\/271
|
|-heal|p1a: Scrafty|47\/271|[from] item: Leftovers
|upkeep
|turn|21
|choice|move knockoff|move uturn
|
|move|p1a: Scrafty|Knock Off|p2a: Flygon
|-damage|p2a: Flygon|0 fnt
|faint|p2a: Flygon
|
|-heal|p1a: Scrafty|63\/271|[from] item: Leftovers
|upkeep
|choice||switch 2
|
|switch|p2a: Drapion|Drapion, M|163\/281
|-damage|p2a: Drapion|128\/281|[from] Stealth Rock
|turn|22
|choice|move knockoff|move poisonjab
|
|move|p2a: Drapion|Poison Jab|p1a: Scrafty
|-damage|p1a: Scrafty|0 fnt
|faint|p1a: Scrafty
|
|upkeep
|choice|switch 6|
|
|switch|p1a: Torterra|Torterra, M|331\/331
|turn|23
|choice|move earthquake|move poisonjab
|
|move|p2a: Drapion|Poison Jab|p1a: Torterra
|-damage|p1a: Torterra|232\/331
|move|p1a: Torterra|Earthquake|p2a: Drapion
|-supereffective|p2a: Drapion
|-damage|p2a: Drapion|0 fnt
|faint|p2a: Drapion
|
|upkeep
|c|☆Kudakek|!calc
|html|<div class="infobox">Pok&eacute;mon Showdown! damage calculator. (Courtesy of Honko)<br \/>- <a href="https:\/\/pokemonshowdown.com\/damagecalc\/">Damage Calculator<\/a><\/div>
|choice||switch 4
|
|switch|p2a: Jellicent|Jellicent, M|403\/403
|-damage|p2a: Jellicent|353\/403|[from] Stealth Rock
|turn|24
|choice|switch 3|switch 3
|
|switch|p1a: Blastoise|Blastoise, M|362\/362
|switch|p2a: Magneton|Magneton|241\/241
|-damage|p2a: Magneton|226\/241|[from] Stealth Rock
|
|upkeep
|turn|25
|choice|move scald|move flashcannon
|
|move|p2a: Magneton|Flash Cannon|p1a: Blastoise
|-resisted|p1a: Blastoise
|-damage|p1a: Blastoise|260\/362
|-unboost|p1a: Blastoise|spd|1
|move|p1a: Blastoise|Scald|p2a: Magneton
|-crit|p2a: Magneton
|-damage|p2a: Magneton|54\/241
|-status|p2a: Magneton|brn
|
|-heal|p1a: Blastoise|282\/362|[from] item: Leftovers
|-damage|p2a: Magneton|24\/241 brn|[from] brn
|upkeep
|turn|26
|choice|move toxic|move flashcannon
|
|move|p2a: Magneton|Flash Cannon|p1a: Blastoise
|-resisted|p1a: Blastoise
|-damage|p1a: Blastoise|126\/362
|move|p1a: Blastoise|Toxic|p2a: Magneton|[miss]
|-miss|p1a: Blastoise|p2a: Magneton
|
|-heal|p1a: Blastoise|148\/362|[from] item: Leftovers
|-damage|p2a: Magneton|0 fnt|[from] brn
|upkeep
|faint|p2a: Magneton
|c|☆Kudakek|Gg
|c|☆Kudakek|It all eep3nd3d
|c|☆Kudakek|On that
|choice||switch 3
|
|switch|p2a: Jellicent|Jellicent, M|353\/403
|-damage|p2a: Jellicent|303\/403|[from] Stealth Rock
|turn|27
|c|☆Kudakek|Whetherto tbolt or
|c|☆Kudakek|Fc
|choice|move toxic|move hex
|
|move|p1a: Blastoise|Toxic|p2a: Jellicent
|-status|p2a: Jellicent|tox
|move|p2a: Jellicent|Hex|p1a: Blastoise
|-damage|p1a: Blastoise|51\/362
|
|-heal|p1a: Blastoise|73\/362|[from] item: Leftovers
|-heal|p2a: Jellicent|328\/403 tox|[from] item: Leftovers
|-damage|p2a: Jellicent|303\/403 tox|[from] psn
|upkeep
|turn|28
|-message|Kudakek forfeited.
|
|win|gorex</script>
</div>
<div class="battle-log battle-log-inline"><div class="inner"><div class="battle-options"></div><div class="inner"><div class="chat"><small>gorex joined.</small></div><div class="chat"><small>Kudakek joined.</small></div><div class=""><small>Format:</small> <br><strong>RU</strong></div><div class=""><small><em>Sleep Clause Mod:</em> Limit one foe put to sleep</small></div><div class=""><small><em>Species Clause:</em> Limit one of each Pokémon</small></div><div class=""><small><em>OHKO Clause:</em> OHKO moves are banned</small></div><div class=""><small><em>Moody Clause:</em> Moody is banned</small></div><div class=""><small><em>Evasion Moves Clause:</em> Evasion moves are banned</small></div><div class=""><small><em>Endless Battle Clause:</em> Forcing endless battles is banned</small></div><div class=""><small><em>HP Percentage Mod:</em> HP is shown in percentages</small></div><div class=""><small><em>Swagger Clause:</em> Swagger is banned</small></div><div class=""><small><em>Baton Pass Clause:</em> Limit one Baton Passer, can't pass Spe and other stats simultaneously</small></div><div class="chat battle-history"><strong>gorex's team:</strong> <em style="color:#445566;display:block;">Scrafty / Druddigon / Blastoise / Torterra / Delphox / Rotom</em></div><div class="chat battle-history"><strong>Kudakek's team:</strong> <em style="color:#445566;display:block;">Drapion / Flygon / Sigilyph / Jellicent / Diancie / Magneton</em></div><div class="spacer battle-history"><br></div><div class="battle-history">Battle started between gorex and Kudakek!<br></div><div class="spacer battle-history"><br></div><div class="battle-history">Go! <strong>Druddigon</strong>!<br></div><div class="spacer battle-history"><br></div><div class="battle-history">Kudakek sent out <strong>Diancie</strong>!<br></div><div class="spacer battle-history"><br></div><h2 class="battle-history">Turn 1</h2><div class="spacer battle-history"><br></div><div class="battle-history">Druddigon used <strong>Iron Head</strong>!<br></div><div class="battle-history"><small>It's super effective!</small><br></div><div class="battle-history"><small>(The opposing Diancie lost <abbr title="−304/304">100%</abbr> of its health!)</small><br></div><div class="spacer battle-history"><br></div><div class="battle-history">The opposing Diancie fainted!<br></div><div class="spacer battle-history"><br></div><div class="battle-history">Kudakek sent out <strong>Magneton</strong>!<br></div><div class="spacer battle-history"><br></div><h2 class="battle-history">Turn 2</h2><div class="spacer battle-history"><br></div><div class="battle-history">The opposing Magneton used <strong>Thunderbolt</strong>!<br></div><div class="battle-history"><small>It's not very effective...</small><br></div><div class="battle-history"><small>(Druddigon lost <abbr title="−129/295">43.7%</abbr> of its health!)</small><br></div><div class="battle-history"><small>Druddigon is paralyzed! It may be unable to move!</small><br></div><div class="spacer battle-history"><br></div><div class="battle-history">Druddigon used <strong>Stealth Rock</strong>!<br></div><div class="battle-history"><small>Pointed stones float in the air around the opposing team!</small><br></div><div class="spacer battle-history"><br></div><h2 class="battle-history">Turn 3</h2><div class="spacer battle-history"><br></div><div class="battle-history">Kudakek withdrew Magneton!<br></div><div class="battle-history">Kudakek sent out <strong>Sigilyph</strong>!<br></div><div class="spacer battle-history"><br></div><div class="battle-history">Druddigon, come back!<br></div><div class="battle-history">Go! <strong>Torterra</strong>!<br></div><div class="spacer battle-history"><br></div><div class="battle-history"><small>The opposing Sigilyph was burned!</small><br></div><div class="spacer battle-history"><br></div><h2 class="battle-history">Turn 4</h2><div class="chat"><small>Matame joined.</small></div><div class="spacer battle-history"><br></div><div class="battle-history">Torterra, come back!<br></div><div class="battle-history">Go! <strong>Rotom</strong>!<br></div><div class="spacer battle-history"><br></div><div class="battle-history">The opposing Sigilyph used <strong>Calm Mind</strong>!<br></div><div class="battle-history"><small>The opposing Sigilyph's Special Attack rose!</small><br></div><div class="battle-history"><small>The opposing Sigilyph's Special Defense rose!</small><br></div><div class="spacer battle-history"><br></div><h2 class="battle-history">Turn 5</h2><div class="spacer battle-history"><br></div><div class="battle-history">Kudakek withdrew Sigilyph!<br></div><div class="battle-history">Kudakek sent out <strong>Drapion</strong>!<br></div><div class="battle-history"><small>Pointed stones dug into the opposing Drapion!</small><br></div><div class="spacer battle-history"><br></div><div class="battle-history">Rotom used <strong>Hex</strong>!<br></div><div class="battle-history"><small>It's not very effective...</small><br></div><div class="battle-history"><small>(The opposing Drapion lost <abbr title="−48/281">17.1%</abbr> of its health!)</small><br></div><div class="spacer battle-history"><br></div><h2 class="battle-history">Turn 6</h2><div class="spacer battle-history"><br></div><div class="battle-history"><small>(Rotom is being withdrawn...)</small><br></div><div class="spacer battle-history"><br></div><div class="battle-history">The opposing Drapion used <strong>Pursuit</strong>!<br></div><div class="battle-history"><small>It's super effective!</small><br></div><div class="battle-history"><small>(Rotom lost <abbr title="−254/303">83.8%</abbr> of its health!)</small><br></div><div class="spacer battle-history"><br></div><div class="battle-history">Rotom, come back!<br></div><div class="battle-history">Go! <strong>Druddigon</strong>!<br></div><div class="spacer battle-history"><br></div><h2 class="battle-history">Turn 7</h2><div class="spacer battle-history"><br></div><div class="battle-history">Kudakek withdrew Drapion!<br></div><div class="battle-history">Kudakek sent out <strong>Sigilyph</strong>!<br></div><div class="spacer battle-history"><br></div><div class="battle-history">Druddigon used <strong>Dragon Claw</strong>!<br></div><div class="battle-history"><small>(The opposing Sigilyph lost <abbr title="−226/348">64.9%</abbr> of its health!)</small><br></div><div class="battle-history"><small>Druddigon lost some of its HP!</small><br></div><div class="spacer battle-history"><br></div><h2 class="battle-history">Turn 8</h2><div class="spacer battle-history"><br></div><div class="battle-history">The opposing Sigilyph used <strong>Roost</strong>!<br></div><div class="battle-history"><small>The opposing Sigilyph restored its HP.</small><br></div><div class="spacer battle-history"><br></div><div class="battle-history">Druddigon is paralyzed! It can't move!<br></div><div class="spacer battle-history"><br></div><h2 class="battle-history">Turn 9</h2><div class="spacer battle-history"><br></div><div class="battle-history">The opposing Sigilyph used <strong>Calm Mind</strong>!<br></div><div class="battle-history"><small>The opposing Sigilyph's Special Attack rose!</small><br></div><div class="battle-history"><small>The opposing Sigilyph's Special Defense rose!</small><br></div><div class="spacer battle-history"><br></div><div class="battle-history">Druddigon is paralyzed! It can't move!<br></div><div class="spacer battle-history"><br></div><h2 class="battle-history">Turn 10</h2><div class="spacer battle-history"><br></div><div class="battle-history">The opposing Sigilyph used <strong>Calm Mind</strong>!<br></div><div class="battle-history"><small>The opposing Sigilyph's Special Attack rose!</small><br></div><div class="battle-history"><small>The opposing Sigilyph's Special Defense rose!</small><br></div><div class="spacer battle-history"><br></div><div class="battle-history">Druddigon used <strong>Dragon Claw</strong>!<br></div><div class="battle-history"><small>(The opposing Sigilyph lost <abbr title="−235/348">67.5%</abbr> of its health!)</small><br></div><div class="battle-history"><small>Druddigon lost some of its HP!</small><br></div><div class="spacer battle-history"><br></div><h2 class="battle-history">Turn 11</h2><div class="spacer battle-history"><br></div><div class="battle-history">The opposing Sigilyph used <strong>Roost</strong>!<br></div><div class="battle-history"><small>The opposing Sigilyph restored its HP.</small><br></div><div class="spacer battle-history"><br></div><div class="battle-history">Druddigon is paralyzed! It can't move!<br></div><div class="spacer battle-history"><br></div><h2 class="battle-history">Turn 12</h2><div class="spacer battle-history"><br></div><div class="battle-history">The opposing Sigilyph used <strong>Air Slash</strong>!<br></div><div class="battle-history"><small>(Druddigon lost <abbr title="−108/295">36.6%</abbr> of its health!)</small><br></div><div class="spacer battle-history"><br></div><div class="battle-history">Druddigon fainted!<br></div><div class="spacer battle-history"><br></div><div class="battle-history">Go! <strong>Delphox</strong>!<br></div><div class="spacer battle-history"><br></div><h2 class="battle-history">Turn 13</h2><div class="spacer battle-history"><br></div><div class="battle-history">Delphox used <strong>Calm Mind</strong>!<br></div><div class="battle-history"><small>Delphox's Special Attack rose!</small><br></div><div class="battle-history"><small>Delphox's Special Defense rose!</small><br></div><div class="spacer battle-history"><br></div><div class="battle-history">The opposing Sigilyph used <strong>Roost</strong>!<br></div><div class="battle-history"><small>The opposing Sigilyph restored its HP.</small><br></div><div class="spacer battle-history"><br></div><h2 class="battle-history">Turn 14</h2><div class="spacer battle-history"><br></div><div class="battle-history">Delphox used <strong>Calm Mind</strong>!<br></div><div class="battle-history"><small>Delphox's Special Attack rose!</small><br></div><div class="battle-history"><small>Delphox's Special Defense rose!</small><br></div><div class="spacer battle-history"><br></div><div class="battle-history">The opposing Sigilyph used <strong>Calm Mind</strong>!<br></div><div class="battle-history"><small>The opposing Sigilyph's Special Attack rose!</small><br></div><div class="battle-history"><small>The opposing Sigilyph's Special Defense rose!</small><br></div><div class="spacer battle-history"><br></div><h2 class="battle-history">Turn 15</h2><div class="spacer battle-history"><br></div><div class="battle-history">Delphox used <strong>Fire Blast</strong>!<br></div><div class="battle-history"><small>(The opposing Sigilyph lost <abbr title="−238/348">68.4%</abbr> of its health!)</small><br></div><div class="battle-history"><small>Delphox lost some of its HP!</small><br></div><div class="spacer battle-history"><br></div><div class="battle-history">The opposing Sigilyph used <strong>Calm Mind</strong>!<br></div><div class="battle-history"><small>The opposing Sigilyph's Special Attack rose!</small><br></div><div class="battle-history"><small>The opposing Sigilyph's Special Defense rose!</small><br></div><div class="spacer battle-history"><br></div><h2 class="battle-history">Turn 16</h2><div class="spacer battle-history"><br></div><div class="battle-history">Delphox used <strong>Fire Blast</strong>!<br></div><div class="battle-history"><small>(The opposing Sigilyph lost <abbr title="−110/348">31.6%</abbr> of its health!)</small><br></div><div class="battle-history"><small>Delphox lost some of its HP!</small><br></div><div class="spacer battle-history"><br></div><div class="battle-history">The opposing Sigilyph fainted!<br></div><div class="spacer battle-history"><br></div><div class="battle-history">Kudakek sent out <strong>Drapion</strong>!<br></div><div class="battle-history"><small>Pointed stones dug into the opposing Drapion!</small><br></div><div class="spacer battle-history"><br></div><h2 class="battle-history">Turn 17</h2><div class="spacer battle-history"><br></div><div class="battle-history">The opposing Drapion used <strong>Knock Off</strong>!<br></div><div class="battle-history"><small>It's super effective!</small><br></div><div class="battle-history"><small>(Delphox lost <abbr title="−233/291">80.1%</abbr> of its health!)</small><br></div><div class="battle-history"><small>The opposing Drapion knocked off Delphox's Life Orb!</small><br></div><div class="spacer battle-history"><br></div><div class="battle-history">Delphox fainted!<br></div><div class="spacer battle-history"><br></div><div class="battle-history">Go! <strong>Scrafty</strong>!<br></div><div class="spacer battle-history"><br></div><h2 class="battle-history">Turn 18</h2><div class="spacer battle-history"><br></div><div class="battle-history">Kudakek withdrew Drapion!<br></div><div class="battle-history">Kudakek sent out <strong>Flygon</strong>!<br></div><div class="battle-history"><small>Pointed stones dug into the opposing Flygon!</small><br></div><div class="spacer battle-history"><br></div><div class="battle-history">Scrafty used <strong>Dragon Dance</strong>!<br></div><div class="battle-history"><small>Scrafty's Attack rose!</small><br></div><div class="battle-history"><small>Scrafty's Speed rose!</small><br></div><div class="spacer battle-history"><br></div><div class="battle-history"><small>The opposing Flygon restored a little HP using its Leftovers!</small><br></div><div class="spacer battle-history"><br></div><h2 class="battle-history">Turn 19</h2><div class="spacer battle-history"><br></div><div class="battle-history">Scrafty used <strong>Dragon Dance</strong>!<br></div><div class="battle-history"><small>Scrafty's Attack rose!</small><br></div><div class="battle-history"><small>Scrafty's Speed rose!</small><br></div><div class="spacer battle-history"><br></div><div class="battle-history">The opposing Flygon used <strong>Earthquake</strong>!<br></div><div class="battle-history"><small>(Scrafty lost <abbr title="−103/271">38.0%</abbr> of its health!)</small><br></div><div class="spacer battle-history"><br></div><div class="battle-history"><small>Scrafty restored a little HP using its Leftovers!</small><br></div><div class="spacer battle-history"><br></div><h2 class="battle-history">Turn 20</h2><div class="spacer battle-history"><br></div><div class="battle-history">Scrafty used <strong>Knock Off</strong>!<br></div><div class="battle-history"><small>(The opposing Flygon lost <abbr title="−303/359">84.4%</abbr> of its health!)</small><br></div><div class="battle-history"><small>Scrafty knocked off the opposing Flygon's Leftovers!</small><br></div><div class="spacer battle-history"><br></div><div class="battle-history">The opposing Flygon used <strong>Earthquake</strong>!<br></div><div class="battle-history"><small>A critical hit!</small><br></div><div class="battle-history"><small>(Scrafty lost <abbr title="−153/271">56.5%</abbr> of its health!)</small><br></div><div class="spacer battle-history"><br></div><div class="battle-history"><small>Scrafty restored a little HP using its Leftovers!</small><br></div><div class="spacer battle-history"><br></div><h2 class="battle-history">Turn 21</h2><div class="spacer battle-history"><br></div><div class="battle-history">Scrafty used <strong>Knock Off</strong>!<br></div><div class="battle-history"><small>(The opposing Flygon lost <abbr title="−56/359">15.6%</abbr> of its health!)</small><br></div><div class="spacer battle-history"><br></div><div class="battle-history">The opposing Flygon fainted!<br></div><div class="spacer battle-history"><br></div><div class="battle-history"><small>Scrafty restored a little HP using its Leftovers!</small><br></div><div class="spacer battle-history"><br></div><div class="battle-history">Kudakek sent out <strong>Drapion</strong>!<br></div><div class="battle-history"><small>Pointed stones dug into the opposing Drapion!</small><br></div><div class="spacer battle-history"><br></div><h2 class="battle-history">Turn 22</h2><div class="spacer battle-history"><br></div><div class="battle-history">The opposing Drapion used <strong>Poison Jab</strong>!<br></div><div class="battle-history"><small>(Scrafty lost <abbr title="−63/271">23.2%</abbr> of its health!)</small><br></div><div class="spacer battle-history"><br></div><div class="battle-history">Scrafty fainted!<br></div><div class="spacer battle-history"><br></div><div class="battle-history">Go! <strong>Torterra</strong>!<br></div><div class="spacer battle-history"><br></div><h2 class="battle-history">Turn 23</h2><div class="spacer battle-history"><br></div><div class="battle-history">The opposing Drapion used <strong>Poison Jab</strong>!<br></div><div class="battle-history"><small>(Torterra lost <abbr title="−99/331">29.9%</abbr> of its health!)</small><br></div><div class="spacer battle-history"><br></div><div class="battle-history">Torterra used <strong>Earthquake</strong>!<br></div><div class="battle-history"><small>It's super effective!</small><br></div><div class="battle-history"><small>(The opposing Drapion lost <abbr title="−128/281">45.6%</abbr> of its health!)</small><br></div><div class="spacer battle-history"><br></div><div class="battle-history">The opposing Drapion fainted!<br></div><div class="chat chatmessage-kudakek"><strong style="color:hsl(153,66%,39.39593527434719%)"><small>☆</small><span class="username" data-name="Kudakek">Kudakek</span>:</strong> <em>!calc</em></div><div class="chat"><div class="infobox">Pokémon Showdown! damage calculator. (Courtesy of Honko)<br>- <a href="https://pokemonshowdown.com/damagecalc/" target="_blank" rel="noopener">Damage Calculator</a></div></div><div class="spacer battle-history"><br></div><div class="battle-history">Kudakek sent out <strong>Jellicent</strong>!<br></div><div class="battle-history"><small>Pointed stones dug into the opposing Jellicent!</small><br></div><div class="spacer battle-history"><br></div><h2 class="battle-history">Turn 24</h2><div class="spacer battle-history"><br></div><div class="battle-history">Torterra, come back!<br></div><div class="battle-history">Go! <strong>Blastoise</strong>!<br></div><div class="spacer battle-history"><br></div><div class="battle-history">Kudakek withdrew Jellicent!<br></div><div class="battle-history">Kudakek sent out <strong>Magneton</strong>!<br></div><div class="battle-history"><small>Pointed stones dug into the opposing Magneton!</small><br></div><div class="spacer battle-history"><br></div><h2 class="battle-history">Turn 25</h2><div class="spacer battle-history"><br></div><div class="battle-history">The opposing Magneton used <strong>Flash Cannon</strong>!<br></div><div class="battle-history"><small>It's not very effective...</small><br></div><div class="battle-history"><small>(Blastoise lost <abbr title="−102/362">28.2%</abbr> of its health!)</small><br></div><div class="battle-history"><small>Blastoise's Special Defense fell!</small><br></div><div class="spacer battle-history"><br></div><div class="battle-history">Blastoise used <strong>Scald</strong>!<br></div><div class="battle-history"><small>A critical hit!</small><br></div><div class="battle-history"><small>(The opposing Magneton lost <abbr title="−172/241">71.4%</abbr> of its health!)</small><br></div><div class="battle-history"><small>The opposing Magneton was burned!</small><br></div><div class="spacer battle-history"><br></div><div class="battle-history"><small>Blastoise restored a little HP using its Leftovers!</small><br></div><div class="battle-history"><small>The opposing Magneton was hurt by its burn!</small><br></div><div class="spacer battle-history"><br></div><h2 class="battle-history">Turn 26</h2><div class="spacer battle-history"><br></div><div class="battle-history">The opposing Magneton used <strong>Flash Cannon</strong>!<br></div><div class="battle-history"><small>It's not very effective...</small><br></div><div class="battle-history"><small>(Blastoise lost <abbr title="−156/362">43.1%</abbr> of its health!)</small><br></div><div class="spacer battle-history"><br></div><div class="battle-history">Blastoise used <strong>Toxic</strong>!<br></div><div class="battle-history"><small>The opposing Magneton avoided the attack!</small><br></div><div class="spacer battle-history"><br></div><div class="battle-history"><small>Blastoise restored a little HP using its Leftovers!</small><br></div><div class="battle-history"><small>The opposing Magneton was hurt by its burn!</small><br></div><div class="spacer battle-history"><br></div><div class="battle-history">The opposing Magneton fainted!<br></div><div class="chat chatmessage-kudakek"><strong style="color:hsl(153,66%,39.39593527434719%)"><small>☆</small><span class="username" data-name="Kudakek">Kudakek</span>:</strong> <em>Gg</em></div><div class="chat chatmessage-kudakek"><strong style="color:hsl(153,66%,39.39593527434719%)"><small>☆</small><span class="username" data-name="Kudakek">Kudakek</span>:</strong> <em>It all eep3nd3d</em></div><div class="chat chatmessage-kudakek"><strong style="color:hsl(153,66%,39.39593527434719%)"><small>☆</small><span class="username" data-name="Kudakek">Kudakek</span>:</strong> <em>On that</em></div><div class="spacer battle-history"><br></div><div class="battle-history">Kudakek sent out <strong>Jellicent</strong>!<br></div><div class="battle-history"><small>Pointed stones dug into the opposing Jellicent!</small><br></div><div class="spacer battle-history"><br></div><h2 class="battle-history">Turn 27</h2><div class="chat chatmessage-kudakek"><strong style="color:hsl(153,66%,39.39593527434719%)"><small>☆</small><span class="username" data-name="Kudakek">Kudakek</span>:</strong> <em>Whetherto tbolt or</em></div><div class="chat chatmessage-kudakek"><strong style="color:hsl(153,66%,39.39593527434719%)"><small>☆</small><span class="username" data-name="Kudakek">Kudakek</span>:</strong> <em>Fc</em></div><div class="spacer battle-history"><br></div><div class="battle-history">Blastoise used <strong>Toxic</strong>!<br></div><div class="battle-history"><small>The opposing Jellicent was badly poisoned!</small><br></div><div class="spacer battle-history"><br></div><div class="battle-history">The opposing Jellicent used <strong>Hex</strong>!<br></div><div class="battle-history"><small>(Blastoise lost <abbr title="−97/362">26.8%</abbr> of its health!)</small><br></div><div class="spacer battle-history"><br></div><div class="battle-history"><small>Blastoise restored a little HP using its Leftovers!</small><br></div><div class="battle-history"><small>The opposing Jellicent restored a little HP using its Leftovers!</small><br></div><div class="battle-history"><small>The opposing Jellicent was hurt by poison!</small><br></div><div class="spacer battle-history"><br></div><h2 class="battle-history">Turn 28</h2><div class="spacer battle-history"><br></div><div class="battle-history"><small>Kudakek forfeited.</small><br></div><div class="spacer battle-history"><br></div><div class="battle-history"><strong>gorex</strong> won the battle!<br></div></div><div class="inner-preempt"></div></div></div>
</div>
<script>
let daily = Math.floor(Date.now()/1000/60/60/24);document.write('<script src="https://play.pokemonshowdown.com/js/replay-embed.js?version'+daily+'"></'+'script>');
</script>
