<!DOCTYPE html>
<meta charset="utf-8" />
<!-- version 1 -->
<title>UU replay: EdoMinato_OP vs. crrrc</title>
<style>
html,body {font-family:Verdana, sans-serif;font-size:10pt;margin:0;padding:0;}body{padding:12px 0;} .battle-log {font-family:Verdana, sans-serif;font-size:10pt;} .battle-log-inline {border:1px solid #AAAAAA;background:#EEF2F5;color:black;max-width:640px;margin:0 auto 80px;padding-bottom:5px;} .battle-log .inner {padding:4px 8px 0px 8px;} .battle-log .inner-preempt {padding:0 8px 4px 8px;} .battle-log .inner-after {margin-top:0.5em;} .battle-log h2 {margin:0.5em -8px;padding:4px 8px;border:1px solid #AAAAAA;background:#E0E7EA;border-left:0;border-right:0;font-family:Verdana, sans-serif;font-size:13pt;} .battle-log .chat {vertical-align:middle;padding:3px 0 3px 0;font-size:8pt;} .battle-log .chat strong {color:#40576A;} .battle-log .chat em {padding:1px 4px 1px 3px;color:#000000;font-style:normal;} .chat.mine {background:rgba(0,0,0,0.05);margin-left:-8px;margin-right:-8px;padding-left:8px;padding-right:8px;} .spoiler {color:#BBBBBB;background:#BBBBBB;padding:0px 3px;} .spoiler:hover, .spoiler:active, .spoiler-shown {color:#000000;background:#E2E2E2;padding:0px 3px;} .spoiler a {color:#BBBBBB;} .spoiler:hover a, .spoiler:active a, .spoiler-shown a {color:#2288CC;} .chat code, .chat .spoiler:hover code, .chat .spoiler:active code, .chat .spoiler-shown code {border:1px solid #C0C0C0;background:#EEEEEE;color:black;padding:0 2px;} .chat .spoiler code {border:1px solid #CCCCCC;background:#CCCCCC;color:#CCCCCC;} .battle-log .rated {padding:3px 4px;} .battle-log .rated strong {color:white;background:#89A;padding:1px 4px;border-radius:4px;} .spacer {margin-top:0.5em;} .message-announce {background:#6688AA;color:white;padding:1px 4px 2px;} .message-announce a, .broadcast-green a, .broadcast-blue a, .broadcast-red a {color:#DDEEFF;} .broadcast-green {background-color:#559955;color:white;padding:2px 4px;} .broadcast-blue {background-color:#6688AA;color:white;padding:2px 4px;} .infobox {border:1px solid #6688AA;padding:2px 4px;} .infobox-limited {max-height:200px;overflow:auto;overflow-x:hidden;} .broadcast-red {background-color:#AA5544;color:white;padding:2px 4px;} .message-learn-canlearn {font-weight:bold;color:#228822;text-decoration:underline;} .message-learn-cannotlearn {font-weight:bold;color:#CC2222;text-decoration:underline;} .message-effect-weak {font-weight:bold;color:#CC2222;} .message-effect-resist {font-weight:bold;color:#6688AA;} .message-effect-immune {font-weight:bold;color:#666666;} .message-learn-list {margin-top:0;margin-bottom:0;} .message-throttle-notice, .message-error {color:#992222;} .message-overflow, .chat small.message-overflow {font-size:0pt;} .message-overflow::before {font-size:9pt;content:'...';} .subtle {color:#3A4A66;}
</style>
<div class="wrapper replay-wrapper" style="max-width:1180px;margin:0 auto">
<input type="hidden" name="replayid" value="uu-549636607" />
<div class="battle"></div><div class="battle-log"></div><div class="replay-controls"></div><div class="replay-controls-2"></div>
<h1 style="font-weight:normal;text-align:center"><strong>UU</strong><br /><a href="http://pokemonshowdown.com/users/edominatoop" class="subtle" target="_blank">EdoMinato_OP</a> vs. <a href="http://pokemonshowdown.com/users/crrrc" class="subtle" target="_blank">crrrc</a></h1>
<script type="text/plain" class="battle-log-data">|j|EdoMinato_OP
|j|crrrc
|player|p1|EdoMinato_OP|163
|player|p2|crrrc|102
|gametype|singles
|gen|6
|tier|UU
|rated
|seed|18209,37123,6273,11627
|rule|Sleep Clause Mod: Limit one foe put to sleep
|rule|Species Clause: Limit one of each Pokémon
|rule|OHKO Clause: OHKO moves are banned
|rule|Moody Clause: Moody is banned
|rule|Evasion Moves Clause: Evasion moves are banned
|rule|Endless Battle Clause: Forcing endless battles is banned
|rule|HP Percentage Mod: HP is shown in percentages
|clearpoke
|poke|p1|Infernape, M|item
|poke|p1|Mamoswine, M|item
|poke|p1|Hoopa|item
|poke|p1|Absol, F|item
|poke|p1|Crobat, F|
|poke|p1|Umbreon, F|item
|poke|p2|Ampharos, F|item
|poke|p2|Cradily, F|item
|poke|p2|Zangoose, M, shiny|item
|poke|p2|Claydol|item
|poke|p2|Ninjask, F|item
|poke|p2|Roserade, F|item
|rule|Swagger Clause: Swagger is banned
|rule|Baton Pass Clause: Limit one Baton Passer, can't pass Spe and other stats simultaneously
|teampreview
|choice|team 2, team 1, team 3, team 4, team 5, team 6|team 2, team 1, team 3, team 4, team 5, team 6
|
|start
|switch|p1a: Mamoswine|Mamoswine, M|361\/361
|switch|p2a: Cradily|Cradily, F|314\/314
|turn|1
|choice|move iciclecrash|move stealthrock
|
|move|p1a: Mamoswine|Icicle Crash|p2a: Cradily
|-supereffective|p2a: Cradily
|-damage|p2a: Cradily|62\/314
|move|p2a: Cradily|Stealth Rock|p1a: Mamoswine
|-sidestart|p1: EdoMinato_OP|move: Stealth Rock
|
|-heal|p2a: Cradily|81\/314|[from] item: Leftovers
|upkeep
|turn|2
|choice|move iciclecrash|switch 4
|
|switch|p2a: Claydol|Claydol|262\/262
|move|p1a: Mamoswine|Icicle Crash|p2a: Claydol|[miss]
|-miss|p1a: Mamoswine|p2a: Claydol
|
|upkeep
|turn|3
|choice|move iciclecrash|move lightscreen
|
|move|p1a: Mamoswine|Icicle Crash|p2a: Claydol|[miss]
|-miss|p1a: Mamoswine|p2a: Claydol
|move|p2a: Claydol|Light Screen|p2a: Claydol
|-sidestart|p2: crrrc|move: Light Screen
|
|upkeep
|turn|4
|choice|move iciclecrash|move calmmind
|
|move|p1a: Mamoswine|Icicle Crash|p2a: Claydol
|-supereffective|p2a: Claydol
|-damage|p2a: Claydol|44\/262
|move|p2a: Claydol|Calm Mind|p2a: Claydol
|-boost|p2a: Claydol|spa|1
|-boost|p2a: Claydol|spd|1
|
|upkeep
|turn|5
|choice|move iciclecrash|move icebeam
|
|move|p1a: Mamoswine|Icicle Crash|p2a: Claydol
|-supereffective|p2a: Claydol
|-damage|p2a: Claydol|0 fnt
|faint|p2a: Claydol
|
|upkeep
|choice||switch 2
|
|switch|p2a: Ampharos|Ampharos, F|322\/322
|turn|6
|choice|move earthquake|move dragonpulse mega
|
|detailschange|p2a: Ampharos|Ampharos-Mega, F
|-mega|p2a: Ampharos|Ampharos|Ampharosite
|-ability|p2a: Ampharos|Mold Breaker
|move|p1a: Mamoswine|Earthquake|p2a: Ampharos
|-supereffective|p2a: Ampharos
|-damage|p2a: Ampharos|0 fnt
|faint|p2a: Ampharos
|
|upkeep
|choice||switch 3
|
|switch|p2a: Zangoose|Zangoose, M, shiny|288\/288
|turn|7
|choice|move endeavor|move closecombat
|
|move|p2a: Zangoose|Close Combat|p1a: Mamoswine
|-supereffective|p1a: Mamoswine
|-enditem|p1a: Mamoswine|Focus Sash
|-damage|p1a: Mamoswine|1\/361
|-unboost|p2a: Zangoose|def|1
|-unboost|p2a: Zangoose|spd|1
|-damage|p2a: Zangoose|260\/288|[from] item: Life Orb
|move|p1a: Mamoswine|Endeavor|p2a: Zangoose
|-damage|p2a: Zangoose|1\/288
|
|-sideend|p2: crrrc|move: Light Screen
|upkeep
|turn|8
|choice|move iceshard|move xscissor
|
|move|p1a: Mamoswine|Ice Shard|p2a: Zangoose
|-damage|p2a: Zangoose|0 fnt
|faint|p2a: Zangoose
|
|upkeep
|choice||switch 5
|
|switch|p2a: Ninjask|Ninjask, F|264\/264
|turn|9
|choice|move iceshard|move xscissor
|
|move|p1a: Mamoswine|Ice Shard|p2a: Ninjask
|-supereffective|p2a: Ninjask
|-crit|p2a: Ninjask
|-enditem|p2a: Ninjask|Focus Sash
|-damage|p2a: Ninjask|1\/264
|move|p2a: Ninjask|X-Scissor|p1a: Mamoswine
|-damage|p1a: Mamoswine|0 fnt
|faint|p1a: Mamoswine
|
|-ability|p2a: Ninjask|Speed Boost|boost
|-boost|p2a: Ninjask|spe|1
|upkeep
|choice|switch 4|
|
|switch|p1a: Absol|Absol, F|271\/271
|-damage|p1a: Absol|238\/271|[from] Stealth Rock
|-ability|p1a: Absol|Pressure
|turn|10
|choice|move suckerpunch mega|move protect
|
|detailschange|p1a: Absol|Absol-Mega, F
|-mega|p1a: Absol|Absol|Absolite
|move|p2a: Ninjask|Protect|p2a: Ninjask
|-singleturn|p2a: Ninjask|Protect
|move|p1a: Absol|Sucker Punch|p2a: Ninjask|[still]
|-fail|p1a: Absol
|
|-ability|p2a: Ninjask|Speed Boost|boost
|-boost|p2a: Ninjask|spe|1
|upkeep
|turn|11
|choice|move suckerpunch|move substitute
|
|move|p1a: Absol|Sucker Punch|p2a: Ninjask|[still]
|-fail|p1a: Absol
|move|p2a: Ninjask|Substitute|p2a: Ninjask
|-fail|p2a: Ninjask|move: Substitute|[weak]
|
|-ability|p2a: Ninjask|Speed Boost|boost
|-boost|p2a: Ninjask|spe|1
|upkeep
|turn|12
|choice|move knockoff|move protect
|
|move|p2a: Ninjask|Protect|p2a: Ninjask
|-singleturn|p2a: Ninjask|Protect
|move|p1a: Absol|Knock Off|p2a: Ninjask
|-activate|p2a: Ninjask|move: Protect
|
|-ability|p2a: Ninjask|Speed Boost|boost
|-boost|p2a: Ninjask|spe|1
|upkeep
|turn|13
|choice|move suckerpunch|move swordsdance
|
|move|p1a: Absol|Sucker Punch|p2a: Ninjask|[still]
|-fail|p1a: Absol
|move|p2a: Ninjask|Swords Dance|p2a: Ninjask
|-boost|p2a: Ninjask|atk|2
|
|-ability|p2a: Ninjask|Speed Boost|boost
|-boost|p2a: Ninjask|spe|1
|upkeep
|turn|14
|choice|move suckerpunch|move xscissor
|
|move|p1a: Absol|Sucker Punch|p2a: Ninjask
|-damage|p2a: Ninjask|0 fnt
|faint|p2a: Ninjask
|
|upkeep
|choice||switch 4
|
|switch|p2a: Cradily|Cradily, F|81\/314
|turn|15
|choice|move knockoff|move recover
|
|move|p1a: Absol|Knock Off|p2a: Cradily
|-damage|p2a: Cradily|0 fnt
|-enditem|p2a: Cradily|Leftovers|[from] move: Knock Off|[of] p1a: Absol
|faint|p2a: Cradily
|
|upkeep
|choice||switch 6
|
|switch|p2a: Roserade|Roserade, F|324\/324
|turn|16
|choice|move knockoff|move leechseed
|
|move|p1a: Absol|Knock Off|p2a: Roserade
|-damage|p2a: Roserade|44\/324
|-enditem|p2a: Roserade|Black Sludge|[from] move: Knock Off|[of] p1a: Absol
|move|p2a: Roserade|Leech Seed|p1a: Absol
|move|p1a: Absol|Leech Seed|p2a: Roserade|[from]Magic Bounce
|-immune|p2a: Roserade|[msg]
|
|upkeep
|turn|17
|-message|crrrc forfeited.
|
|win|EdoMinato_OP
|player|p1
|player|p2
|l|crrrc
|c|☆EdoMinato_OP|gg</script>
</div>
<div class="battle-log battle-log-inline"><div class="inner"><div class="battle-options"></div><div class="inner"><div class="chat"><small>EdoMinato_OP joined.</small></div><div class="chat"><small>crrrc joined.</small></div><div class=""><small>Format:</small> <br><strong>UU</strong></div><div class="rated"><strong>Rated battle</strong></div><div class=""><small><em>Sleep Clause Mod:</em> Limit one foe put to sleep</small></div><div class=""><small><em>Species Clause:</em> Limit one of each Pokémon</small></div><div class=""><small><em>OHKO Clause:</em> OHKO moves are banned</small></div><div class=""><small><em>Moody Clause:</em> Moody is banned</small></div><div class=""><small><em>Evasion Moves Clause:</em> Evasion moves are banned</small></div><div class=""><small><em>Endless Battle Clause:</em> Forcing endless battles is banned</small></div><div class=""><small><em>HP Percentage Mod:</em> HP is shown in percentages</small></div><div class=""><small><em>Swagger Clause:</em> Swagger is banned</small></div><div class=""><small><em>Baton Pass Clause:</em> Limit one Baton Passer, can't pass Spe and other stats simultaneously</small></div><div class="chat battle-history"><strong>EdoMinato_OP's team:</strong> <em style="color:#445566;display:block;">Infernape / Mamoswine / Hoopa / Absol / Crobat / Umbreon</em></div><div class="chat battle-history"><strong>crrrc's team:</strong> <em style="color:#445566;display:block;">Ampharos / Cradily / Zangoose / Claydol / Ninjask / Roserade</em></div><div class="spacer battle-history"><br></div><div class="battle-history">Battle started between EdoMinato_OP and crrrc!<br></div><div class="spacer battle-history"><br></div><div class="battle-history">Go! <strong>Mamoswine</strong>!<br></div><div class="spacer battle-history"><br></div><div class="battle-history">crrrc sent out <strong>Cradily</strong>!<br></div><div class="spacer battle-history"><br></div><h2 class="battle-history">Turn 1</h2><div class="spacer battle-history"><br></div><div class="battle-history">Mamoswine used <strong>Icicle Crash</strong>!<br></div><div class="battle-history"><small>It's super effective!</small><br></div><div class="battle-history"><small>(The opposing Cradily lost <abbr title="−252/314">80.3%</abbr> of its health!)</small><br></div><div class="spacer battle-history"><br></div><div class="battle-history">The opposing Cradily used <strong>Stealth Rock</strong>!<br></div><div class="battle-history"><small>Pointed stones float in the air around your team!</small><br></div><div class="spacer battle-history"><br></div><div class="battle-history"><small>The opposing Cradily restored a little HP using its Leftovers!</small><br></div><div class="spacer battle-history"><br></div><h2 class="battle-history">Turn 2</h2><div class="spacer battle-history"><br></div><div class="battle-history">crrrc withdrew Cradily!<br></div><div class="battle-history">crrrc sent out <strong>Claydol</strong>!<br></div><div class="spacer battle-history"><br></div><div class="battle-history">Mamoswine used <strong>Icicle Crash</strong>!<br></div><div class="battle-history"><small>The opposing Claydol avoided the attack!</small><br></div><div class="spacer battle-history"><br></div><h2 class="battle-history">Turn 3</h2><div class="spacer battle-history"><br></div><div class="battle-history">Mamoswine used <strong>Icicle Crash</strong>!<br></div><div class="battle-history"><small>The opposing Claydol avoided the attack!</small><br></div><div class="spacer battle-history"><br></div><div class="battle-history">The opposing Claydol used <strong>Light Screen</strong>!<br></div><div class="battle-history"><small>Light Screen made the opposing team stronger against special moves!</small><br></div><div class="spacer battle-history"><br></div><h2 class="battle-history">Turn 4</h2><div class="spacer battle-history"><br></div><div class="battle-history">Mamoswine used <strong>Icicle Crash</strong>!<br></div><div class="battle-history"><small>It's super effective!</small><br></div><div class="battle-history"><small>(The opposing Claydol lost <abbr title="−218/262">83.2%</abbr> of its health!)</small><br></div><div class="spacer battle-history"><br></div><div class="battle-history">The opposing Claydol used <strong>Calm Mind</strong>!<br></div><div class="battle-history"><small>The opposing Claydol's Special Attack rose!</small><br></div><div class="battle-history"><small>The opposing Claydol's Special Defense rose!</small><br></div><div class="spacer battle-history"><br></div><h2 class="battle-history">Turn 5</h2><div class="spacer battle-history"><br></div><div class="battle-history">Mamoswine used <strong>Icicle Crash</strong>!<br></div><div class="battle-history"><small>It's super effective!</small><br></div><div class="battle-history"><small>(The opposing Claydol lost <abbr title="−44/262">16.8%</abbr> of its health!)</small><br></div><div class="spacer battle-history"><br></div><div class="battle-history">The opposing Claydol fainted!<br></div><div class="spacer battle-history"><br></div><div class="battle-history">crrrc sent out <strong>Ampharos</strong>!<br></div><div class="spacer battle-history"><br></div><h2 class="battle-history">Turn 6</h2><div class="spacer battle-history"><br></div><div class="battle-history"><small>The opposing Ampharos's Ampharosite is reacting to crrrc's Mega Bracelet!</small><br>The opposing Ampharos has Mega Evolved into Mega Ampharos!<br></div><div class="battle-history"><small>[The opposing Ampharos's Mold Breaker]</small><br><small>The opposing Ampharos breaks the mold!</small><br></div><div class="spacer battle-history"><br></div><div class="battle-history">Mamoswine used <strong>Earthquake</strong>!<br></div><div class="battle-history"><small>It's super effective!</small><br></div><div class="battle-history"><small>(The opposing Ampharos lost <abbr title="−322/322">100%</abbr> of its health!)</small><br></div><div class="spacer battle-history"><br></div><div class="battle-history">The opposing Ampharos fainted!<br></div><div class="spacer battle-history"><br></div><div class="battle-history">crrrc sent out <strong>Zangoose</strong>!<br></div><div class="spacer battle-history"><br></div><h2 class="battle-history">Turn 7</h2><div class="spacer battle-history"><br></div><div class="battle-history">The opposing Zangoose used <strong>Close Combat</strong>!<br></div><div class="battle-history"><small>It's super effective!</small><br></div><div class="battle-history"><small>Mamoswine hung on using its Focus Sash!</small><br></div><div class="battle-history"><small>(Mamoswine lost <abbr title="−360/361">99.7%</abbr> of its health!)</small><br></div><div class="battle-history"><small>The opposing Zangoose's Defense fell!</small><br></div><div class="battle-history"><small>The opposing Zangoose's Special Defense fell!</small><br></div><div class="battle-history"><small>The opposing Zangoose lost some of its HP!</small><br></div><div class="spacer battle-history"><br></div><div class="battle-history">Mamoswine used <strong>Endeavor</strong>!<br></div><div class="battle-history"><small>(The opposing Zangoose lost <abbr title="−259/288">89.9%</abbr> of its health!)</small><br></div><div class="spacer battle-history"><br></div><div class="battle-history"><small>The opposing team's Light Screen wore off!</small><br></div><div class="spacer battle-history"><br></div><h2 class="battle-history">Turn 8</h2><div class="spacer battle-history"><br></div><div class="battle-history">Mamoswine used <strong>Ice Shard</strong>!<br></div><div class="battle-history"><small>(The opposing Zangoose lost <abbr title="−1/288">0.3%</abbr> of its health!)</small><br></div><div class="spacer battle-history"><br></div><div class="battle-history">The opposing Zangoose fainted!<br></div><div class="spacer battle-history"><br></div><div class="battle-history">crrrc sent out <strong>Ninjask</strong>!<br></div><div class="spacer battle-history"><br></div><h2 class="battle-history">Turn 9</h2><div class="spacer battle-history"><br></div><div class="battle-history">Mamoswine used <strong>Ice Shard</strong>!<br></div><div class="battle-history"><small>It's super effective!</small><br></div><div class="battle-history"><small>A critical hit!</small><br></div><div class="battle-history"><small>The opposing Ninjask hung on using its Focus Sash!</small><br></div><div class="battle-history"><small>(The opposing Ninjask lost <abbr title="−263/264">99.6%</abbr> of its health!)</small><br></div><div class="spacer battle-history"><br></div><div class="battle-history">The opposing Ninjask used <strong>X-Scissor</strong>!<br></div><div class="battle-history"><small>(Mamoswine lost <abbr title="−1/361">0.3%</abbr> of its health!)</small><br></div><div class="spacer battle-history"><br></div><div class="battle-history">Mamoswine fainted!<br></div><div class="spacer battle-history"><br></div><div class="battle-history"><small>[The opposing Ninjask's Speed Boost]</small><br></div><div class="battle-history"><small>The opposing Ninjask's Speed rose!</small><br></div><div class="spacer battle-history"><br></div><div class="battle-history">Go! <strong>Absol</strong>!<br></div><div class="battle-history"><small>Pointed stones dug into Absol!</small><br></div><div class="battle-history"><small>[Absol's Pressure]</small><br><small>Absol is exerting its pressure!</small><br></div><div class="spacer battle-history"><br></div><h2 class="battle-history">Turn 10</h2><div class="spacer battle-history"><br></div><div class="battle-history"><small>Absol's Absolite is reacting to EdoMinato_OP's Mega Bracelet!</small><br>Absol has Mega Evolved into Mega Absol!<br></div><div class="spacer battle-history"><br></div><div class="battle-history">The opposing Ninjask used <strong>Protect</strong>!<br></div><div class="battle-history"><small>The opposing Ninjask protected itself!</small><br></div><div class="spacer battle-history"><br></div><div class="battle-history">Absol used <strong>Sucker Punch</strong>!<br></div><div class="battle-history"><small>But it failed!</small><br></div><div class="spacer battle-history"><br></div><div class="battle-history"><small>[The opposing Ninjask's Speed Boost]</small><br></div><div class="battle-history"><small>The opposing Ninjask's Speed rose!</small><br></div><div class="spacer battle-history"><br></div><h2 class="battle-history">Turn 11</h2><div class="spacer battle-history"><br></div><div class="battle-history">Absol used <strong>Sucker Punch</strong>!<br></div><div class="battle-history"><small>But it failed!</small><br></div><div class="spacer battle-history"><br></div><div class="battle-history">The opposing Ninjask used <strong>Substitute</strong>!<br></div><div class="battle-history"><small>But it does not have enough HP left to make a substitute!</small><br></div><div class="spacer battle-history"><br></div><div class="battle-history"><small>[The opposing Ninjask's Speed Boost]</small><br></div><div class="battle-history"><small>The opposing Ninjask's Speed rose!</small><br></div><div class="spacer battle-history"><br></div><h2 class="battle-history">Turn 12</h2><div class="spacer battle-history"><br></div><div class="battle-history">The opposing Ninjask used <strong>Protect</strong>!<br></div><div class="battle-history"><small>The opposing Ninjask protected itself!</small><br></div><div class="spacer battle-history"><br></div><div class="battle-history">Absol used <strong>Knock Off</strong>!<br></div><div class="battle-history"><small>The opposing Ninjask protected itself!</small><br></div><div class="spacer battle-history"><br></div><div class="battle-history"><small>[The opposing Ninjask's Speed Boost]</small><br></div><div class="battle-history"><small>The opposing Ninjask's Speed rose!</small><br></div><div class="spacer battle-history"><br></div><h2 class="battle-history">Turn 13</h2><div class="spacer battle-history"><br></div><div class="battle-history">Absol used <strong>Sucker Punch</strong>!<br></div><div class="battle-history"><small>But it failed!</small><br></div><div class="spacer battle-history"><br></div><div class="battle-history">The opposing Ninjask used <strong>Swords Dance</strong>!<br></div><div class="battle-history"><small>The opposing Ninjask's Attack rose sharply!</small><br></div><div class="spacer battle-history"><br></div><div class="battle-history"><small>[The opposing Ninjask's Speed Boost]</small><br></div><div class="battle-history"><small>The opposing Ninjask's Speed rose!</small><br></div><div class="spacer battle-history"><br></div><h2 class="battle-history">Turn 14</h2><div class="spacer battle-history"><br></div><div class="battle-history">Absol used <strong>Sucker Punch</strong>!<br></div><div class="battle-history"><small>(The opposing Ninjask lost <abbr title="−1/264">0.4%</abbr> of its health!)</small><br></div><div class="spacer battle-history"><br></div><div class="battle-history">The opposing Ninjask fainted!<br></div><div class="spacer battle-history"><br></div><div class="battle-history">crrrc sent out <strong>Cradily</strong>!<br></div><div class="spacer battle-history"><br></div><h2 class="battle-history">Turn 15</h2><div class="spacer battle-history"><br></div><div class="battle-history">Absol used <strong>Knock Off</strong>!<br></div><div class="battle-history"><small>(The opposing Cradily lost <abbr title="−81/314">25.8%</abbr> of its health!)</small><br></div><div class="battle-history"><small>Absol knocked off the opposing Cradily's Leftovers!</small><br></div><div class="spacer battle-history"><br></div><div class="battle-history">The opposing Cradily fainted!<br></div><div class="spacer battle-history"><br></div><div class="battle-history">crrrc sent out <strong>Roserade</strong>!<br></div><div class="spacer battle-history"><br></div><h2 class="battle-history">Turn 16</h2><div class="spacer battle-history"><br></div><div class="battle-history">Absol used <strong>Knock Off</strong>!<br></div><div class="battle-history"><small>(The opposing Roserade lost <abbr title="−280/324">86.4%</abbr> of its health!)</small><br></div><div class="battle-history"><small>Absol knocked off the opposing Roserade's Black Sludge!</small><br></div><div class="spacer battle-history"><br></div><div class="battle-history">The opposing Roserade used <strong>Leech Seed</strong>!<br></div><div class="spacer battle-history"><br></div><div class="battle-history"><small>[Absol's Magic Bounce]</small><br>Absol bounced the Leech Seed back!<br></div><div class="battle-history"><small>It doesn't affect the opposing Roserade...</small><br></div><div class="spacer battle-history"><br></div><h2 class="battle-history">Turn 17</h2><div class="spacer battle-history"><br></div><div class="battle-history"><small>crrrc forfeited.</small><br></div><div class="spacer battle-history"><br></div><div class="battle-history"><strong>EdoMinato_OP</strong> won the battle!<br></div><div class="chat"><small>crrrc left.</small></div><div class="chat chatmessage-edominatoop"><strong style="color:hsl(140,88%,32.1960846462611%)"><small>☆</small><span class="username" data-name="EdoMinato_OP">EdoMinato_OP</span>:</strong> <em>gg</em></div></div><div class="inner-preempt"></div></div></div>
</div>
<script>
let daily = Math.floor(Date.now()/1000/60/60/24);document.write('<script src="https://play.pokemonshowdown.com/js/replay-embed.js?version'+daily+'"></'+'script>');
</script>
