<!DOCTYPE html>
<meta charset="utf-8" />
<!-- version 1 -->
<title>UU replay: Alexandres111 vs. e36747</title>
<style>
html,body {font-family:Verdana, sans-serif;font-size:10pt;margin:0;padding:0;}body{padding:12px 0;} .battle-log {font-family:Verdana, sans-serif;font-size:10pt;} .battle-log-inline {border:1px solid #AAAAAA;background:#EEF2F5;color:black;max-width:640px;margin:0 auto 80px;padding-bottom:5px;} .battle-log .inner {padding:4px 8px 0px 8px;} .battle-log .inner-preempt {padding:0 8px 4px 8px;} .battle-log .inner-after {margin-top:0.5em;} .battle-log h2 {margin:0.5em -8px;padding:4px 8px;border:1px solid #AAAAAA;background:#E0E7EA;border-left:0;border-right:0;font-family:Verdana, sans-serif;font-size:13pt;} .battle-log .chat {vertical-align:middle;padding:3px 0 3px 0;font-size:8pt;} .battle-log .chat strong {color:#40576A;} .battle-log .chat em {padding:1px 4px 1px 3px;color:#000000;font-style:normal;} .chat.mine {background:rgba(0,0,0,0.05);margin-left:-8px;margin-right:-8px;padding-left:8px;padding-right:8px;} .spoiler {color:#BBBBBB;background:#BBBBBB;padding:0px 3px;} .spoiler:hover, .spoiler:active, .spoiler-shown {color:#000000;background:#E2E2E2;padding:0px 3px;} .spoiler a {color:#BBBBBB;} .spoiler:hover a, .spoiler:active a, .spoiler-shown a {color:#2288CC;} .chat code, .chat .spoiler:hover code, .chat .spoiler:active code, .chat .spoiler-shown code {border:1px solid #C0C0C0;background:#EEEEEE;color:black;padding:0 2px;} .chat .spoiler code {border:1px solid #CCCCCC;background:#CCCCCC;color:#CCCCCC;} .battle-log .rated {padding:3px 4px;} .battle-log .rated strong {color:white;background:#89A;padding:1px 4px;border-radius:4px;} .spacer {margin-top:0.5em;} .message-announce {background:#6688AA;color:white;padding:1px 4px 2px;} .message-announce a, .broadcast-green a, .broadcast-blue a, .broadcast-red a {color:#DDEEFF;} .broadcast-green {background-color:#559955;color:white;padding:2px 4px;} .broadcast-blue {background-color:#6688AA;color:white;padding:2px 4px;} .infobox {border:1px solid #6688AA;padding:2px 4px;} .infobox-limited {max-height:200px;overflow:auto;overflow-x:hidden;} .broadcast-red {background-color:#AA5544;color:white;padding:2px 4px;} .message-learn-canlearn {font-weight:bold;color:#228822;text-decoration:underline;} .message-learn-cannotlearn {font-weight:bold;color:#CC2222;text-decoration:underline;} .message-effect-weak {font-weight:bold;color:#CC2222;} .message-effect-resist {font-weight:bold;color:#6688AA;} .message-effect-immune {font-weight:bold;color:#666666;} .message-learn-list {margin-top:0;margin-bottom:0;} .message-throttle-notice, .message-error {color:#992222;} .message-overflow, .chat small.message-overflow {font-size:0pt;} .message-overflow::before {font-size:9pt;content:'...';} .subtle {color:#3A4A66;}
</style>
<div class="wrapper replay-wrapper" style="max-width:1180px;margin:0 auto">
<input type="hidden" name="replayid" value="uu-549538181" />
<div class="battle"></div><div class="battle-log"></div><div class="replay-controls"></div><div class="replay-controls-2"></div>
<h1 style="font-weight:normal;text-align:center"><strong>UU</strong><br /><a href="http://pokemonshowdown.com/users/alexandres111" class="subtle" target="_blank">Alexandres111</a> vs. <a href="http://pokemonshowdown.com/users/e36747" class="subtle" target="_blank">e36747</a></h1>
<script type="text/plain" class="battle-log-data">|j|Alexandres111
|j|e36747
|player|p1|Alexandres111|163
|player|p2|e36747|247
|gametype|singles
|gen|6
|tier|UU
|rated
|seed|59213,47906,50594,56656
|rule|Sleep Clause Mod: Limit one foe put to sleep
|rule|Species Clause: Limit one of each Pokémon
|rule|OHKO Clause: OHKO moves are banned
|rule|Moody Clause: Moody is banned
|rule|Evasion Moves Clause: Evasion moves are banned
|rule|Endless Battle Clause: Forcing endless battles is banned
|rule|HP Percentage Mod: HP is shown in percentages
|clearpoke
|poke|p1|Delphox, F, shiny|item
|poke|p1|Ampharos, F, shiny|item
|poke|p1|Honchkrow, M|item
|poke|p1|Doublade, M, shiny|item
|poke|p1|Feraligatr, M|item
|poke|p1|Rhyperior, M|item
|poke|p2|Vaporeon, M|item
|poke|p2|Rotom-Heat|item
|poke|p2|Beedrill, M|item
|poke|p2|Roserade, M|item
|poke|p2|Conkeldurr, F|item
|poke|p2|Mandibuzz, F|item
|rule|Swagger Clause: Swagger is banned
|rule|Baton Pass Clause: Limit one Baton Passer, can't pass Spe and other stats simultaneously
|teampreview
|choice|team 4, team 2, team 3, team 1, team 5, team 6|team 1, team 2, team 3, team 4, team 5, team 6
|
|start
|switch|p1a: Doublade|Doublade, M, shiny|322\/322
|switch|p2a: Vaporeon|Vaporeon, M|464\/464
|turn|1
|choice|move toxic|move scald
|
|move|p2a: Vaporeon|Scald|p1a: Doublade
|-damage|p1a: Doublade|202\/322
|-status|p1a: Doublade|brn
|move|p1a: Doublade|Toxic|p2a: Vaporeon
|-status|p2a: Vaporeon|tox
|
|-damage|p2a: Vaporeon|435\/464 tox|[from] psn
|-damage|p1a: Doublade|162\/322 brn|[from] brn
|upkeep
|turn|2
|choice|switch 5|move scald
|
|switch|p1a: Feraligatr|Feraligatr, M|311\/311
|move|p2a: Vaporeon|Scald|p1a: Feraligatr
|-resisted|p1a: Feraligatr
|-damage|p1a: Feraligatr|254\/311
|
|-heal|p2a: Vaporeon|464\/464 tox|[from] item: Leftovers
|-damage|p2a: Vaporeon|406\/464 tox|[from] psn
|upkeep
|turn|3
|choice|move superpower|switch 4
|
|switch|p2a: Roserade|Roserade, M|262\/262
|move|p1a: Feraligatr|Superpower|p2a: Roserade
|-resisted|p2a: Roserade
|-damage|p2a: Roserade|195\/262
|-unboost|p1a: Feraligatr|atk|1
|-unboost|p1a: Feraligatr|def|1
|
|upkeep
|turn|4
|choice|switch 4|move leafstorm
|
|switch|p1a: Delphox|Delphox, F, shiny|291\/291
|move|p2a: Roserade|Leaf Storm|p1a: Delphox
|-resisted|p1a: Delphox
|-damage|p1a: Delphox|153\/291
|-unboost|p2a: Roserade|spa|2
|-damage|p2a: Roserade|169\/262|[from] item: Life Orb
|
|upkeep
|turn|5
|choice|move calmmind|switch 4
|
|switch|p2a: Vaporeon|Vaporeon, M|406\/464 tox
|move|p1a: Delphox|Calm Mind|p1a: Delphox
|-boost|p1a: Delphox|spa|1
|-boost|p1a: Delphox|spd|1
|
|-heal|p2a: Vaporeon|435\/464 tox|[from] item: Leftovers
|-damage|p2a: Vaporeon|406\/464 tox|[from] psn
|upkeep
|turn|6
|choice|switch 4|move scald
|
|switch|p1a: Feraligatr|Feraligatr, M|254\/311
|move|p2a: Vaporeon|Scald|p1a: Feraligatr
|-resisted|p1a: Feraligatr
|-damage|p1a: Feraligatr|202\/311
|-status|p1a: Feraligatr|brn
|
|-heal|p2a: Vaporeon|435\/464 tox|[from] item: Leftovers
|-damage|p1a: Feraligatr|164\/311 brn|[from] brn
|-damage|p2a: Vaporeon|377\/464 tox|[from] psn
|upkeep
|turn|7
|choice|switch 2|switch 6
|
|switch|p1a: Ampharos|Ampharos, F, shiny|321\/321
|switch|p2a: Mandibuzz|Mandibuzz, F|424\/424
|
|upkeep
|turn|8
|choice|move thunderbolt mega|move uturn
|
|detailschange|p1a: Ampharos|Ampharos-Mega, F, shiny
|-mega|p1a: Ampharos|Ampharos|Ampharosite
|-ability|p1a: Ampharos|Mold Breaker
|move|p2a: Mandibuzz|U-turn|p1a: Ampharos
|-damage|p1a: Ampharos|293\/321
|choice||switch 4
|
|switch|p2a: Roserade|Roserade, M|169\/262
|move|p1a: Ampharos|Thunderbolt|p2a: Roserade
|-resisted|p2a: Roserade
|-damage|p2a: Roserade|83\/262
|
|upkeep
|turn|9
|choice|move dragonpulse|move hiddenpower
|
|move|p2a: Roserade|Hidden Power|p1a: Ampharos
|-supereffective|p1a: Ampharos
|-damage|p1a: Ampharos|56\/321
|-damage|p2a: Roserade|57\/262|[from] item: Life Orb
|move|p1a: Ampharos|Dragon Pulse|p2a: Roserade
|-damage|p2a: Roserade|0 fnt
|faint|p2a: Roserade
|
|upkeep
|choice||switch 3
|
|switch|p2a: Beedrill|Beedrill, M|272\/272
|turn|10
|choice|switch 3|move uturn mega
|
|switch|p1a: Honchkrow|Honchkrow, M|342\/342
|detailschange|p2a: Beedrill|Beedrill-Mega, M
|-mega|p2a: Beedrill|Beedrill|Beedrillite
|move|p2a: Beedrill|U-turn|p1a: Honchkrow
|-damage|p1a: Honchkrow|48\/342
|choice||switch 2
|
|switch|p2a: Rotom|Rotom-Heat|242\/242
|
|upkeep
|turn|11
|choice|move roost|move willowisp
|
|move|p2a: Rotom|Will-O-Wisp|p1a: Honchkrow
|-status|p1a: Honchkrow|brn
|move|p1a: Honchkrow|Roost|p1a: Honchkrow
|-heal|p1a: Honchkrow|219\/342 brn
|
|-damage|p1a: Honchkrow|177\/342 brn|[from] brn
|upkeep
|turn|12
|choice|switch 6|switch 4
|
|switch|p2a: Mandibuzz|Mandibuzz, F|424\/424
|switch|p1a: Rhyperior|Rhyperior, M|372\/372
|
|upkeep
|turn|13
|choice|move stoneedge|move foulplay
|
|move|p2a: Mandibuzz|Foul Play|p1a: Rhyperior
|-damage|p1a: Rhyperior|219\/372
|move|p1a: Rhyperior|Stone Edge|p2a: Mandibuzz|[miss]
|-miss|p1a: Rhyperior|p2a: Mandibuzz
|
|upkeep
|turn|14
|choice|move stoneedge|move uturn
|
|move|p2a: Mandibuzz|U-turn|p1a: Rhyperior
|-damage|p1a: Rhyperior|189\/372
|choice||switch 5
|
|switch|p2a: Conkeldurr|Conkeldurr, F|414\/414
|move|p1a: Rhyperior|Stone Edge|p2a: Conkeldurr
|-resisted|p2a: Conkeldurr
|-damage|p2a: Conkeldurr|305\/414
|
|upkeep
|turn|15
|choice|move earthquake|move drainpunch
|
|move|p2a: Conkeldurr|Drain Punch|p1a: Rhyperior
|-supereffective|p1a: Rhyperior
|-damage|p1a: Rhyperior|3\/372
|-heal|p2a: Conkeldurr|398\/414|[from] drain|[of] p1a: Rhyperior
|move|p1a: Rhyperior|Earthquake|p2a: Conkeldurr
|-damage|p2a: Conkeldurr|176\/414
|
|upkeep
|turn|16
|choice|switch 4|move drainpunch
|
|switch|p1a: Delphox|Delphox, F, shiny|153\/291
|move|p2a: Conkeldurr|Drain Punch|p1a: Delphox
|-resisted|p1a: Delphox
|-damage|p1a: Delphox|45\/291
|-heal|p2a: Conkeldurr|230\/414|[from] drain|[of] p1a: Delphox
|
|upkeep
|turn|17
|choice|move dazzlinggleam|move machpunch
|
|move|p2a: Conkeldurr|Mach Punch|p1a: Delphox
|-resisted|p1a: Delphox
|-damage|p1a: Delphox|0 fnt
|faint|p1a: Delphox
|
|upkeep
|choice|switch 6|
|
|switch|p1a: Honchkrow|Honchkrow, M|177\/342 brn
|turn|18
|choice|move drillpeck|move drainpunch
|
|move|p1a: Honchkrow|Drill Peck|p2a: Conkeldurr
|-supereffective|p2a: Conkeldurr
|-damage|p2a: Conkeldurr|83\/414
|move|p2a: Conkeldurr|Drain Punch|p1a: Honchkrow
|-damage|p1a: Honchkrow|0 fnt
|-heal|p2a: Conkeldurr|172\/414|[from] drain|[of] p1a: Honchkrow
|faint|p1a: Honchkrow
|
|upkeep
|choice|switch 3|
|
|switch|p1a: Ampharos|Ampharos-Mega, F, shiny|56\/321
|-ability|p1a: Ampharos|Mold Breaker
|turn|19
|choice|move thunderbolt|move machpunch
|
|move|p2a: Conkeldurr|Mach Punch|p1a: Ampharos
|-damage|p1a: Ampharos|0 fnt
|faint|p1a: Ampharos
|
|upkeep
|c|☆e36747|broken
|choice|switch 5|
|
|switch|p1a: Doublade|Doublade, M, shiny|162\/322 brn
|turn|20
|choice|move shadowclaw|move knockoff
|
|move|p2a: Conkeldurr|Knock Off|p1a: Doublade
|-supereffective|p1a: Doublade
|-damage|p1a: Doublade|24\/322 brn
|-enditem|p1a: Doublade|Eviolite|[from] move: Knock Off|[of] p2a: Conkeldurr
|move|p1a: Doublade|Shadow Claw|p2a: Conkeldurr
|-damage|p2a: Conkeldurr|112\/414
|
|-damage|p1a: Doublade|0 fnt|[from] brn
|upkeep
|faint|p1a: Doublade
|choice|switch 2|
|
|switch|p1a: Feraligatr|Feraligatr, M|164\/311 brn
|turn|21
|choice|move waterfall|switch 5
|
|switch|p2a: Mandibuzz|Mandibuzz, F|424\/424
|move|p1a: Feraligatr|Waterfall|p2a: Mandibuzz
|-damage|p2a: Mandibuzz|380\/424
|
|-heal|p2a: Mandibuzz|406\/424|[from] item: Leftovers
|-damage|p1a: Feraligatr|126\/311 brn|[from] brn
|upkeep
|-enditem|p1a: Feraligatr|Sitrus Berry|[eat]
|-heal|p1a: Feraligatr|203\/311 brn|[from] item: Sitrus Berry
|turn|22
|-message|Alexandres111 forfeited.
|
|win|e36747
|player|p1
|player|p2
|l|Alexandres111
|raw|Alexandres111's rating: 1022 &rarr; <strong>1008<\/strong><br \/>(-14 for losing)
|raw|e36747's rating: 1000 &rarr; <strong>1043<\/strong><br \/>(+43 for winning)</script>
</div>
<div class="battle-log battle-log-inline"><div class="inner"><div class="battle-options"></div><div class="inner"><div class="chat"><small>Alexandres111 joined.</small></div><div class="chat"><small>e36747 joined.</small></div><div class=""><small>Format:</small> <br><strong>UU</strong></div><div class="rated"><strong>Rated battle</strong></div><div class=""><small><em>Sleep Clause Mod:</em> Limit one foe put to sleep</small></div><div class=""><small><em>Species Clause:</em> Limit one of each Pokémon</small></div><div class=""><small><em>OHKO Clause:</em> OHKO moves are banned</small></div><div class=""><small><em>Moody Clause:</em> Moody is banned</small></div><div class=""><small><em>Evasion Moves Clause:</em> Evasion moves are banned</small></div><div class=""><small><em>Endless Battle Clause:</em> Forcing endless battles is banned</small></div><div class=""><small><em>HP Percentage Mod:</em> HP is shown in percentages</small></div><div class=""><small><em>Swagger Clause:</em> Swagger is banned</small></div><div class=""><small><em>Baton Pass Clause:</em> Limit one Baton Passer, can't pass Spe and other stats simultaneously</small></div><div class="chat battle-history"><strong>Alexandres111's team:</strong> <em style="color:#445566;display:block;">Delphox / Ampharos / Honchkrow / Doublade / Feraligatr / Rhyperior</em></div><div class="chat battle-history"><strong>e36747's team:</strong> <em style="color:#445566;display:block;">Vaporeon / Rotom-Heat / Beedrill / Roserade / Conkeldurr / Mandibuzz</em></div><div class="spacer battle-history"><br></div><div class="battle-history">Battle started between Alexandres111 and e36747!<br></div><div class="spacer battle-history"><br></div><div class="battle-history">Go! <strong>Doublade</strong>!<br></div><div class="spacer battle-history"><br></div><div class="battle-history">e36747 sent out <strong>Vaporeon</strong>!<br></div><div class="spacer battle-history"><br></div><h2 class="battle-history">Turn 1</h2><div class="spacer battle-history"><br></div><div class="battle-history">The opposing Vaporeon used <strong>Scald</strong>!<br></div><div class="battle-history"><small>(Doublade lost <abbr title="−120/322">37.3%</abbr> of its health!)</small><br></div><div class="battle-history"><small>Doublade was burned!</small><br></div><div class="spacer battle-history"><br></div><div class="battle-history">Doublade used <strong>Toxic</strong>!<br></div><div class="battle-history"><small>The opposing Vaporeon was badly poisoned!</small><br></div><div class="spacer battle-history"><br></div><div class="battle-history"><small>The opposing Vaporeon was hurt by poison!</small><br></div><div class="battle-history"><small>Doublade was hurt by its burn!</small><br></div><div class="spacer battle-history"><br></div><h2 class="battle-history">Turn 2</h2><div class="spacer battle-history"><br></div><div class="battle-history">Doublade, come back!<br></div><div class="battle-history">Go! <strong>Feraligatr</strong>!<br></div><div class="spacer battle-history"><br></div><div class="battle-history">The opposing Vaporeon used <strong>Scald</strong>!<br></div><div class="battle-history"><small>It's not very effective...</small><br></div><div class="battle-history"><small>(Feraligatr lost <abbr title="−57/311">18.3%</abbr> of its health!)</small><br></div><div class="spacer battle-history"><br></div><div class="battle-history"><small>The opposing Vaporeon restored a little HP using its Leftovers!</small><br></div><div class="battle-history"><small>The opposing Vaporeon was hurt by poison!</small><br></div><div class="spacer battle-history"><br></div><h2 class="battle-history">Turn 3</h2><div class="spacer battle-history"><br></div><div class="battle-history">e36747 withdrew Vaporeon!<br></div><div class="battle-history">e36747 sent out <strong>Roserade</strong>!<br></div><div class="spacer battle-history"><br></div><div class="battle-history">Feraligatr used <strong>Superpower</strong>!<br></div><div class="battle-history"><small>It's not very effective...</small><br></div><div class="battle-history"><small>(The opposing Roserade lost <abbr title="−67/262">25.6%</abbr> of its health!)</small><br></div><div class="battle-history"><small>Feraligatr's Attack fell!</small><br></div><div class="battle-history"><small>Feraligatr's Defense fell!</small><br></div><div class="spacer battle-history"><br></div><h2 class="battle-history">Turn 4</h2><div class="spacer battle-history"><br></div><div class="battle-history">Feraligatr, come back!<br></div><div class="battle-history">Go! <strong>Delphox</strong>!<br></div><div class="spacer battle-history"><br></div><div class="battle-history">The opposing Roserade used <strong>Leaf Storm</strong>!<br></div><div class="battle-history"><small>It's not very effective...</small><br></div><div class="battle-history"><small>(Delphox lost <abbr title="−138/291">47.4%</abbr> of its health!)</small><br></div><div class="battle-history"><small>The opposing Roserade's Special Attack fell harshly!</small><br></div><div class="battle-history"><small>The opposing Roserade lost some of its HP!</small><br></div><div class="spacer battle-history"><br></div><h2 class="battle-history">Turn 5</h2><div class="spacer battle-history"><br></div><div class="battle-history">e36747 withdrew Roserade!<br></div><div class="battle-history">e36747 sent out <strong>Vaporeon</strong>!<br></div><div class="spacer battle-history"><br></div><div class="battle-history">Delphox used <strong>Calm Mind</strong>!<br></div><div class="battle-history"><small>Delphox's Special Attack rose!</small><br></div><div class="battle-history"><small>Delphox's Special Defense rose!</small><br></div><div class="spacer battle-history"><br></div><div class="battle-history"><small>The opposing Vaporeon restored a little HP using its Leftovers!</small><br></div><div class="battle-history"><small>The opposing Vaporeon was hurt by poison!</small><br></div><div class="spacer battle-history"><br></div><h2 class="battle-history">Turn 6</h2><div class="spacer battle-history"><br></div><div class="battle-history">Delphox, come back!<br></div><div class="battle-history">Go! <strong>Feraligatr</strong>!<br></div><div class="spacer battle-history"><br></div><div class="battle-history">The opposing Vaporeon used <strong>Scald</strong>!<br></div><div class="battle-history"><small>It's not very effective...</small><br></div><div class="battle-history"><small>(Feraligatr lost <abbr title="−52/311">16.7%</abbr> of its health!)</small><br></div><div class="battle-history"><small>Feraligatr was burned!</small><br></div><div class="spacer battle-history"><br></div><div class="battle-history"><small>The opposing Vaporeon restored a little HP using its Leftovers!</small><br></div><div class="battle-history"><small>Feraligatr was hurt by its burn!</small><br></div><div class="battle-history"><small>The opposing Vaporeon was hurt by poison!</small><br></div><div class="spacer battle-history"><br></div><h2 class="battle-history">Turn 7</h2><div class="spacer battle-history"><br></div><div class="battle-history">Feraligatr, come back!<br></div><div class="battle-history">Go! <strong>Ampharos</strong>!<br></div><div class="spacer battle-history"><br></div><div class="battle-history">e36747 withdrew Vaporeon!<br></div><div class="battle-history">e36747 sent out <strong>Mandibuzz</strong>!<br></div><div class="spacer battle-history"><br></div><h2 class="battle-history">Turn 8</h2><div class="spacer battle-history"><br></div><div class="battle-history"><small>Ampharos's Ampharosite is reacting to Alexandres111's Mega Bracelet!</small><br>Ampharos has Mega Evolved into Mega Ampharos!<br></div><div class="battle-history"><small>[Ampharos's Mold Breaker]</small><br><small>Ampharos breaks the mold!</small><br></div><div class="spacer battle-history"><br></div><div class="battle-history">The opposing Mandibuzz used <strong>U-turn</strong>!<br></div><div class="battle-history"><small>(Ampharos lost <abbr title="−28/321">8.7%</abbr> of its health!)</small><br></div><div class="spacer battle-history"><br></div><div class="battle-history">The opposing Mandibuzz went back to e36747!<br></div><div class="battle-history">e36747 sent out <strong>Roserade</strong>!<br></div><div class="spacer battle-history"><br></div><div class="battle-history">Ampharos used <strong>Thunderbolt</strong>!<br></div><div class="battle-history"><small>It's not very effective...</small><br></div><div class="battle-history"><small>(The opposing Roserade lost <abbr title="−86/262">32.8%</abbr> of its health!)</small><br></div><div class="spacer battle-history"><br></div><h2 class="battle-history">Turn 9</h2><div class="spacer battle-history"><br></div><div class="battle-history">The opposing Roserade used <strong>Hidden Power</strong>!<br></div><div class="battle-history"><small>It's super effective!</small><br></div><div class="battle-history"><small>(Ampharos lost <abbr title="−237/321">73.8%</abbr> of its health!)</small><br></div><div class="battle-history"><small>The opposing Roserade lost some of its HP!</small><br></div><div class="spacer battle-history"><br></div><div class="battle-history">Ampharos used <strong>Dragon Pulse</strong>!<br></div><div class="battle-history"><small>(The opposing Roserade lost <abbr title="−57/262">21.8%</abbr> of its health!)</small><br></div><div class="spacer battle-history"><br></div><div class="battle-history">The opposing Roserade fainted!<br></div><div class="spacer battle-history"><br></div><div class="battle-history">e36747 sent out <strong>Beedrill</strong>!<br></div><div class="spacer battle-history"><br></div><h2 class="battle-history">Turn 10</h2><div class="spacer battle-history"><br></div><div class="battle-history">Ampharos, come back!<br></div><div class="battle-history">Go! <strong>Honchkrow</strong>!<br></div><div class="spacer battle-history"><br></div><div class="battle-history"><small>The opposing Beedrill's Beedrillite is reacting to e36747's Mega Bracelet!</small><br>The opposing Beedrill has Mega Evolved into Mega Beedrill!<br></div><div class="spacer battle-history"><br></div><div class="battle-history">The opposing Beedrill used <strong>U-turn</strong>!<br></div><div class="battle-history"><small>(Honchkrow lost <abbr title="−294/342">86.0%</abbr> of its health!)</small><br></div><div class="spacer battle-history"><br></div><div class="battle-history">The opposing Beedrill went back to e36747!<br></div><div class="battle-history">e36747 sent out Rotom (<strong>Rotom-Heat</strong>)!<br></div><div class="spacer battle-history"><br></div><h2 class="battle-history">Turn 11</h2><div class="spacer battle-history"><br></div><div class="battle-history">The opposing Rotom used <strong>Will-O-Wisp</strong>!<br></div><div class="battle-history"><small>Honchkrow was burned!</small><br></div><div class="spacer battle-history"><br></div><div class="battle-history">Honchkrow used <strong>Roost</strong>!<br></div><div class="battle-history"><small>Honchkrow restored its HP.</small><br></div><div class="spacer battle-history"><br></div><div class="battle-history"><small>Honchkrow was hurt by its burn!</small><br></div><div class="spacer battle-history"><br></div><h2 class="battle-history">Turn 12</h2><div class="spacer battle-history"><br></div><div class="battle-history">e36747 withdrew Rotom!<br></div><div class="battle-history">e36747 sent out <strong>Mandibuzz</strong>!<br></div><div class="spacer battle-history"><br></div><div class="battle-history">Honchkrow, come back!<br></div><div class="battle-history">Go! <strong>Rhyperior</strong>!<br></div><div class="spacer battle-history"><br></div><h2 class="battle-history">Turn 13</h2><div class="spacer battle-history"><br></div><div class="battle-history">The opposing Mandibuzz used <strong>Foul Play</strong>!<br></div><div class="battle-history"><small>(Rhyperior lost <abbr title="−153/372">41.1%</abbr> of its health!)</small><br></div><div class="spacer battle-history"><br></div><div class="battle-history">Rhyperior used <strong>Stone Edge</strong>!<br></div><div class="battle-history"><small>The opposing Mandibuzz avoided the attack!</small><br></div><div class="spacer battle-history"><br></div><h2 class="battle-history">Turn 14</h2><div class="spacer battle-history"><br></div><div class="battle-history">The opposing Mandibuzz used <strong>U-turn</strong>!<br></div><div class="battle-history"><small>(Rhyperior lost <abbr title="−30/372">8.1%</abbr> of its health!)</small><br></div><div class="spacer battle-history"><br></div><div class="battle-history">The opposing Mandibuzz went back to e36747!<br></div><div class="battle-history">e36747 sent out <strong>Conkeldurr</strong>!<br></div><div class="spacer battle-history"><br></div><div class="battle-history">Rhyperior used <strong>Stone Edge</strong>!<br></div><div class="battle-history"><small>It's not very effective...</small><br></div><div class="battle-history"><small>(The opposing Conkeldurr lost <abbr title="−109/414">26.3%</abbr> of its health!)</small><br></div><div class="spacer battle-history"><br></div><h2 class="battle-history">Turn 15</h2><div class="spacer battle-history"><br></div><div class="battle-history">The opposing Conkeldurr used <strong>Drain Punch</strong>!<br></div><div class="battle-history"><small>It's super effective!</small><br></div><div class="battle-history"><small>(Rhyperior lost <abbr title="−186/372">50%</abbr> of its health!)</small><br></div><div class="battle-history"><small>Rhyperior had its energy drained!</small><br></div><div class="spacer battle-history"><br></div><div class="battle-history">Rhyperior used <strong>Earthquake</strong>!<br></div><div class="battle-history"><small>(The opposing Conkeldurr lost <abbr title="−222/414">53.6%</abbr> of its health!)</small><br></div><div class="spacer battle-history"><br></div><h2 class="battle-history">Turn 16</h2><div class="spacer battle-history"><br></div><div class="battle-history">Rhyperior, come back!<br></div><div class="battle-history">Go! <strong>Delphox</strong>!<br></div><div class="spacer battle-history"><br></div><div class="battle-history">The opposing Conkeldurr used <strong>Drain Punch</strong>!<br></div><div class="battle-history"><small>It's not very effective...</small><br></div><div class="battle-history"><small>(Delphox lost <abbr title="−108/291">37.1%</abbr> of its health!)</small><br></div><div class="battle-history"><small>Delphox had its energy drained!</small><br></div><div class="spacer battle-history"><br></div><h2 class="battle-history">Turn 17</h2><div class="spacer battle-history"><br></div><div class="battle-history">The opposing Conkeldurr used <strong>Mach Punch</strong>!<br></div><div class="battle-history"><small>It's not very effective...</small><br></div><div class="battle-history"><small>(Delphox lost <abbr title="−45/291">15.5%</abbr> of its health!)</small><br></div><div class="spacer battle-history"><br></div><div class="battle-history">Delphox fainted!<br></div><div class="spacer battle-history"><br></div><div class="battle-history">Go! <strong>Honchkrow</strong>!<br></div><div class="spacer battle-history"><br></div><h2 class="battle-history">Turn 18</h2><div class="spacer battle-history"><br></div><div class="battle-history">Honchkrow used <strong>Drill Peck</strong>!<br></div><div class="battle-history"><small>It's super effective!</small><br></div><div class="battle-history"><small>(The opposing Conkeldurr lost <abbr title="−147/414">35.5%</abbr> of its health!)</small><br></div><div class="spacer battle-history"><br></div><div class="battle-history">The opposing Conkeldurr used <strong>Drain Punch</strong>!<br></div><div class="battle-history"><small>(Honchkrow lost <abbr title="−177/342">51.8%</abbr> of its health!)</small><br></div><div class="battle-history"><small>Honchkrow had its energy drained!</small><br></div><div class="spacer battle-history"><br></div><div class="battle-history">Honchkrow fainted!<br></div><div class="spacer battle-history"><br></div><div class="battle-history">Go! Ampharos (<strong>Ampharos-Mega</strong>)!<br></div><div class="battle-history"><small>[Ampharos's Mold Breaker]</small><br><small>Ampharos breaks the mold!</small><br></div><div class="spacer battle-history"><br></div><h2 class="battle-history">Turn 19</h2><div class="spacer battle-history"><br></div><div class="battle-history">The opposing Conkeldurr used <strong>Mach Punch</strong>!<br></div><div class="battle-history"><small>(Ampharos lost <abbr title="−56/321">17.4%</abbr> of its health!)</small><br></div><div class="spacer battle-history"><br></div><div class="battle-history">Ampharos fainted!<br></div><div class="chat chatmessage-e36747"><strong style="color:hsl(157,41%,40%)"><small>☆</small><span class="username" data-name="e36747">e36747</span>:</strong> <em>broken</em></div><div class="spacer battle-history"><br></div><div class="battle-history">Go! <strong>Doublade</strong>!<br></div><div class="spacer battle-history"><br></div><h2 class="battle-history">Turn 20</h2><div class="spacer battle-history"><br></div><div class="battle-history">The opposing Conkeldurr used <strong>Knock Off</strong>!<br></div><div class="battle-history"><small>It's super effective!</small><br></div><div class="battle-history"><small>(Doublade lost <abbr title="−138/322">42.9%</abbr> of its health!)</small><br></div><div class="battle-history"><small>The opposing Conkeldurr knocked off Doublade's Eviolite!</small><br></div><div class="spacer battle-history"><br></div><div class="battle-history">Doublade used <strong>Shadow Claw</strong>!<br></div><div class="battle-history"><small>(The opposing Conkeldurr lost <abbr title="−60/414">14.5%</abbr> of its health!)</small><br></div><div class="spacer battle-history"><br></div><div class="battle-history"><small>Doublade was hurt by its burn!</small><br></div><div class="spacer battle-history"><br></div><div class="battle-history">Doublade fainted!<br></div><div class="spacer battle-history"><br></div><div class="battle-history">Go! <strong>Feraligatr</strong>!<br></div><div class="spacer battle-history"><br></div><h2 class="battle-history">Turn 21</h2><div class="spacer battle-history"><br></div><div class="battle-history">e36747 withdrew Conkeldurr!<br></div><div class="battle-history">e36747 sent out <strong>Mandibuzz</strong>!<br></div><div class="spacer battle-history"><br></div><div class="battle-history">Feraligatr used <strong>Waterfall</strong>!<br></div><div class="battle-history"><small>(The opposing Mandibuzz lost <abbr title="−44/424">10.4%</abbr> of its health!)</small><br></div><div class="spacer battle-history"><br></div><div class="battle-history"><small>The opposing Mandibuzz restored a little HP using its Leftovers!</small><br></div><div class="battle-history"><small>Feraligatr was hurt by its burn!</small><br></div><div class="spacer battle-history"><br></div><div class="battle-history"><small>Feraligatr ate its Sitrus Berry!</small><br></div><div class="battle-history"><small>Feraligatr restored HP using its Sitrus Berry!</small><br></div><div class="spacer battle-history"><br></div><h2 class="battle-history">Turn 22</h2><div class="spacer battle-history"><br></div><div class="battle-history"><small>Alexandres111 forfeited.</small><br></div><div class="spacer battle-history"><br></div><div class="battle-history"><strong>e36747</strong> won the battle!<br></div><div class="chat"><small>Alexandres111 left.</small></div><div class="chat">Alexandres111's rating: 1022 → <strong>1008</strong><br>(-14 for losing)</div><div class="chat">e36747's rating: 1000 → <strong>1043</strong><br>(+43 for winning)</div></div><div class="inner-preempt"></div></div></div>
</div>
<script>
let daily = Math.floor(Date.now()/1000/60/60/24);document.write('<script src="https://play.pokemonshowdown.com/js/replay-embed.js?version'+daily+'"></'+'script>');
</script>
